symbol,tx_server_time,tx_local_time,index_price,fx_rate,sentiment,price,iopv,premium_rate,tick_vol,tick_amt,tick_vwap,bp1,bv1,bp2,bv2,bp3,bv3,bp4,bv4,bp5,bv5,sp1,sv1,sp2,sv2,sp3,sv3,sp4,sv4,sp5,sv5,idx_delay_ms,fut_delay_ms,data_flags
sh513130,09:32:44,1766021565143,5381.98,0.9048,7.7398,0.706,0.7056,0.0567,0,0,0.706,0.705,115898800,0.704,80261700,0.703,56235000,0.702,34242300,0.701,35238600,0.706,17546400,0.707,62492400,0.708,68141300,0.709,46074600,0.71,29152700,706,100,1
sh513130,09:32:47,1766021569125,5380.98,0.9048,5.8504,0.706,0.7057,0.0425,3141400,2217581,0.7059,0.705,109472700,0.704,80789200,0.703,56555000,0.702,41605900,0.701,35246400,0.706,43006300,0.707,62506300,0.708,49099400,0.709,46075600,0.71,29152700,685,100,0
sh513130,09:32:50,1766021571118,5379.09,0.9048,7.1007,0.706,0.7057,0.0425,1719000,1212849,0.7056,0.705,100353200,0.704,90260500,0.703,56816200,0.702,41772600,0.701,35269400,0.706,60361500,0.707,62637700,0.708,49352800,0.709,27395100,0.71,29152700,696,100,0
sh513130,09:32:53,1766021576111,5378.19,0.9048,4.8678,0.706,0.7056,0.0567,670900,473199,0.7053,0.705,100025900,0.704,90262500,0.703,56870800,0.702,41962800,0.701,35295500,0.706,62859600,0.707,64434700,0.708,49352800,0.709,25838400,0.71,29382500,1573,100,0
sh513130,09:32:56,1766021577104,5378.73,0.9048,4.2563,0.706,0.7056,0.0567,1321400,932790,0.7059,0.705,109057000,0.704,77111100,0.703,56946100,0.702,42078800,0.701,35372400,0.706,42029200,0.707,62588800,0.708,49436200,0.709,45221900,0.71,29472500,567,100,0
sh513130,09:32:59,1766021581083,5379.09,0.9048,4.1521,0.706,0.7056,0.0567,119400,84296,0.706,0.705,101480100,0.704,86716800,0.703,73305100,0.702,42094000,0.701,35416900,0.706,44717900,0.707,62624300,0.708,49214600,0.709,45231900,0.71,29472500,400,100,0
sh513130,09:33:02,1766021584086,5379.53,0.9048,3.197,0.705,0.7056,-0.085,1007100,710741,0.7057,0.705,109878800,0.704,82898100,0.703,75309100,0.702,42147000,0.701,35327100,0.706,59549600,0.707,65046600,0.708,50947600,0.709,30324500,0.71,29499700,1237,100,0
sh513130,09:33:05,1766021587099,5378.11,0.9048,3.9545,0.706,0.7056,0.0567,1137100,802199,0.7055,0.705,101481800,0.704,92268500,0.703,75587200,0.702,42149200,0.701,35347500,0.706,64266500,0.707,65046600,0.708,50876300,0.709,25690800,0.71,29470700,635,100,0
sh513130,09:33:08,1766021590094,5376.88,0.9048,4.4805,0.705,0.7056,-0.085,5001700,3526829,0.7051,0.705,91717300,0.704,93184000,0.703,76053600,0.702,49434200,0.701,35406800,0.706,67790200,0.707,65185000,0.708,49868000,0.709,25690800,0.71,29470700,744,100,0
sh513130,09:33:11,1766021593100,5375.14,0.9048,6.3771,0.706,0.7056,0.0567,30312100,21370309,0.705,0.705,57954800,0.704,96842100,0.703,76517600,0.702,49471700,0.701,35421800,0.706,64176200,0.707,64065000,0.708,43996400,0.709,25690800,0.71,29369600,632,100,0
sh513130,09:33:14,1766021596098,5376.49,0.9048,6.0282,0.706,0.7056,0.0567,1013700,714671,0.705,0.705,76130600,0.704,89455600,0.703,76537600,0.702,42564800,0.701,35501100,0.706,71679200,0.707,65411600,0.708,44969800,0.709,25671600,0.71,29304000,160,100,0
sh513130,09:33:17,1766021599091,5377.46,0.9048,4.8521,0.706,0.7056,0.0567,1297000,914573,0.7051,0.705,75628600,0.704,89733200,0.703,77026700,0.702,42784400,0.701,35515400,0.706,72586700,0.707,65278400,0.708,44959800,0.709,25671600,0.71,29162600,666,100,0
sh513130,09:33:20,1766021602095,5376.46,0.9048,3.2188,0.705,0.7056,-0.085,1058400,746374,0.7052,0.705,68282900,0.704,98212000,0.703,77292500,0.702,42846400,0.701,35580800,0.706,74200600,0.707,65280000,0.708,44944800,0.709,25732000,0.71,29162600,1630,100,0
sh513130,09:33:23,1766021605080,5376.91,0.9048,3.758,0.706,0.7056,0.0567,149800,105709,0.7057,0.705,68873400,0.704,100243100,0.703,77152500,0.702,42890400,0.701,35610300,0.706,74320000,0.707,65308100,0.708,44959300,0.709,25651500,0.71,29162800,480,100,0
sh513130,09:33:26,1766021607081,5377.44,0.9048,4.0888,0.706,0.7056,0.0567,1078600,760465,0.705,0.705,70428700,0.704,92439300,0.703,78064200,0.702,42968400,0.701,35730200,0.706,74660200,0.707,65308100,0.708,44201300,0.709,25562200,0.71,29209000,308,100,0
sh513130,09:33:29,1766021611067,5378.02,0.9048,5.3176,0.706,0.7056,0.0567,1457400,1028242,0.7055,0.705,79933500,0.704,91445300,0.703,77982500,0.702,43058600,0.701,35755200,0.706,52200500,0.707,65471500,0.708,44113000,0.709,45462200,0.71,29279000,633,100,0
sh513130,09:33:32,1766021615064,5380.42,0.9048,5.4145,0.706,0.7056,0.0567,707200,498940,0.7055,0.705,79862500,0.704,93044100,0.703,79113600,0.702,43230700,0.701,35767200,0.706,52416900,0.707,65563500,0.708,44939800,0.709,45082200,0.71,29254900,624,100,0
sh513130,09:33:35,1766021617063,5379.96,0.9048,4.9322,0.706,0.7056,0.0567,596500,421077,0.7059,0.705,88053600,0.704,93460100,0.703,79006800,0.702,35994800,0.701,35817600,0.706,51013800,0.707,65602800,0.708,46135100,0.709,45516800,0.71,29255900,600,100,0
sh513130,09:33:38,1766021619062,5380.49,0.9048,3.9124,0.706,0.7056,0.0567,178900,126303,0.706,0.705,82097100,0.704,94504300,0.703,79041800,0.702,43516600,0.701,36013600,0.706,52366400,0.707,65946800,0.708,47080400,0.709,45506800,0.71,29257400,612,100,0
sh513130,09:33:41,1766021623070,5381.52,0.9048,4.6801,0.705,0.7056,-0.085,1386200,977506,0.7052,0.705,89131900,0.704,94525400,0.703,79083800,0.702,36241500,0.701,35947600,0.706,39772100,0.707,74318700,0.708,47974600,0.709,45494400,0.71,29181300,626,100,0
sh513130,09:33:44,1766021626070,5383.02,0.9048,3.2331,0.706,0.7056,0.0567,19130400,13506049,0.706,0.706,5030600,0.705,91768700,0.704,94561100,0.703,79303800,0.702,36324500,0.707,74318700,0.708,67888000,0.709,45495400,0.71,29145300,0.711,20228900,1645,100,0
sh513130,09:33:47,1766021629074,5383.2,0.9048,4.9908,0.706,0.7063,-0.0425,7530300,5316391,0.706,0.705,92220700,0.704,94550700,0.703,79767100,0.702,36363800,0.701,36021200,0.706,30519600,0.707,73486400,0.708,56780500,0.709,45520400,0.71,29166300,567,100,0
sh513130,09:33:50,1766021631065,5383.4,0.9048,4.1526,0.707,0.7063,0.0991,4968500,3507766,0.706,0.706,32565600,0.705,98475700,0.704,94817500,0.703,86228800,0.702,36927900,0.707,79473200,0.708,75702800,0.709,50421600,0.71,29293700,0.711,20244700,385,100,0
sh513130,09:33:53,1766021636052,5382.41,0.9048,5.8518,0.706,0.7063,-0.0425,6667700,4707446,0.706,0.705,99997200,0.704,95926600,0.703,86214800,0.702,38858000,0.701,36116500,0.706,31258900,0.707,79877800,0.708,61377900,0.709,50426200,0.71,29293700,1031,100,0
sh513130,09:33:56,1766021638057,5383.48,0.9048,5.9932,0.706,0.7063,-0.0425,3583300,2529811,0.706,0.706,29486700,0.705,101663200,0.704,96035700,0.703,85379800,0.702,39064100,0.707,80144100,0.708,75770500,0.709,51320300,0.71,29273700,0.711,20244700,865,100,0
sh513130,09:33:59,1766021641037,5385.04,0.9048,7.6968,0.707,0.7063,0.0991,1091200,770449,0.7061,0.706,44808900,0.705,104153100,0.704,96045700,0.703,76062600,0.702,39383800,0.707,78034700,0.708,75739300,0.709,53204400,0.71,29334400,0.711,20244700,595,100,0
sh513130,09:34:02,1766021644027,5386.0,0.9048,4.8884,0.707,0.7063,0.0991,92400,65327,0.707,0.706,60940700,0.705,97537800,0.704,96193800,0.703,71721300,0.702,40687700,0.707,78070100,0.708,75512000,0.709,53304400,0.71,29334400,0.711,22245200,313,100,0
sh513130,09:34:05,1766021647019,5386.17,0.9048,3.6219,0.707,0.7063,0.0991,1151500,813090,0.7061,0.706,63121400,0.705,97904300,0.704,96119000,0.703,72418000,0.702,40705300,0.707,78546100,0.708,75532000,0.709,55193400,0.71,29334400,0.711,22245200,593,100,0
sh513130,09:34:08,1766021650013,5386.48,0.9048,2.6517,0.706,0.7063,-0.0425,786500,556043,0.707,0.706,41575500,0.705,108251300,0.704,96443300,0.703,79593200,0.702,40768400,0.707,79679500,0.708,75662800,0.709,56097400,0.71,29414400,0.711,22245200,1551,100,0
sh513130,09:34:11,1766021653013,5385.23,0.9048,4.0838,0.707,0.7063,0.0991,514800,363777,0.7066,0.706,20152200,0.705,108218600,0.704,96631000,0.703,84634800,0.702,41196400,0.707,79975300,0.708,75662800,0.709,56556900,0.71,29415900,0.711,22245200,561,100,0
sh513130,09:34:14,1766021656001,5384.53,0.9048,3.8794,0.707,0.7063,0.0991,506700,357830,0.7062,0.706,40659600,0.705,108881100,0.704,96660900,0.703,84721500,0.702,41080600,0.707,84731800,0.708,75862800,0.709,56460900,0.71,29416900,0.711,22246200,1238,100,0
sh513130,09:34:17,1766021659982,5382.92,0.9048,0.6995,0.706,0.7063,-0.0425,14355300,10134938,0.706,0.705,112956600,0.704,96694300,0.703,85140700,0.702,41139300,0.701,36934200,0.706,93069500,0.707,85079800,0.708,55354700,0.709,42071700,0.71,29406900,1058,100,0
sh513130,09:34:20,1766021661988,5381.74,0.9048,0.8749,0.706,0.7063,-0.0425,2786000,1966913,0.706,0.705,103356100,0.704,97837700,0.703,88109700,0.702,48615700,0.701,36951200,0.706,92048600,0.707,84952700,0.708,55454700,0.709,31671700,0.71,29377100,884,100,0
sh513130,09:34:23,1766021664995,5380.81,0.9048,2.6363,0.706,0.7063,-0.0425,2317000,1635802,0.706,0.705,109239400,0.704,98702300,0.703,71497200,0.702,43363700,0.701,37021200,0.706,65790800,0.707,84998400,0.708,55430700,0.709,46701700,0.71,28721200,498,100,0
sh513130,09:34:26,1766021667987,5381.2,0.9048,3.6441,0.706,0.7056,0.0567,1558300,1099952,0.7059,0.705,104067000,0.704,99673400,0.703,71500200,0.702,48756700,0.701,37021200,0.706,81032100,0.707,84786200,0.708,55347700,0.709,31794400,0.71,28721300,381,100,0
sh513130,09:34:29,1766021670983,5380.61,0.9048,3.948,0.706,0.7056,0.0567,598800,422737,0.706,0.705,105970400,0.704,100686500,0.703,71626300,0.702,48756700,0.701,37021400,0.706,83686300,0.707,84790700,0.708,55645400,0.709,30294400,0.71,28721300,524,100,0
sh513130,09:34:32,1766021673980,5381.87,0.9048,5.6082,0.706,0.7056,0.0567,505700,356950,0.7059,0.705,111822200,0.704,101755800,0.703,71627300,0.702,43383700,0.701,37021900,0.706,50635100,0.707,93648700,0.708,55672500,0.709,46794400,0.71,29398500,1555,100,0
sh513130,09:34:35,1766021676967,5381.41,0.9048,3.7354,0.705,0.7056,-0.085,1155200,814824,0.7054,0.705,111281500,0.704,102000300,0.703,71722000,0.702,43362500,0.701,37041900,0.706,47288900,0.707,93858200,0.708,55763400,0.709,46809400,0.71,29398500,526,100,0
sh513130,09:34:38,1766021679981,5380.29,0.9048,4.9758,0.706,0.7056,0.0567,512200,361501,0.7058,0.705,112288500,0.704,102002200,0.703,71757000,0.702,42358600,0.701,37103400,0.706,62580900,0.707,86104800,0.708,55804000,0.709,32703500,0.71,29398500,1539,100,0
sh513130,09:34:41,1766021682955,5379.22,0.9048,4.6411,0.705,0.7056,-0.085,286100,201902,0.7057,0.705,107002400,0.704,102102800,0.703,71814000,0.702,48870700,0.701,37207800,0.706,68760500,0.707,85874000,0.708,55851200,0.709,31084900,0.71,29274100,168,100,0
sh513130,09:34:44,1766021685939,5379.53,0.9048,4.8268,0.706,0.7056,0.0567,381700,269386,0.7058,0.705,98975400,0.704,102953500,0.703,72375000,0.702,48989000,0.701,37737700,0.706,72906900,0.707,86526200,0.708,54861200,0.709,27190800,0.71,29284000,979,100,0
sh513130,09:34:47,1766021688939,5378.61,0.9048,3.9251,0.706,0.7056,0.0567,493500,348013,0.7052,0.705,106852400,0.704,103011600,0.703,72664000,0.702,49221300,0.701,37736800,0.706,71021700,0.707,87337000,0.708,54861200,0.709,30220800,0.71,29265900,500,100,0
sh513130,09:34:50,1766021690922,5378.49,0.9048,5.781,0.706,0.7056,0.0567,1288300,909476,0.706,0.705,115882700,0.704,103290400,0.703,72996900,0.702,41921500,0.701,37768800,0.706,64488800,0.707,78233600,0.708,54861200,0.709,46720800,0.71,29286100,404,100,0
sh513130,09:34:53,1766021694926,5377.3,0.9048,2.3001,0.706,0.7056,0.0567,1107100,780840,0.7053,0.705,109506000,0.704,103368900,0.703,73038900,0.702,49690300,0.701,38083000,0.706,82375500,0.707,75117300,0.708,54861200,0.709,31242300,0.71,29786100,469,100,0
sh513130,09:34:56,1766021698942,5377.63,0.9048,4.8696,0.706,0.7056,0.0567,1807000,1275586,0.7059,0.705,93610100,0.704,112064400,0.703,73248600,0.702,56926800,0.701,38182500,0.706,83722900,0.707,76652800,0.708,53871200,0.709,27348200,0.71,29713400,503,100,0
sh513130,09:34:59,1766021700937,5376.8,0.9048,6.7071,0.705,0.7056,-0.085,1793400,1265648,0.7057,0.705,89499000,0.704,112259400,0.703,73618000,0.702,57131400,0.701,38192500,0.706,84371700,0.707,77659200,0.708,54021200,0.709,26909600,0.71,29663900,486,100,0
sh513130,09:35:02,1766021703937,5375.8,0.9048,5.9996,0.706,0.7056,0.0567,751500,530431,0.7058,0.705,91545400,0.704,113337300,0.703,73814100,0.702,57205700,0.701,38192800,0.706,86669500,0.707,79358300,0.708,53071500,0.709,26909600,0.71,29673900,617,100,0
sh513130,09:35:05,1766021705938,5376.11,0.9048,4.3851,0.706,0.7056,0.0567,1226500,865825,0.7059,0.705,83812000,0.704,113337800,0.703,73848000,0.702,57257700,0.701,38244900,0.706,95720500,0.707,91726300,0.708,53075100,0.709,33700100,0.71,26721200,1437,100,0
sh513130,09:35:08,1766021710949,5374.87,0.9048,3.6395,0.705,0.7056,-0.085,16907300,11920749,0.7051,0.705,56433800,0.704,123703000,0.703,93799700,0.702,62413500,0.701,38243300,0.706,96512200,0.707,91562400,0.708,53118500,0.709,34627000,0.71,26721200,488,100,0
sh513130,09:35:11,1766021711955,5374.87,0.9048,2.5476,0.706,0.7056,0.0567,9506900,6702439,0.705,0.705,53639500,0.704,123791400,0.703,94945400,0.702,62462100,0.701,38659600,0.706,94513200,0.707,90700200,0.708,53082400,0.709,34680000,0.71,26726200,940,100,0
sh513130,09:35:08,1766021712956,5375.38,0.9048,2.7359,0.705,0.7056,-0.085,0,0,0.705,0.705,56433800,0.704,123703000,0.703,93799700,0.702,62413500,0.701,38243300,0.706,96512200,0.707,91562400,0.708,53118500,0.709,34627000,0.71,26721200,502,100,1
sh513130,09:35:11,1766021713960,5375.38,0.9048,2.5999,0.706,0.7056,0.0567,9506900,6702439,0.705,0.705,53639500,0.704,123791400,0.703,94945400,0.702,62462100,0.701,38659600,0.706,94513200,0.707,90700200,0.708,53082400,0.709,34680000,0.71,26726200,765,100,0
sh513130,09:35:14,1766021716961,5373.42,0.9048,3.8552,0.705,0.7056,-0.085,2823100,1991598,0.7055,0.705,48413500,0.704,121905400,0.703,96124400,0.702,62464100,0.701,38984700,0.706,94724200,0.707,90596500,0.708,53221600,0.709,34645000,0.71,26726200,514,100,0
sh513130,09:35:17,1766021717955,5373.42,0.9048,3.7296,0.705,0.7056,-0.085,26423100,18628322,0.705,0.705,21079900,0.704,122198800,0.703,96906600,0.702,65512100,0.701,38984400,0.706,94006800,0.707,90476200,0.708,53221100,0.709,34700500,0.71,26429000,410,100,0
sh513130,09:35:14,1766021718961,5373.46,0.9048,5.2762,0.705,0.7056,-0.085,0,0,0.705,0.705,48413500,0.704,121905400,0.703,96124400,0.702,62464100,0.701,38984700,0.706,94724200,0.707,90596500,0.708,53221600,0.709,34645000,0.71,26726200,542,100,1
sh513130,09:35:17,1766021719956,5373.46,0.9048,4.9957,0.705,0.7056,-0.085,26423100,18628322,0.705,0.705,21079900,0.704,122198800,0.703,96906600,0.702,65512100,0.701,38984400,0.706,94006800,0.707,90476200,0.708,53221100,0.709,34700500,0.71,26429000,236,100,0
sh513130,09:35:20,1766021721954,5373.85,0.9048,4.8013,0.705,0.7056,-0.085,1602500,1129858,0.7051,0.705,24339200,0.704,122453300,0.703,97823500,0.702,65754600,0.701,39020400,0.706,91746900,0.707,90477200,0.708,53162100,0.709,34699500,0.71,26434000,60,100,0
sh513130,09:35:23,1766021724961,5373.28,0.9048,3.0642,0.705,0.7049,0.0142,22642800,15963257,0.705,0.704,127222200,0.703,101027500,0.702,63924300,0.701,39122200,0.7,41451000,0.705,54812000,0.706,80307300,0.707,74797800,0.708,40990700,0.709,24991900,482,100,0
sh513130,09:35:26,1766021727964,5373.65,0.9048,5.3696,0.705,0.7049,0.0142,6782600,4781666,0.705,0.704,127566800,0.703,101107900,0.702,64137800,0.701,39026500,0.7,41479300,0.705,47362000,0.706,81275700,0.707,74701900,0.708,39720700,0.709,24941900,1527,100,0
sh513130,09:35:29,1766021730965,5372.24,0.9048,3.4974,0.705,0.7049,0.0142,708600,499534,0.705,0.704,126899800,0.703,101236400,0.702,65233300,0.701,39129300,0.7,41573500,0.705,38782600,0.706,80599200,0.707,74751900,0.708,39700700,0.709,30880200,345,100,0
sh513130,09:35:32,1766021734955,5371.78,0.9048,5.6156,0.705,0.7049,0.0142,1230800,867609,0.7049,0.704,128276000,0.703,101241000,0.702,65268500,0.701,39136300,0.7,41604500,0.705,40397900,0.706,79089200,0.707,73307600,0.708,45401500,0.709,25035400,2,100,0
sh513130,09:35:35,1766021735957,5371.78,0.9048,4.6265,0.705,0.7049,0.0142,478900,337592,0.7049,0.704,128982000,0.703,101281800,0.702,66302000,0.701,39430900,0.7,41609000,0.705,34581500,0.706,80941400,0.707,73313000,0.708,48000200,0.709,25085400,1005,100,0
sh513130,09:35:38,1766021739951,5373.99,0.9048,3.2514,0.705,0.7049,0.0142,10095300,7117153,0.705,0.705,27531700,0.704,130457600,0.703,100460300,0.702,66677800,0.701,39424900,0.706,88663600,0.707,74366100,0.708,50392500,0.709,25089500,0.71,26645100,656,100,0
sh513130,09:35:41,1766021742937,5372.37,0.9048,3.6395,0.705,0.7049,0.0142,659800,465163,0.705,0.705,7272100,0.704,132595200,0.703,101227200,0.702,65468900,0.701,39981700,0.706,86106900,0.707,73960300,0.708,52757700,0.709,25588100,0.71,26626900,508,100,0
sh513130,09:35:44,1766021745935,5371.98,0.9048,4.0715,0.705,0.7049,0.0142,3850400,2714532,0.705,0.704,132455900,0.703,102369600,0.702,65931900,0.701,39981700,0.7,42008000,0.705,54081000,0.706,81861100,0.707,74396600,0.708,21598200,0.709,25573100,100,100,0
sh513130,09:35:47,1766021748936,5371.65,0.9048,4.3918,0.705,0.7049,0.0142,1774100,1250675,0.705,0.704,131422200,0.703,102629700,0.702,67132400,0.701,40844700,0.7,42461400,0.705,68392200,0.706,74490500,0.707,74429000,0.708,16202200,0.709,25573100,489,100,0
sh513130,09:35:50,1766021751938,5369.95,0.9048,4.2744,0.705,0.7049,0.0142,370300,261061,0.705,0.704,130603600,0.703,100791100,0.702,68209800,0.701,40889800,0.7,43680900,0.705,69970700,0.706,75797900,0.707,74143900,0.708,18940500,0.709,25563100,1502,100,0
sh513130,09:35:53,1766021754943,5369.08,0.9048,4.036,0.705,0.7049,0.0142,1482200,1043682,0.7041,0.704,122945300,0.703,100926400,0.702,68267800,0.701,48711400,0.7,43735600,0.705,73823200,0.706,76742200,0.707,74253900,0.708,18940500,0.709,25763100,420,100,0
sh513130,09:35:56,1766021756945,5369.54,0.9048,4.3592,0.705,0.7049,0.0142,788300,555574,0.7048,0.704,122215100,0.703,100954700,0.702,69303300,0.701,48780200,0.7,44682900,0.705,74889000,0.706,77815000,0.707,73353900,0.708,19033800,0.709,25763100,250,100,0
sh513130,09:35:59,1766021761948,5370.06,0.9048,4.3256,0.705,0.7049,0.0142,257100,181241,0.7049,0.704,122525500,0.703,101592200,0.702,69560100,0.701,48794300,0.7,44868300,0.705,76075800,0.706,77717900,0.707,73353900,0.708,19807800,0.709,25763100,905,100,0
sh513130,09:36:02,1766021763950,5370.02,0.9048,3.9353,0.705,0.7042,0.1136,797700,562230,0.7048,0.704,132899200,0.703,101566700,0.702,68620900,0.701,42944700,0.7,44976100,0.705,20969500,0.706,83429900,0.707,73728800,0.708,38520200,0.709,30271600,632,100,0
sh513130,09:36:05,1766021766959,5370.13,0.9048,3.079,0.705,0.7042,0.1136,2656000,1871366,0.7046,0.704,133532900,0.703,101656700,0.702,67697200,0.701,42948700,0.7,45192400,0.705,35303800,0.706,82911100,0.707,74786500,0.708,39132400,0.709,29672500,523,100,0
sh513130,09:36:08,1766021769954,5371.16,0.9048,3.6039,0.705,0.7049,0.0142,10120100,7134021,0.7049,0.705,13509200,0.704,131727100,0.703,100953500,0.702,67799800,0.701,42958700,0.706,85092900,0.707,75419600,0.708,47517600,0.709,29672500,0.71,26704900,206,100,0
sh513130,09:36:11,1766021772952,5373.31,0.9048,2.6463,0.705,0.7049,0.0142,1255800,885340,0.705,0.705,17072500,0.704,134753800,0.703,101586900,0.702,66348900,0.701,42960700,0.706,85484700,0.707,75419600,0.708,48409600,0.709,29672500,0.71,26704900,482,100,0
sh513130,09:36:14,1766021776955,5373.54,0.9048,5.7357,0.705,0.7049,0.0142,886200,624830,0.7051,0.705,67215500,0.704,134977000,0.703,96717800,0.702,66490400,0.701,43057300,0.706,85006700,0.707,75448400,0.708,49399600,0.709,29705500,0.71,27421000,525,100,0
sh513130,09:36:17,1766021778969,5374.61,0.9048,6.3811,0.705,0.7049,0.0142,440000,310272,0.7052,0.705,72782700,0.704,126195800,0.703,96690100,0.702,66578100,0.701,43087400,0.706,86217100,0.707,75448400,0.708,50304900,0.709,29755500,0.71,27513900,516,100,0
sh513130,09:36:20,1766021781972,5374.46,0.9048,3.8648,0.705,0.7049,0.0142,1240700,874705,0.705,0.705,68305100,0.704,125705900,0.703,97425000,0.702,66726200,0.701,43096400,0.706,86951600,0.707,75448400,0.708,50792700,0.709,29784200,0.71,27513900,1347,100,0
sh513130,09:36:23,1766021785980,5373.67,0.9048,3.5833,0.705,0.7049,0.0142,416800,293896,0.7051,0.705,10055800,0.704,134334100,0.703,98446600,0.702,61955200,0.701,43143400,0.706,86699400,0.707,75595300,0.708,49885900,0.709,29784200,0.71,27563900,1003,100,0
sh513130,09:36:26,1766021787975,5373.03,0.9048,5.0403,0.705,0.7049,0.0142,11637800,8204691,0.705,0.704,134851500,0.703,100444200,0.702,67406700,0.701,43390600,0.7,46174600,0.705,33320500,0.706,86277800,0.707,74595300,0.708,44041100,0.709,25887800,825,100,0
sh513130,09:36:29,1766021791988,5374.28,0.9048,6.0429,0.705,0.7049,0.0142,4833300,3407406,0.705,0.705,12043400,0.704,135841100,0.703,101374800,0.702,67434800,0.701,43390600,0.706,86989500,0.707,75529300,0.708,43577900,0.709,31732600,0.71,31533600,516,100,0
sh513130,09:36:32,1766021794991,5375.37,0.9048,5.6095,0.705,0.7049,0.0142,55600,39223,0.7054,0.705,55278100,0.704,126771200,0.703,98779100,0.702,62098600,0.701,43552000,0.706,86080800,0.707,75891300,0.708,44977900,0.709,31734600,0.71,31533600,564,100,0
sh513130,09:36:35,1766021796992,5374.29,0.9048,4.5509,0.705,0.7049,0.0142,42400,29911,0.7054,0.705,64410000,0.704,127497100,0.703,98847800,0.702,62221900,0.701,43556800,0.706,86335400,0.707,76170300,0.708,44926100,0.709,31734600,0.71,32133000,532,100,0
sh513130,09:36:38,1766021799992,5375.41,0.9048,3.5791,0.705,0.7049,0.0142,1087500,766754,0.7051,0.705,73388400,0.704,126033900,0.703,98091400,0.702,54924900,0.701,43562800,0.706,85012800,0.707,77496000,0.708,45916100,0.709,31774600,0.71,32147300,1508,100,0
sh513130,09:36:41,1766021803005,5376.56,0.9048,3.4589,0.706,0.7049,0.1561,171300,120799,0.7052,0.705,84282300,0.704,126101900,0.703,98435500,0.702,47059700,0.701,44058500,0.706,87088600,0.707,77496000,0.708,44926100,0.709,32024600,0.71,32150700,549,100,0
sh513130,09:36:44,1766021807008,5377.21,0.9048,3.3287,0.706,0.7049,0.1561,305300,215333,0.7053,0.705,85612100,0.704,126450900,0.703,98542500,0.702,47059600,0.701,44063400,0.706,86135300,0.707,77496000,0.708,45903600,0.709,31983000,0.71,32352700,243,100,0
sh513130,09:36:47,1766021809112,5376.98,0.9048,3.3784,0.706,0.7049,0.1561,1124100,792613,0.7051,0.705,79468000,0.704,126529100,0.703,98544000,0.702,54175100,0.701,44160300,0.706,85562900,0.707,77496000,0.708,46886300,0.709,31983000,0.71,32352700,170,100,0
sh513130,09:36:50,1766021811010,5377.59,0.9048,3.3912,0.706,0.7049,0.1561,344100,242811,0.7056,0.705,89512000,0.704,126746700,0.703,97413800,0.702,47216500,0.701,44346200,0.706,86254900,0.707,77461000,0.708,48761600,0.709,31983000,0.71,32352700,579,100,0
sh513130,09:36:53,1766021815015,5377.39,0.9048,2.4653,0.706,0.7055,0.0709,1248700,880842,0.7054,0.705,89394000,0.704,126579800,0.703,98446500,0.702,47357700,0.701,44343200,0.706,86794000,0.707,77961000,0.708,48666900,0.709,32274200,0.71,32352700,591,100,0
sh513130,09:36:56,1766021818009,5378.09,0.9048,4.0472,0.706,0.7055,0.0709,76000,53604,0.7053,0.705,92413100,0.704,126825300,0.703,97479100,0.702,47439900,0.701,44358200,0.706,85825300,0.707,78035400,0.708,50180400,0.709,32674200,0.71,32361300,364,100,0
sh513130,09:36:59,1766021821004,5377.74,0.9048,3.3967,0.706,0.7055,0.0709,452300,319057,0.7054,0.705,93103400,0.704,126929400,0.703,97480100,0.702,47524800,0.701,44974500,0.706,85643400,0.707,78314000,0.708,50180400,0.709,33009000,0.71,32421300,574,100,0
sh513130,09:37:02,1766021824012,5377.51,0.9048,1.0436,0.706,0.7055,0.0709,1005500,709613,0.7057,0.705,70712500,0.704,135176400,0.703,97580100,0.702,61984800,0.701,44958000,0.706,85095100,0.707,78384400,0.708,50180400,0.709,32609000,0.71,32421300,691,100,0
sh513130,09:37:05,1766021826022,5378.02,0.9048,1.7877,0.706,0.7055,0.0709,589300,416003,0.7059,0.705,95214600,0.704,126791800,0.703,97586800,0.702,47867700,0.701,44999200,0.706,85413900,0.707,79450700,0.708,49177500,0.709,32716100,0.71,32502100,1598,100,0
sh513130,09:37:08,1766021830015,5378.14,0.9048,1.8044,0.705,0.7056,-0.085,314000,221669,0.706,0.705,96054300,0.704,127571400,0.703,97631300,0.702,47892200,0.701,45049400,0.706,85032400,0.707,79450700,0.708,50182500,0.709,32718100,0.71,32509100,1491,100,0
sh513130,09:37:11,1766021833018,5378.27,0.9048,1.7766,0.706,0.7055,0.0709,208600,147272,0.706,0.705,97252500,0.704,127818900,0.703,97677400,0.702,48045100,0.701,45149400,0.706,79506100,0.707,79932100,0.708,50169100,0.709,32718100,0.71,32509100,138,100,0
sh513130,09:37:14,1766021836024,5379.09,0.9048,5.0606,0.706,0.7055,0.0709,331500,234039,0.706,0.705,100942900,0.704,128070300,0.703,97640100,0.702,48170500,0.701,45282400,0.706,73740700,0.707,79981600,0.708,55453000,0.709,33131900,0.71,32727700,971,100,0
sh513130,09:37:17,1766021839022,5378.84,0.9048,2.6511,0.706,0.7055,0.0709,865500,610829,0.7058,0.705,99663900,0.704,127899600,0.703,98692000,0.702,48186100,0.701,45355400,0.706,78803500,0.707,80051600,0.708,55553000,0.709,32731900,0.71,32731100,569,100,0
sh513130,09:37:20,1766021842019,5379.41,0.9048,4.326,0.706,0.7055,0.0709,321300,226806,0.7059,0.705,101938000,0.704,128261100,0.703,97210200,0.702,48405200,0.701,45356900,0.706,72208600,0.707,80021600,0.708,55699200,0.709,32731900,0.71,32738100,444,100,0
sh513130,09:37:23,1766021845021,5377.91,0.9048,2.9298,0.706,0.7055,0.0709,539600,380957,0.706,0.705,92963000,0.704,128265700,0.703,98226300,0.702,55481900,0.701,45368400,0.706,78728900,0.707,80061600,0.708,55709200,0.709,32749200,0.71,32938100,597,100,0
sh513130,09:37:26,1766021848023,5380.1,0.9048,5.3982,0.706,0.7055,0.0709,431100,304181,0.7056,0.705,93958000,0.704,128344700,0.703,99349900,0.702,55513400,0.701,45377000,0.706,78968200,0.707,79854100,0.708,55809200,0.709,32749200,0.71,32938100,1599,100,0
sh513130,09:37:29,1766021850028,5379.83,0.9048,5.3183,0.706,0.7055,0.0709,172600,121806,0.7057,0.705,78802900,0.704,136757400,0.703,99512100,0.702,62185000,0.701,45717000,0.706,78865200,0.707,79843400,0.708,55835400,0.709,32749200,0.71,33307600,1579,100,0
sh513130,09:37:26,1766021851022,5378.79,0.9048,4.8596,0.706,0.7055,0.0709,0,0,0.706,0.705,93958000,0.704,128344700,0.703,99349900,0.702,55513400,0.701,45377000,0.706,78968200,0.707,79854100,0.708,55809200,0.709,32749200,0.71,32938100,559,100,1
sh513130,09:37:29,1766021852017,5378.79,0.9048,4.118,0.706,0.7055,0.0709,172600,121806,0.7057,0.705,78802900,0.704,136757400,0.703,99512100,0.702,62185000,0.701,45717000,0.706,78865200,0.707,79843400,0.708,55835400,0.709,32749200,0.71,33307600,1554,100,0
sh513130,09:37:32,1766021854016,5377.68,0.9048,5.7544,0.706,0.7055,0.0709,494700,349153,0.7058,0.705,83914000,0.704,128794900,0.703,100565100,0.702,62227000,0.701,45728000,0.706,80526900,0.707,79867400,0.708,54884600,0.709,32749200,0.71,33307600,1532,100,0
sh513130,09:37:35,1766021857035,5378.48,0.9048,3.637,0.706,0.7055,0.0709,631000,445428,0.7059,0.705,95708500,0.704,128897200,0.703,100529100,0.702,59325300,0.701,45740000,0.706,81317600,0.707,78917600,0.708,54984600,0.709,32749200,0.71,33351600,250,100,0
sh513130,09:37:38,1766021859035,5378.48,0.9048,4.5142,0.706,0.7055,0.0709,382500,269997,0.7059,0.705,84951600,0.704,139166400,0.703,101588400,0.702,62533000,0.701,45800400,0.706,80349900,0.707,78147000,0.708,54984600,0.709,32706700,0.71,33401600,81,100,0
sh513130,09:37:41,1766021864025,5376.43,0.9048,4.4472,0.706,0.7055,0.0709,349900,247029,0.706,0.705,38634700,0.704,139324100,0.703,101672500,0.702,62569100,0.701,45489700,0.706,82063100,0.707,77647000,0.708,54004600,0.709,32764600,0.71,33401600,724,100,0
sh513130,09:37:44,1766021866022,5375.84,0.9048,3.6806,0.706,0.7055,0.0709,1433000,1011392,0.7058,0.705,41613400,0.704,139035100,0.703,103424100,0.702,62269100,0.701,45509700,0.706,81042600,0.707,77668700,0.708,54004600,0.709,32764600,0.71,33501600,540,100,0
sh513130,09:37:47,1766021869021,5376.1,0.9048,3.946,0.706,0.7048,0.1703,996700,703151,0.7055,0.705,83282400,0.704,140316500,0.703,103327100,0.702,62273100,0.701,45674200,0.706,79740700,0.707,77658700,0.708,55994600,0.709,32799900,0.71,33515200,593,100,0
sh513130,09:37:50,1766021872023,5376.18,0.9048,3.7814,0.706,0.7048,0.1703,1279400,903175,0.7059,0.705,70804600,0.704,140266800,0.703,104286700,0.702,62297600,0.701,45674200,0.706,78467200,0.707,78311300,0.708,55978400,0.709,32159900,0.71,33600200,13,100,0
sh513130,09:37:53,1766021875016,5375.52,0.9048,2.8388,0.706,0.7048,0.1703,317400,224085,0.706,0.705,44839000,0.704,140336600,0.703,106290800,0.702,62394900,0.701,45525200,0.706,79669100,0.707,78305600,0.708,54988400,0.709,32189900,0.71,33600200,580,100,0
sh513130,09:37:56,1766021878026,5375.09,0.9048,3.4866,0.705,0.7048,0.0284,364500,257243,0.7057,0.705,50834500,0.704,140380700,0.703,107250000,0.702,67399000,0.701,45690600,0.706,80822100,0.707,77805600,0.708,54993400,0.709,32189900,0.71,33600200,1599,100,0
sh513130,09:37:59,1766021881023,5374.58,0.9048,3.7033,0.706,0.7048,0.1703,572300,403680,0.7054,0.705,50861900,0.704,141672700,0.703,107843000,0.702,67401000,0.701,45607700,0.706,80806700,0.707,77771300,0.708,51570700,0.709,32189900,0.71,33600200,307,100,0
sh513130,09:38:02,1766021885019,5372.02,0.9048,3.0334,0.705,0.7049,0.0142,57542500,40567530,0.705,0.705,1736100,0.704,142264200,0.703,108758500,0.702,67804600,0.701,45508200,0.706,78916200,0.707,77771300,0.708,47847500,0.709,32189900,0.71,33600200,564,100,0
sh513130,09:38:05,1766021887023,5372.24,0.9048,2.3768,0.705,0.7049,0.0142,3409600,2403778,0.705,0.704,145394400,0.703,108947200,0.702,67718000,0.701,45508200,0.7,48769500,0.705,7034500,0.706,82554600,0.707,77460000,0.708,42788500,0.709,34324300,608,100,0
sh513130,09:38:08,1766021890024,5372.36,0.9048,3.7742,0.706,0.7042,0.2556,4989000,3517255,0.705,0.705,15345800,0.704,145828400,0.703,108857400,0.702,68031900,0.701,45508700,0.706,83357300,0.707,77460000,0.708,42718500,0.709,34329300,0.71,29710900,592,100,0
sh513130,09:38:11,1766021893011,5372.62,0.9048,5.6543,0.705,0.7042,0.1136,421900,297626,0.7054,0.705,20160000,0.704,147146900,0.703,108964400,0.702,67691900,0.701,45519200,0.706,83238800,0.707,77460000,0.708,42718500,0.709,34309300,0.71,30077100,590,100,0
sh513130,09:38:14,1766021895999,5373.06,0.9048,5.5975,0.706,0.7042,0.2556,179900,126995,0.7059,0.705,44862600,0.704,145550800,0.703,108024700,0.702,67738100,0.701,45486600,0.706,75845800,0.707,70460000,0.708,43830300,0.709,26283100,0.71,30097100,14,100,0
sh513130,09:38:17,1766021899004,5374.26,0.9048,4.6301,0.705,0.7048,0.0284,77000,54314,0.7054,0.705,76653700,0.704,139196300,0.703,108075800,0.702,62996400,0.701,45416600,0.706,75971500,0.707,70433500,0.708,45715500,0.709,26283100,0.71,30097100,532,100,0
sh513130,09:38:20,1766021903011,5374.23,0.9048,3.5678,0.705,0.7048,0.0284,284800,200799,0.7051,0.705,69708800,0.704,147820400,0.703,107078200,0.702,63016900,0.701,45421600,0.706,75897500,0.707,70443500,0.708,46610700,0.709,26283100,0.71,30097800,513,100,0
sh513130,09:38:23,1766021904007,5374.23,0.9048,6.4816,0.706,0.7049,0.1561,286000,201689,0.7052,0.705,33090700,0.704,149146700,0.703,107956200,0.702,63095100,0.701,45427800,0.706,76623400,0.707,70453500,0.708,47669000,0.709,26179400,0.71,30118500,1509,100,0
sh513130,09:38:26,1766021907998,5374.55,0.9048,4.1732,0.706,0.7049,0.1561,53800,37940,0.7052,0.705,39300400,0.704,149305000,0.703,108176200,0.702,63009400,0.701,45512800,0.706,78892700,0.707,70437000,0.708,48469400,0.709,26607400,0.71,30713500,1154,100,0
sh513130,09:38:29,1766021909997,5374.06,0.9048,6.8426,0.706,0.7049,0.1561,113700,80204,0.7054,0.705,72753700,0.704,149525000,0.703,107250900,0.702,63030400,0.701,45515000,0.706,78553800,0.707,70437000,0.708,49020400,0.709,26607400,0.71,30713500,977,100,0
sh513130,09:38:32,1766021915037,5374.64,0.9048,4.6086,0.706,0.7048,0.1703,47800,33717,0.7054,0.705,74865900,0.704,149683200,0.703,106871600,0.702,63046100,0.701,45480100,0.706,77645000,0.707,70523600,0.708,50007400,0.709,26607400,0.71,30728100,599,100,0
sh513130,09:38:35,1766021917023,5374.9,0.9048,3.6092,0.706,0.7048,0.1703,733000,517263,0.7057,0.705,85118300,0.704,141793200,0.703,106892300,0.702,63078900,0.701,45755000,0.706,78195500,0.707,70623600,0.708,54507400,0.709,26604400,0.71,30728100,595,100,0
sh513130,09:38:38,1766021920026,5374.36,0.9048,2.7004,0.706,0.7048,0.1703,212700,150163,0.706,0.705,77735000,0.704,141951100,0.703,107306800,0.702,64237200,0.701,45975000,0.706,78291200,0.707,70782700,0.708,54507400,0.709,26604400,0.71,30728100,152,100,0
sh513130,09:38:41,1766021923025,5375.69,0.9048,3.019,0.706,0.7055,0.0709,85400,60293,0.706,0.705,93415000,0.704,142075300,0.703,102542900,0.702,51990300,0.701,45970000,0.706,78398200,0.707,70782700,0.708,55497400,0.709,26604400,0.71,30528600,538,100,0
sh513130,09:38:44,1766021927003,5377.28,0.9048,3.0206,0.706,0.7055,0.0709,192400,135780,0.7057,0.705,104400400,0.704,143186000,0.703,102417100,0.702,50422300,0.701,46011800,0.706,78279900,0.707,70730000,0.708,55497400,0.709,27004400,0.71,30531100,563,100,0
sh513130,09:38:47,1766021929011,5377.11,0.9048,3.2987,0.706,0.7055,0.0709,199100,140565,0.706,0.705,107411900,0.704,144040000,0.703,101755800,0.702,51564300,0.701,46139100,0.706,78225000,0.707,70767900,0.708,55496400,0.709,27003400,0.71,30454400,455,100,0
sh513130,09:38:50,1766021932015,5376.51,0.9048,3.1855,0.706,0.7055,0.0709,524900,370575,0.706,0.705,102373300,0.704,144298200,0.703,102748900,0.702,58499300,0.701,46192500,0.706,78031700,0.707,70750100,0.708,55587400,0.709,26603400,0.71,30635200,1281,100,0
sh513130,09:38:53,1766021934022,5376.82,0.9048,3.0185,0.706,0.7055,0.0709,688400,485762,0.7056,0.705,103440700,0.704,144576000,0.703,102728900,0.702,58527500,0.701,46028800,0.706,77371900,0.707,71112300,0.708,55577400,0.709,26603400,0.71,30689200,1117,100,0
sh513130,09:38:56,1766021938016,5376.83,0.9048,4.1499,0.706,0.7055,0.0709,530200,374312,0.706,0.705,104889700,0.704,144665900,0.703,102996900,0.702,58537500,0.701,46011700,0.706,77797400,0.707,71162300,0.708,55577400,0.709,26608400,0.71,30691200,780,100,0
sh513130,09:38:59,1766021942022,5377.85,0.9048,3.7626,0.706,0.7055,0.0709,462400,326424,0.7059,0.705,115118100,0.704,145858500,0.703,102204200,0.702,51445100,0.701,46092200,0.706,69718200,0.707,77562300,0.708,55581900,0.709,27059800,0.71,30692200,451,100,0
sh513130,09:39:02,1766021945018,5380.49,0.9048,6.2738,0.706,0.7055,0.0709,43039400,30385814,0.706,0.706,70215100,0.705,113145200,0.704,142382200,0.703,82205100,0.702,51520100,0.707,76344300,0.708,73816600,0.709,42996400,0.71,30713200,0.711,22508700,585,100,0
sh513130,09:39:05,1766021948015,5381.66,0.9048,6.6887,0.707,0.7055,0.2126,7805100,5510435,0.706,0.706,66306100,0.705,113444100,0.704,142636100,0.703,81682000,0.702,51127000,0.707,75814300,0.708,73816600,0.709,44880300,0.71,30713200,0.711,22558700,1538,100,0
sh513130,09:39:08,1766021950021,5382.16,0.9048,5.3321,0.707,0.7055,0.2126,331500,234078,0.7061,0.706,52490700,0.705,113677100,0.704,142666200,0.703,81485100,0.702,51141000,0.707,77474000,0.708,73816600,0.709,44806100,0.71,30713200,0.711,22558700,1596,100,0
sh513130,09:39:11,1766021953025,5382.1,0.9048,3.9676,0.707,0.7055,0.2126,86300,60933,0.7061,0.706,40913400,0.705,114111700,0.704,142529000,0.703,81661000,0.702,51125800,0.707,76973400,0.708,73816600,0.709,46640000,0.71,30713200,0.711,22558700,560,100,0
sh513130,09:39:14,1766021957022,5379.76,0.9048,2.5419,0.706,0.7055,0.0709,9958100,7031032,0.7061,0.705,114106400,0.704,143519500,0.703,82111600,0.702,51130800,0.701,56143700,0.706,70797300,0.707,72579300,0.708,61547100,0.709,34032300,0.71,30713200,206,100,0
sh513130,09:39:17,1766021959014,5380.18,0.9048,3.7893,0.706,0.7055,0.0709,1760700,1243054,0.706,0.705,107803200,0.704,144500700,0.703,82131900,0.702,58161900,0.701,56176100,0.706,74504000,0.707,72921800,0.708,61272100,0.709,28582700,0.71,30413200,13,100,0
sh513130,09:39:20,1766021963016,5378.58,0.9048,4.0531,0.706,0.7055,0.0709,1222300,862944,0.706,0.705,109133300,0.704,144429300,0.703,83150400,0.702,58000000,0.701,56199400,0.706,73808500,0.707,74709600,0.708,61299500,0.709,28632700,0.71,30414800,579,100,0
sh513130,09:39:23,1766021965023,5378.39,0.9048,3.8677,0.706,0.7055,0.0709,887700,626675,0.706,0.705,110417300,0.704,143743200,0.703,83151400,0.702,57991100,0.701,56214900,0.706,74207800,0.707,75738200,0.708,60309500,0.709,28627500,0.71,30414800,594,100,0
sh513130,09:39:26,1766021967998,5377.98,0.9048,3.7637,0.706,0.7055,0.0709,1814300,1280896,0.706,0.705,102470200,0.704,143623700,0.703,84161400,0.702,65130600,0.701,56215000,0.706,72622400,0.707,77063300,0.708,60590700,0.709,28627500,0.71,30524000,288,100,0
sh513130,09:39:29,1766021971003,5377.83,0.9048,4.016,0.706,0.7055,0.0709,1272100,898103,0.706,0.705,110319200,0.704,143617100,0.703,84221800,0.702,57746000,0.701,56205000,0.706,71396700,0.707,77589400,0.708,60592200,0.709,28679500,0.71,31023900,548,100,0
sh513130,09:39:32,1766021974996,5378.31,0.9048,3.1359,0.706,0.7048,0.1703,705800,498125,0.7058,0.705,111186200,0.704,143668100,0.703,84725000,0.702,57836000,0.701,56245000,0.706,72608300,0.707,77589400,0.708,60599600,0.709,28730500,0.71,31530000,589,100,0
sh513130,09:39:35,1766021977002,5378.17,0.9048,4.2447,0.706,0.7048,0.1703,564000,398178,0.706,0.705,120112500,0.704,143722700,0.703,83692200,0.702,50858600,0.701,56174200,0.706,72798800,0.707,77696800,0.708,60704800,0.709,28772900,0.71,31580000,540,100,0
sh513130,09:39:38,1766021981010,5377.93,0.9048,3.3027,0.706,0.7048,0.1703,1063400,749964,0.7053,0.705,112032400,0.704,143849800,0.703,85151300,0.702,57929300,0.701,56208300,0.706,72658700,0.707,77819500,0.708,60756800,0.709,28676100,0.71,31595000,248,100,0
sh513130,09:39:41,1766021983001,5377.42,0.9048,3.4175,0.706,0.7048,0.1703,282500,199445,0.706,0.705,112466700,0.704,143903200,0.703,85230400,0.702,57852000,0.701,56218300,0.706,72763800,0.707,77864500,0.708,61277200,0.709,28669200,0.71,31930400,76,100,0
sh513130,09:39:44,1766021986008,5376.42,0.9048,4.3878,0.706,0.7048,0.1703,408600,288432,0.7059,0.705,92551000,0.704,152888800,0.703,85267000,0.702,65236000,0.701,56232500,0.706,72423400,0.707,78038100,0.708,60287200,0.709,28669200,0.71,31930400,907,100,0
sh513130,09:39:47,1766021989001,5376.16,0.9048,3.9547,0.706,0.7048,0.1703,82300,58103,0.706,0.705,101504000,0.704,144620100,0.703,86171600,0.702,65514700,0.701,56358100,0.706,73384600,0.707,78008500,0.708,60299000,0.709,28669200,0.71,31930400,571,100,0
sh513130,09:39:50,1766021991999,5376.16,0.9048,5.6765,0.706,0.7048,0.1703,1036000,731116,0.7057,0.705,104802600,0.704,144776200,0.703,87071500,0.702,63514700,0.701,56366200,0.706,73380300,0.707,77425700,0.708,60299000,0.709,28669200,0.71,31930400,370,100,0
sh513130,09:39:53,1766021995001,5375.67,0.9048,4.4824,0.706,0.7048,0.1703,1089200,768972,0.706,0.705,117642900,0.704,144540100,0.703,85263400,0.702,51144200,0.701,56384400,0.706,72640400,0.707,77189900,0.708,60299000,0.709,28714200,0.71,31930400,554,100,0
sh513130,09:39:56,1766021998003,5378.16,0.9048,4.2648,0.706,0.7048,0.1703,1762100,1242987,0.7054,0.705,119023300,0.704,144560300,0.703,84273400,0.702,51154700,0.701,56394400,0.706,61176200,0.707,77500200,0.708,62255000,0.709,28714200,0.71,31930400,1564,100,0
sh513130,09:39:59,1766022001007,5377.84,0.9048,2.4786,0.706,0.7048,0.1703,1166700,823418,0.7058,0.705,120420500,0.704,144660300,0.703,84271100,0.702,51262800,0.701,56394400,0.706,58894400,0.707,83900200,0.708,62255000,0.709,28759300,0.71,31920400,580,100,0
sh513130,09:40:02,1766022004998,5378.86,0.9048,3.8711,0.706,0.7055,0.0709,663300,468287,0.706,0.705,121902300,0.704,145252200,0.703,84274000,0.702,51576900,0.701,56404400,0.706,54661700,0.707,77500200,0.708,62250000,0.709,34670700,0.71,31920400,321,100,0
sh513130,09:40:05,1766022006005,5378.86,0.9048,3.7153,0.706,0.7055,0.0709,788600,556350,0.7055,0.705,108864600,0.704,145466600,0.703,84445100,0.702,65928900,0.701,56404400,0.706,54642800,0.707,77500200,0.708,62260000,0.709,34669900,0.71,31920400,1328,100,0
sh513130,09:40:08,1766022010004,5378.6,0.9048,4.0744,0.706,0.7055,0.0709,645400,455535,0.7058,0.705,117510400,0.704,145430000,0.703,84430100,0.702,58659500,0.701,56462100,0.706,55824400,0.707,77902400,0.708,61270000,0.709,34857200,0.71,31982400,987,100,0
sh513130,09:40:11,1766022013027,5376.85,0.9048,4.0118,0.706,0.7055,0.0709,222600,157155,0.706,0.705,125318900,0.704,144830400,0.703,84478100,0.702,51659800,0.701,56462100,0.706,56753000,0.707,77953200,0.708,61270000,0.709,34857200,0.71,32157400,563,100,0
sh513130,09:40:14,1766022016029,5378.01,0.9048,5.0912,0.705,0.7055,-0.0709,787700,556107,0.706,0.705,117155300,0.704,144916700,0.703,84509100,0.702,60679800,0.701,56462700,0.706,55745200,0.707,77953200,0.708,62174000,0.709,34857200,0.71,32200300,499,100,0
sh513130,09:40:17,1766022018052,5377.65,0.9048,5.0444,0.706,0.7055,0.0709,878900,620454,0.7059,0.705,117799500,0.704,146072700,0.703,84515100,0.702,60674000,0.701,56470300,0.706,55618800,0.707,78079700,0.708,61184000,0.709,34857200,0.71,32200300,343,100,0
sh513130,09:40:20,1766022022051,5378.98,0.9048,3.3101,0.706,0.7055,0.0709,664700,469239,0.7059,0.705,121330100,0.704,146168100,0.703,84568400,0.702,64084000,0.701,56497200,0.706,55743400,0.707,78079700,0.708,62200000,0.709,34857200,0.71,32175300,1611,100,0
sh513130,09:40:23,1766022025047,5379.92,0.9048,2.5972,0.705,0.7055,-0.0709,1737400,1225623,0.7054,0.705,134231900,0.704,146073200,0.703,84600700,0.702,51744000,0.701,56503300,0.706,55116100,0.707,78096700,0.708,62200000,0.709,34842200,0.71,32175300,624,100,0
sh513130,09:40:26,1766022028031,5380.37,0.9048,4.4385,0.706,0.7055,0.0709,13315600,9400814,0.706,0.706,78377800,0.705,132157600,0.704,146202900,0.703,84726900,0.702,51774000,0.707,79622700,0.708,63200100,0.709,43185200,0.71,32200000,0.711,27733000,1574,100,0
sh513130,09:40:29,1766022030042,5380.91,0.9048,3.5763,0.706,0.7055,0.0709,57000,40242,0.706,0.706,79917400,0.705,133361000,0.704,146249100,0.703,84345700,0.702,51784400,0.707,80168200,0.708,64225100,0.709,49074100,0.71,32200000,0.711,27733000,1435,100,0
sh513130,09:40:32,1766022034039,5381.6,0.9048,3.7317,0.707,0.7055,0.2126,212800,150297,0.7063,0.706,86495400,0.705,133684800,0.704,146436100,0.703,79348400,0.702,51950600,0.707,79153300,0.708,64225100,0.709,50958000,0.71,32201000,0.711,27733000,1088,100,0
sh513130,09:40:35,1766022037040,5381.72,0.9048,2.7668,0.706,0.7055,0.0709,79400,56122,0.7068,0.706,85342000,0.705,134264100,0.704,146423500,0.703,79373400,0.702,51974600,0.707,79251800,0.708,64225100,0.709,51851900,0.71,32201000,0.711,27733000,627,100,0
sh513130,09:40:38,1766022040036,5382.42,0.9048,3.1645,0.707,0.7055,0.2126,165700,117015,0.7062,0.706,52823600,0.705,138204200,0.704,146396700,0.703,79603000,0.702,51986600,0.707,79690900,0.708,63727100,0.709,51722700,0.71,32211000,0.711,27733000,540,100,0
sh513130,09:40:41,1766022043033,5382.25,0.9048,2.8434,0.707,0.7055,0.2126,146700,103671,0.7067,0.706,65928900,0.705,139036900,0.704,146436900,0.703,79687100,0.702,52153600,0.707,81348600,0.708,63730000,0.709,52404900,0.71,32311000,0.711,27733000,603,100,0
sh513130,09:40:44,1766022045049,5381.56,0.9048,4.8318,0.707,0.7055,0.2126,129600,91585,0.7067,0.706,73440300,0.705,139062200,0.704,146416800,0.703,79875700,0.702,52281600,0.707,78877000,0.708,64730000,0.709,53925400,0.71,32311000,0.711,27733000,617,100,0
sh513130,09:40:41,1766022046048,5381.56,0.9048,3.9689,0.707,0.7055,0.2126,0,0,0.707,0.706,65928900,0.705,139036900,0.704,146436900,0.703,79687100,0.702,52153600,0.707,81348600,0.708,63730000,0.709,52404900,0.71,32311000,0.711,27733000,10,100,1
sh513130,09:40:44,1766022047051,5382.16,0.9048,3.5406,0.707,0.7055,0.2126,129600,91585,0.7067,0.706,73440300,0.705,139062200,0.704,146416800,0.703,79875700,0.702,52281600,0.707,78877000,0.708,64730000,0.709,53925400,0.71,32311000,0.711,27733000,636,100,0
sh513130,09:40:47,1766022050064,5382.87,0.9048,5.2048,0.706,0.7055,0.0709,178200,125977,0.7069,0.706,74503000,0.705,140476800,0.704,146662700,0.703,79614800,0.702,52343800,0.707,79174300,0.708,64731000,0.709,53925400,0.71,32356600,0.711,27753000,1631,100,0
sh513130,09:40:50,1766022052075,5383.19,0.9048,4.7534,0.707,0.7055,0.2126,208200,147191,0.707,0.706,75663400,0.705,141579400,0.704,146893500,0.703,79713800,0.702,52358800,0.707,79770600,0.708,63744200,0.709,53925400,0.71,32356600,0.711,28045500,1637,100,0
sh513130,09:40:53,1766022055075,5384.34,0.9048,5.5561,0.707,0.7062,0.1133,185700,131290,0.707,0.706,101823700,0.705,133655300,0.704,140929900,0.703,65078900,0.702,52331400,0.707,78527800,0.708,63646200,0.709,54915400,0.71,32310000,0.711,28045500,369,100,0
sh513130,09:40:56,1766022058101,5385.02,0.9048,4.6832,0.707,0.7062,0.1133,234500,165792,0.707,0.706,104320900,0.705,134158700,0.704,140135000,0.703,64959100,0.702,52438700,0.707,77490900,0.708,63704200,0.709,55906400,0.71,32732000,0.711,28055500,1222,100,0
sh513130,09:40:59,1766022061107,5387.15,0.9048,6.8386,0.707,0.7062,0.1133,473300,334619,0.707,0.706,106098900,0.705,135264900,0.704,140435600,0.703,66196000,0.702,52354900,0.707,77307600,0.708,63950900,0.709,55906400,0.71,32651100,0.711,28055500,646,100,0
sh513130,09:41:02,1766022064120,5386.95,0.9048,5.5582,0.707,0.7062,0.1133,420700,297435,0.707,0.706,108330800,0.705,135577000,0.704,139614000,0.703,66192000,0.702,52259900,0.707,61117700,0.708,70850900,0.709,68905100,0.71,40651100,0.711,28055500,694,100,0
sh513130,09:41:05,1766022068129,5387.92,0.9048,6.2608,0.707,0.7062,0.1133,1434000,1013825,0.707,0.706,110474100,0.705,135509900,0.704,139623700,0.703,66054400,0.702,52260500,0.707,52249700,0.708,70925100,0.709,69033100,0.71,41662500,0.711,28092200,365,100,0
sh513130,09:41:08,1766022070121,5388.39,0.9048,4.7414,0.707,0.7062,0.1133,1232500,871377,0.707,0.706,111650800,0.705,136887800,0.704,140620100,0.703,65840400,0.702,51296000,0.707,44156700,0.708,70942000,0.709,75964000,0.71,46663500,0.711,28092200,169,100,0
sh513130,09:41:11,1766022073127,5389.27,0.9048,7.4959,0.707,0.7068,0.0283,1536100,1086023,0.707,0.706,112132000,0.705,135713100,0.704,140625900,0.703,65840400,0.702,51409400,0.707,38809400,0.708,70917000,0.709,75974000,0.71,46663500,0.711,27789700,695,100,0
sh513130,09:41:14,1766022076132,5390.66,0.9048,7.5209,0.707,0.7068,0.0283,9214400,6514575,0.707,0.706,110908200,0.705,134388700,0.704,140638700,0.703,65770400,0.702,51441100,0.707,23332100,0.708,66516000,0.709,76508000,0.71,46603500,0.711,27789700,1703,100,0
sh513130,09:41:17,1766022079129,5392.68,0.9048,7.4471,0.707,0.7068,0.0283,24931600,17627656,0.707,0.707,67054600,0.706,105292900,0.705,129453100,0.704,108578200,0.703,65702200,0.708,75808300,0.709,79052900,0.71,48388900,0.711,27811700,0.712,25473800,482,100,0
sh513130,09:41:20,1766022082124,5392.16,0.9048,5.0397,0.707,0.7068,0.0283,8221900,5812895,0.707,0.707,13722600,0.706,105465300,0.705,131744900,0.704,112276200,0.703,65567200,0.708,73894300,0.709,79212600,0.71,50368900,0.711,27811700,0.712,25473800,1311,100,0
sh513130,09:41:23,1766022085118,5391.56,0.9048,4.2059,0.707,0.7068,0.0283,184800,130705,0.7073,0.707,16225900,0.706,109021100,0.705,132855100,0.704,112191200,0.703,65747200,0.708,75981300,0.709,79223000,0.71,50354000,0.711,27811700,0.712,25473800,697,100,0
sh513130,09:41:26,1766022087120,5392.02,0.9048,4.0983,0.708,0.7068,0.1698,237500,167943,0.7071,0.707,20668800,0.706,101852200,0.705,132880900,0.704,112213700,0.703,66391300,0.708,75285200,0.709,79223000,0.71,43697100,0.711,19319000,0.712,16982100,632,100,0
sh513130,09:41:29,1766022091114,5393.11,0.9048,3.9717,0.708,0.7068,0.1698,332800,235499,0.7076,0.707,54753700,0.706,93672300,0.705,132983000,0.704,107299900,0.703,66417500,0.708,75637500,0.709,79319700,0.71,45493800,0.711,19853100,0.712,17015100,656,100,0
sh513130,09:41:32,1766022094129,5393.83,0.9048,3.0786,0.708,0.7075,0.0707,394600,279352,0.7079,0.707,28152600,0.706,102300700,0.705,132673100,0.704,107356800,0.703,65414300,0.708,75593600,0.709,79329700,0.71,45597200,0.711,19853100,0.712,17017500,299,100,0
sh513130,09:41:35,1766022096122,5393.44,0.9048,4.0832,0.708,0.7075,0.0707,235900,166964,0.7078,0.707,83638200,0.706,93917000,0.705,132973600,0.704,91974100,0.703,65584300,0.708,75720600,0.709,79324700,0.71,45597200,0.711,19853100,0.712,17017500,124,100,0
sh513130,09:41:38,1766022101132,5395.0,0.9048,2.6354,0.708,0.7075,0.0707,625800,443038,0.708,0.707,70171100,0.706,94232400,0.705,132403300,0.704,106101000,0.703,65555800,0.708,75078600,0.709,79324700,0.71,44737500,0.711,19826900,0.712,17043900,709,100,0
sh513130,09:41:41,1766022104131,5393.76,0.9048,5.3023,0.708,0.7075,0.0707,983000,695710,0.7077,0.707,70673000,0.706,93736000,0.705,132277000,0.704,106185600,0.703,65550800,0.708,73730900,0.709,79324700,0.71,45732500,0.711,19826900,0.712,17044300,1592,100,0
sh513130,09:41:44,1766022106130,5393.4,0.9048,4.0959,0.708,0.7075,0.0707,379200,268474,0.708,0.707,22087200,0.706,104383900,0.705,133865200,0.704,106168200,0.703,65529900,0.708,75185500,0.709,79334700,0.71,44779800,0.711,19826900,0.712,17020000,1423,100,0
sh513130,09:41:47,1766022109131,5392.87,0.9048,3.2741,0.708,0.7075,0.0707,442200,313037,0.7079,0.707,31108700,0.706,107576400,0.705,133190900,0.704,106156900,0.703,65515700,0.708,76435500,0.709,79334700,0.71,45223100,0.711,19989900,0.712,17020000,78,100,0
sh513130,09:41:50,1766022112124,5393.95,0.9048,4.6244,0.708,0.7075,0.0707,438500,310451,0.708,0.707,72956700,0.706,101525800,0.705,131598700,0.704,106011200,0.703,65324900,0.708,75517900,0.709,79725800,0.71,45223100,0.711,20101900,0.712,17025000,893,100,0
sh513130,09:41:53,1766022116122,5391.93,0.9048,5.7123,0.708,0.7068,0.1698,1151700,814802,0.7075,0.707,45338200,0.706,109993600,0.705,131478300,0.704,105976200,0.703,65308200,0.708,75079400,0.709,79830000,0.71,46203300,0.711,20101900,0.712,17025000,535,100,0
sh513130,09:41:56,1766022119126,5392.53,0.9048,3.297,0.708,0.7068,0.1698,184000,130254,0.7079,0.707,24895300,0.706,110576600,0.705,132092200,0.704,105991200,0.703,65308200,0.708,76268800,0.709,80190100,0.71,45365200,0.711,20101900,0.712,17196100,680,100,0
sh513130,09:41:59,1766022121126,5392.65,0.9048,2.6685,0.708,0.7068,0.1698,245500,173814,0.708,0.707,25636600,0.706,111595100,0.705,131742900,0.704,105966100,0.703,65312800,0.708,76939100,0.709,80200100,0.71,45366800,0.711,20085200,0.712,17196100,658,100,0
sh513130,09:42:02,1766022124124,5392.47,0.9048,3.3566,0.708,0.7068,0.1698,1794100,1269591,0.7076,0.707,26383800,0.706,112566800,0.705,132252800,0.704,110909700,0.703,65272800,0.708,76724500,0.709,80450100,0.71,45359800,0.711,20085200,0.712,17296100,801,100,0
sh513130,09:42:05,1766022127137,5390.95,0.9048,2.4252,0.707,0.7068,0.0283,4406300,3115430,0.707,0.707,20768100,0.706,114875500,0.705,132258400,0.704,110921700,0.703,65274000,0.708,77760300,0.709,80117600,0.71,40259800,0.711,20085200,0.712,17296100,681,100,0
sh513130,09:42:08,1766022130151,5391.58,0.9048,2.4091,0.707,0.7068,0.0283,4040900,2857094,0.707,0.707,21006300,0.706,116866700,0.705,132385400,0.704,110672700,0.703,65274000,0.708,78667200,0.709,79844600,0.71,40159800,0.711,20165200,0.712,17296100,1514,100,0
sh513130,09:42:11,1766022132151,5391.38,0.9048,3.8584,0.707,0.7068,0.0283,19897000,14067180,0.707,0.706,120340500,0.705,134699200,0.704,111067500,0.703,65274600,0.702,63864200,0.707,50110500,0.708,75688000,0.709,71486900,0.71,37828300,0.711,16268800,1326,100,0
sh513130,09:42:14,1766022136161,5390.15,0.9048,2.759,0.707,0.7068,0.0283,5177200,3660280,0.707,0.706,122185000,0.705,134804800,0.704,110943500,0.703,65275500,0.702,63864200,0.707,47960300,0.708,78128700,0.709,71820900,0.71,37439100,0.711,16168800,964,100,0
sh513130,09:42:17,1766022139141,5391.12,0.9048,2.6585,0.707,0.7068,0.0283,179000,126530,0.7069,0.706,122290700,0.705,134815000,0.704,110897800,0.703,65285500,0.702,63144000,0.707,33329600,0.708,78829300,0.709,71950500,0.71,37516100,0.711,22013600,698,100,0
sh513130,09:42:20,1766022142151,5391.08,0.9048,2.1666,0.707,0.7068,0.0283,3602000,2546611,0.707,0.706,122389100,0.705,134784000,0.704,110957700,0.703,65313500,0.702,63174000,0.707,10460000,0.708,79485200,0.709,71960500,0.71,37531200,0.711,22013600,450,100,0
sh513130,09:42:23,1766022145144,5388.87,0.9048,4.749,0.707,0.7068,0.0283,266900,188698,0.707,0.706,122687500,0.705,134674000,0.704,110993300,0.703,65290500,0.702,63179000,0.707,45893300,0.708,74060100,0.709,72621100,0.71,29531200,0.711,16768200,696,100,0
sh513130,09:42:26,1766022148159,5388.8,0.9048,3.9927,0.707,0.7068,0.0283,780000,551460,0.707,0.706,122919300,0.705,135154700,0.704,110996600,0.703,65265700,0.702,63195000,0.707,37554200,0.708,80092200,0.709,73098200,0.71,37585900,0.711,16768200,1730,100,0
sh513130,09:42:29,1766022151160,5389.45,0.9048,6.1005,0.706,0.7068,-0.1132,789700,557590,0.7061,0.706,122629500,0.705,135212800,0.704,111001600,0.703,65265700,0.702,63162100,0.707,25046300,0.708,80050900,0.709,73144300,0.71,37735900,0.711,22613000,729,100,0
sh513130,09:42:32,1766022154166,5389.68,0.9048,5.7671,0.707,0.7068,0.0283,2033800,1437897,0.707,0.706,122937400,0.705,135232100,0.704,111036100,0.703,65368100,0.702,63154300,0.707,8992100,0.708,80646400,0.709,72919000,0.71,37738300,0.711,22613000,1583,100,0
sh513130,09:42:35,1766022157154,5389.9,0.9048,6.1422,0.707,0.7068,0.0283,3311700,2341369,0.707,0.706,124039100,0.705,135252100,0.704,111010200,0.703,65368100,0.702,63259300,0.707,50838200,0.708,74146700,0.709,72939000,0.71,29744400,0.711,16772200,245,100,0
sh513130,09:42:38,1766022160141,5389.29,0.9048,4.9934,0.707,0.7068,0.0283,738500,522090,0.707,0.706,126035500,0.705,135539500,0.704,111113700,0.703,65325100,0.702,63274100,0.707,44094700,0.708,80455500,0.709,73039000,0.71,30110100,0.711,16772200,1064,100,0
sh513130,09:42:41,1766022163146,5388.73,0.9048,3.9946,0.707,0.7068,0.0283,515800,364310,0.7063,0.706,125010000,0.705,135733100,0.704,111124700,0.703,65321000,0.702,63273600,0.707,50983300,0.708,73901900,0.709,73039000,0.71,29724100,0.711,16772200,689,100,0
sh513130,09:42:44,1766022165164,5388.89,0.9048,5.3034,0.707,0.7068,0.0283,204800,144735,0.7067,0.706,125471400,0.705,136214800,0.704,112221700,0.703,65379500,0.702,63277100,0.707,57768600,0.708,73777300,0.709,73608100,0.71,25169600,0.711,16772200,747,100,0
sh513130,09:42:41,1766022166140,5388.89,0.9048,4.6467,0.707,0.7068,0.0283,0,0,0.707,0.706,125010000,0.705,135733100,0.704,111124700,0.703,65321000,0.702,63273600,0.707,50983300,0.708,73901900,0.709,73039000,0.71,29724100,0.711,16772200,531,100,1
sh513130,09:42:44,1766022167141,5388.17,0.9048,4.3295,0.707,0.7068,0.0283,204800,144735,0.7067,0.706,125471400,0.705,136214800,0.704,112221700,0.703,65379500,0.702,63277100,0.707,57768600,0.708,73777300,0.709,73608100,0.71,25169600,0.711,16772200,704,100,0
sh513130,09:42:47,1766022169139,5386.41,0.9048,5.4791,0.707,0.7068,0.0283,272200,192434,0.707,0.706,97340700,0.705,145521600,0.704,112222900,0.703,79792000,0.702,63027100,0.707,60329700,0.708,73753000,0.709,73608100,0.71,25155600,0.711,16786000,699,100,0
sh513130,09:42:50,1766022172137,5386.59,0.9048,3.3888,0.707,0.7068,0.0283,649300,458970,0.7069,0.706,96083200,0.705,145641100,0.704,114119100,0.703,79812900,0.702,63026600,0.707,61268100,0.708,74290100,0.709,72618100,0.71,25295600,0.711,16786000,15,100,0
sh513130,09:42:53,1766022175147,5384.55,0.9048,3.7474,0.707,0.7055,0.2126,17800,12584,0.707,0.706,95919800,0.705,145899000,0.704,116059300,0.703,79865900,0.702,63053900,0.707,62646700,0.708,74179500,0.709,71638100,0.71,24795600,0.711,17143700,719,100,0
sh513130,09:42:56,1766022178150,5383.07,0.9048,4.1563,0.707,0.7061,0.1275,238300,168478,0.707,0.706,56631700,0.705,146251900,0.704,135930700,0.703,79870900,0.702,63070800,0.707,63938500,0.708,73847900,0.709,65614800,0.71,24816300,0.711,16748700,1661,100,0
sh513130,09:42:59,1766022181134,5380.89,0.9048,4.2316,0.706,0.7061,-0.0142,55934900,39490321,0.706,0.705,146635100,0.704,137945200,0.703,85338000,0.702,63098800,0.701,56673700,0.706,13392400,0.707,61589600,0.708,67243800,0.709,61483900,0.71,24261200,312,100,0
sh513130,09:43:02,1766022184126,5380.66,0.9048,2.8757,0.706,0.7055,0.0709,8704900,6145704,0.706,0.706,67815500,0.705,149139200,0.704,139126100,0.703,85352300,0.702,63105700,0.707,64955500,0.708,67355300,0.709,58743500,0.71,24725000,0.711,16861700,744,100,0
sh513130,09:43:05,1766022186122,5382.1,0.9048,2.6527,0.707,0.7055,0.2126,417000,294427,0.7061,0.706,74066200,0.705,149160900,0.704,140143300,0.703,80631600,0.702,63100700,0.707,68103500,0.708,67354300,0.709,58643500,0.71,24725000,0.711,16872300,940,100,0
sh513130,09:43:02,1766022187133,5382.57,0.9048,2.4894,0.706,0.7055,0.0709,0,0,0.706,0.706,67815500,0.705,149139200,0.704,139126100,0.703,85352300,0.702,63105700,0.707,64955500,0.708,67355300,0.709,58743500,0.71,24725000,0.711,16861700,702,100,1
sh513130,09:43:05,1766022188135,5382.57,0.9048,1.8747,0.707,0.7055,0.2126,417000,294427,0.7061,0.706,74066200,0.705,149160900,0.704,140143300,0.703,80631600,0.702,63100700,0.707,68103500,0.708,67354300,0.709,58643500,0.71,24725000,0.711,16872300,772,100,0
sh513130,09:43:08,1766022190140,5382.25,0.9048,2.0284,0.707,0.7055,0.2126,62400,44061,0.7061,0.706,75345900,0.705,149230700,0.704,140586000,0.703,80421600,0.702,63116900,0.707,69857200,0.708,67864900,0.709,58643500,0.71,24729000,0.711,17169300,599,100,0
sh513130,09:43:11,1766022193146,5384.44,0.9048,4.0205,0.707,0.7055,0.2126,129800,91769,0.707,0.706,99636500,0.705,142380000,0.704,134399700,0.703,66057900,0.702,63128700,0.707,68067700,0.708,70341300,0.709,61027400,0.71,24864000,0.711,17179300,724,100,0
sh513130,09:43:14,1766022196143,5384.26,0.9048,7.7543,0.707,0.7055,0.2126,82300,58186,0.707,0.706,78123500,0.705,151321500,0.704,133382700,0.703,80491000,0.702,63195500,0.707,73817700,0.708,70873300,0.709,61112600,0.71,24860000,0.711,17179300,75,100,0
sh513130,09:43:17,1766022199150,5384.04,0.9048,5.1874,0.707,0.7061,0.1275,317200,224260,0.707,0.706,77237700,0.705,152438300,0.704,134368100,0.703,79641400,0.702,63305700,0.707,74302300,0.708,70825800,0.709,62248000,0.71,24423300,0.711,17179300,690,100,0
sh513130,09:43:20,1766022202160,5383.46,0.9048,3.9045,0.707,0.7061,0.1275,302100,213585,0.707,0.706,79602000,0.705,152527100,0.704,135351700,0.703,79732800,0.702,63305700,0.707,84421500,0.708,71752500,0.709,62451000,0.71,24433300,0.711,17179300,1718,100,0
sh513130,09:43:23,1766022205160,5383.94,0.9048,3.1139,0.707,0.7061,0.1275,1480900,1046854,0.7069,0.706,80275100,0.705,153299100,0.704,136279000,0.703,79840900,0.702,63305700,0.707,84190800,0.708,72059200,0.709,62522600,0.71,25162100,0.711,17179300,414,100,0
sh513130,09:43:26,1766022208156,5384.2,0.9048,2.9233,0.707,0.7061,0.1275,178800,126412,0.707,0.706,81145600,0.705,152973600,0.704,137095700,0.703,79790900,0.702,63314200,0.707,84531800,0.708,72019200,0.709,62941300,0.71,25148600,0.711,17179300,1250,100,0
sh513130,09:43:29,1766022210142,5384.48,0.9048,2.1636,0.707,0.7061,0.1275,1072700,758380,0.707,0.706,69206600,0.705,152935300,0.704,138201000,0.703,79785400,0.702,63196600,0.707,84130000,0.708,72019200,0.709,63046100,0.71,25156000,0.711,17407600,1058,100,0
sh513130,09:43:32,1766022214143,5382.98,0.9048,2.9406,0.707,0.7062,0.1133,59200,41834,0.7067,0.706,67774600,0.705,153510200,0.704,139186800,0.703,79821000,0.702,63196600,0.707,85319200,0.708,71605500,0.709,61856100,0.71,25156000,0.711,17407600,701,100,0
sh513130,09:43:35,1766022218148,5382.46,0.9048,2.6268,0.707,0.7062,0.1133,405800,286861,0.7069,0.706,67925700,0.705,153748200,0.704,139667600,0.703,79825000,0.702,63196600,0.707,86324400,0.708,71605500,0.709,61956100,0.71,25154000,0.711,17607600,368,100,0
sh513130,09:43:38,1766022220139,5382.66,0.9048,3.3216,0.707,0.7062,0.1133,444700,314357,0.7069,0.706,35271700,0.705,153794700,0.704,139809500,0.703,79825000,0.702,63196600,0.707,86056800,0.708,71656900,0.709,61063200,0.71,25404000,0.711,17634700,184,100,0
sh513130,09:43:41,1766022223146,5382.42,0.9048,3.7202,0.707,0.7062,0.1133,717200,507059,0.707,0.706,67055900,0.705,153641400,0.704,139841500,0.703,79825000,0.702,63244600,0.707,85497400,0.708,71656900,0.709,61375900,0.71,25414000,0.711,17634700,704,100,0
sh513130,09:43:44,1766022226137,5382.17,0.9048,4.6822,0.707,0.7062,0.1133,654100,462310,0.7068,0.706,69618100,0.705,155041300,0.704,139756500,0.703,79834400,0.702,63593700,0.707,85228800,0.708,71807900,0.709,62269800,0.71,25424000,0.711,17639700,1672,100,0
sh513130,09:43:47,1766022229146,5383.56,0.9048,4.3658,0.707,0.7062,0.1133,327000,231179,0.707,0.706,55787000,0.705,155008700,0.704,139802500,0.703,79804400,0.702,63619300,0.707,84939800,0.708,71932900,0.709,63163700,0.71,25431100,0.711,17639700,466,100,0
sh513130,09:43:50,1766022231147,5383.82,0.9048,2.9927,0.707,0.7062,0.1133,905600,639637,0.7063,0.706,71255700,0.705,155190400,0.704,139856500,0.703,79750400,0.702,63541900,0.707,85347200,0.708,72032000,0.709,64157600,0.71,25431100,0.711,17639700,290,100,0
sh513130,09:43:53,1766022235138,5382.42,0.9048,3.0598,0.707,0.7062,0.1133,120100,84911,0.707,0.706,70318800,0.705,155229400,0.704,139791700,0.703,79750400,0.702,63551900,0.707,85274700,0.708,72040000,0.709,64688400,0.71,25431100,0.711,17639700,684,100,0
sh513130,09:43:56,1766022238138,5382.7,0.9048,2.7635,0.707,0.7062,0.1133,378800,267587,0.7064,0.706,72183700,0.705,155326900,0.704,139902100,0.703,79830400,0.702,63583500,0.707,85684800,0.708,72020200,0.709,64798600,0.71,25431100,0.711,17689900,757,100,0
sh513130,09:43:59,1766022241139,5382.79,0.9048,2.161,0.707,0.7062,0.1133,1450000,1025048,0.7069,0.706,79598600,0.705,146885800,0.704,140375100,0.703,79830400,0.702,63560700,0.707,84249300,0.708,72023200,0.709,64808600,0.71,25480400,0.711,17689900,677,100,0
sh513130,09:44:02,1766022243131,5383.35,0.9048,2.976,0.707,0.7062,0.1133,174200,123085,0.7066,0.706,93723000,0.705,146246700,0.704,140342400,0.703,75846300,0.702,63560700,0.707,81763700,0.708,71999100,0.709,65843600,0.71,25114200,0.711,17689900,724,100,0
sh513130,09:44:05,1766022246107,5382.8,0.9048,2.2791,0.706,0.7062,-0.0283,43700,30896,0.707,0.706,76906400,0.705,154686400,0.704,140362900,0.703,84438300,0.702,63567100,0.707,81608800,0.708,72198100,0.709,65949500,0.71,25116900,0.711,17811700,14,100,0
sh513130,09:44:08,1766022250112,5382.59,0.9048,5.1475,0.707,0.7062,0.1133,160900,113706,0.7067,0.706,86751300,0.705,146291500,0.704,140359300,0.703,84418800,0.702,63567100,0.707,90262800,0.708,72276600,0.709,56902100,0.71,25205600,0.711,17811700,1697,100,0
sh513130,09:44:11,1766022254132,5382.41,0.9048,3.8137,0.706,0.7055,0.0709,72600,51307,0.7067,0.706,86916600,0.705,146366500,0.704,140243600,0.703,84632800,0.702,63570300,0.707,89049200,0.708,72336800,0.709,56902100,0.71,25341600,0.711,17811700,1502,100,0
sh513130,09:44:14,1766022256128,5382.37,0.9048,3.4309,0.707,0.7055,0.2126,240400,169963,0.707,0.706,80184200,0.705,154807000,0.704,140185000,0.703,84632800,0.702,63614100,0.707,89852900,0.708,73017400,0.709,56902100,0.71,25136800,0.711,17811700,1326,100,0
sh513130,09:44:17,1766022259141,5380.26,0.9048,4.3135,0.707,0.7055,0.2126,749900,530064,0.7068,0.706,60212900,0.705,154890300,0.704,140348000,0.703,84646800,0.702,63604100,0.707,89625000,0.708,73017400,0.709,52045200,0.71,25136800,0.711,17811700,706,100,0
sh513130,09:44:20,1766022262136,5380.82,0.9048,3.8623,0.707,0.7055,0.2126,141800,100149,0.7063,0.706,34004300,0.705,154787900,0.704,140338800,0.703,89658800,0.702,63651100,0.707,92072100,0.708,72886300,0.709,52020200,0.71,25048100,0.711,17811700,818,100,0
sh513130,09:44:23,1766022264155,5380.52,0.9048,3.3826,0.707,0.7055,0.2126,960100,678111,0.7063,0.706,33383900,0.705,155409900,0.704,140409800,0.703,89653800,0.702,63641100,0.707,92849000,0.708,72429000,0.709,52030200,0.71,25039600,0.711,17811700,652,100,0
sh513130,09:44:26,1766022268151,5380.32,0.9048,4.9856,0.707,0.7055,0.2126,361900,255623,0.7063,0.706,33625800,0.705,155403300,0.704,140575400,0.703,89691000,0.702,63705100,0.707,94158300,0.708,73119000,0.709,52038400,0.71,25069600,0.711,17811700,314,100,0
sh513130,09:44:29,1766022271158,5380.54,0.9048,5.7283,0.707,0.7055,0.2126,252300,178318,0.7068,0.706,35740200,0.705,155603900,0.704,140550600,0.703,89696200,0.702,63845500,0.707,94991000,0.708,73089300,0.709,52049400,0.71,25085400,0.711,17811700,734,100,0
sh513130,09:44:32,1766022274166,5381.32,0.9048,4.7439,0.707,0.7055,0.2126,463600,327652,0.7068,0.706,37953200,0.705,155387100,0.704,140562100,0.703,89168800,0.702,63850500,0.707,95271000,0.708,73087900,0.709,52069600,0.71,25085400,0.711,17811700,1686,100,0
sh513130,09:44:35,1766022276168,5381.32,0.9048,4.1266,0.707,0.7055,0.2126,853500,603425,0.707,0.706,38298500,0.705,155541100,0.704,141086600,0.703,89180900,0.702,63687300,0.707,94423600,0.708,73087900,0.709,52258300,0.71,25085400,0.711,17811700,1659,100,0
sh513130,09:44:38,1766022281158,5381.5,0.9048,3.2108,0.707,0.7055,0.2126,383100,270544,0.7062,0.706,38320000,0.705,155671300,0.704,141135900,0.703,89180900,0.702,63705300,0.707,94381500,0.708,73087900,0.709,52313300,0.71,25107600,0.711,17811700,276,100,0
sh513130,09:44:41,1766022284168,5380.72,0.9048,3.2829,0.707,0.7055,0.2126,1236700,874131,0.7068,0.706,38669200,0.705,155804400,0.704,141170800,0.703,89180900,0.702,63657200,0.707,93728400,0.708,73087900,0.709,52303300,0.71,25107600,0.711,17811700,1113,100,0
sh513130,09:44:44,1766022286186,5380.67,0.9048,3.0344,0.707,0.7055,0.2126,73100,51666,0.7068,0.706,38784500,0.705,156020600,0.704,141175800,0.703,89091400,0.702,63814200,0.707,93616800,0.708,73041300,0.709,52303300,0.71,25093800,0.711,17811700,958,100,0
sh513130,09:44:47,1766022289186,5381.94,0.9048,4.6086,0.706,0.7055,0.0709,639100,451425,0.7063,0.706,72543800,0.705,156159300,0.704,141176800,0.703,85940100,0.702,63814200,0.707,91859000,0.708,73041300,0.709,52421700,0.71,25093800,0.711,18016500,722,100,0
sh513130,09:44:50,1766022292184,5382.48,0.9048,4.849,0.707,0.7055,0.2126,68500,48430,0.707,0.706,73013300,0.705,156025800,0.704,141268800,0.703,85940100,0.702,63814200,0.707,87837800,0.708,73068400,0.709,53315600,0.71,25098800,0.711,18016500,429,100,0
sh513130,09:44:53,1766022296197,5381.85,0.9048,2.3083,0.707,0.7055,0.2126,76100,53800,0.707,0.706,73406500,0.705,156110300,0.704,141301300,0.703,85918600,0.702,63829200,0.707,87857200,0.708,73258100,0.709,54209500,0.71,25902100,0.711,18016500,87,100,0
sh513130,09:44:56,1766022298198,5382.21,0.9048,2.9544,0.706,0.7055,0.0709,575300,406285,0.7062,0.706,74348700,0.705,156175100,0.704,141307300,0.703,85945600,0.702,63864200,0.707,88070500,0.708,73259100,0.709,55036800,0.71,25902100,0.711,18016500,1748,100,0
sh513130,09:44:59,1766022300201,5381.73,0.9048,4.3069,0.707,0.7055,0.2126,126700,89563,0.7069,0.706,79927100,0.705,156302600,0.704,141310300,0.703,80980100,0.702,63884100,0.707,87011100,0.708,73259100,0.709,56920700,0.71,25982100,0.711,18016500,1747,100,0
sh513130,09:44:56,1766022301206,5383.16,0.9048,3.6938,0.706,0.7055,0.0709,0,0,0.706,0.706,74348700,0.705,156175100,0.704,141307300,0.703,85945600,0.702,63864200,0.707,88070500,0.708,73259100,0.709,55036800,0.71,25902100,0.711,18016500,741,100,1
sh513130,09:44:59,1766022302199,5383.16,0.9048,3.6382,0.707,0.7055,0.2126,126700,89563,0.7069,0.706,79927100,0.705,156302600,0.704,141310300,0.703,80980100,0.702,63884100,0.707,87011100,0.708,73259100,0.709,56920700,0.71,25982100,0.711,18016500,1735,100,0
sh513130,09:45:02,1766022304209,5383.06,0.9048,3.2794,0.707,0.7055,0.2126,248200,175341,0.7065,0.706,80117900,0.705,156498200,0.704,141341300,0.703,80980100,0.702,63930400,0.707,87026700,0.708,73200200,0.709,57814600,0.71,25868400,0.711,18016500,894,100,0
sh513130,09:45:05,1766022307200,5382.76,0.9048,2.9224,0.707,0.7055,0.2126,84800,59954,0.707,0.706,76674100,0.705,156676700,0.704,141356300,0.703,80973100,0.702,63928800,0.707,87883500,0.708,73364100,0.709,53260000,0.71,25858400,0.711,18028700,210,100,0
sh513130,09:45:08,1766022311200,5383.43,0.9048,3.8164,0.707,0.7055,0.2126,77300,54647,0.7069,0.706,76865400,0.705,157843400,0.704,141368900,0.703,80969800,0.702,63928800,0.707,87929500,0.708,73264900,0.709,54153900,0.71,25861400,0.711,18028700,770,100,0
sh513130,09:45:11,1766022313196,5383.1,0.9048,3.5129,0.707,0.7055,0.2126,36700,25947,0.707,0.706,77201900,0.705,158303600,0.704,141575600,0.703,80944900,0.702,63921600,0.707,86990900,0.708,73261000,0.709,53260000,0.71,25861400,0.711,18028700,708,100,0
sh513130,09:45:14,1766022316184,5382.14,0.9048,3.1672,0.707,0.7055,0.2126,266000,187832,0.7061,0.706,63774900,0.705,159107500,0.704,141382100,0.703,85985400,0.702,63926600,0.707,88028600,0.708,73235400,0.709,53275000,0.71,25943900,0.711,18028700,483,100,0
sh513130,09:45:17,1766022319200,5384.35,0.9048,4.7544,0.707,0.7055,0.2126,113900,80497,0.7067,0.706,77876200,0.705,159183600,0.704,141486700,0.703,85996000,0.702,63863700,0.707,87944700,0.708,73285400,0.709,53016900,0.71,25943900,0.711,18028700,773,100,0
sh513130,09:45:20,1766022323208,5382.16,0.9048,4.1837,0.707,0.7055,0.2126,141400,99945,0.7068,0.706,79258400,0.705,160302200,0.704,141486700,0.703,86046000,0.702,63865700,0.707,86901900,0.708,73285400,0.709,53910800,0.71,25943900,0.711,18048700,739,100,0
sh513130,09:45:23,1766022324202,5382.16,0.9048,4.1202,0.707,0.7055,0.2126,201000,142067,0.7068,0.706,79487100,0.705,160307100,0.704,141513900,0.703,86156700,0.702,63857500,0.707,88237200,0.708,72615500,0.709,54805600,0.71,25946700,0.711,18054700,1733,100,0
sh513130,09:45:26,1766022328224,5383.84,0.9048,5.3512,0.707,0.7055,0.2126,272000,192299,0.707,0.706,85497700,0.705,161790300,0.704,141521900,0.703,81159700,0.702,63807500,0.707,87318500,0.708,72873700,0.709,56699400,0.71,25946700,0.711,18054700,1523,100,0
sh513130,09:45:29,1766022332220,5382.59,0.9048,5.4477,0.707,0.7055,0.2126,273500,193301,0.7068,0.706,85962400,0.705,162042700,0.704,141432900,0.703,81183600,0.702,63830000,0.707,87320800,0.708,73073700,0.709,54921500,0.71,25946700,0.711,18054700,1251,100,0
sh513130,09:45:32,1766022333216,5382.94,0.9048,4.4155,0.707,0.7054,0.2268,1119700,790574,0.7061,0.706,79881100,0.705,162809700,0.704,141456900,0.703,80321800,0.702,63833000,0.707,88472900,0.708,73071700,0.709,53931500,0.71,26065500,0.711,18054700,68,100,0
sh513130,09:45:35,1766022337232,5383.86,0.9048,8.268,0.707,0.7054,0.2268,231000,163304,0.7069,0.706,86284300,0.705,154324900,0.704,141506900,0.703,80336900,0.702,63743000,0.707,87485700,0.708,73074200,0.709,55614800,0.71,26067600,0.711,18054700,796,100,0
sh513130,09:45:38,1766022340260,5381.9,0.9048,5.6846,0.707,0.7054,0.2268,158700,112201,0.707,0.706,94865500,0.705,153390100,0.704,141524400,0.703,80351900,0.702,63743000,0.707,87101500,0.708,72806000,0.709,56558600,0.71,26076700,0.711,18054700,557,100,0
sh513130,09:45:41,1766022342256,5382.66,0.9048,4.8616,0.707,0.7054,0.2268,864200,610965,0.707,0.706,81666000,0.705,161831900,0.704,141574800,0.703,80366900,0.702,63743000,0.707,88024900,0.708,72806000,0.709,57434400,0.71,26076700,0.711,18064700,370,100,0
sh513130,09:45:44,1766022346272,5383.03,0.9048,4.1762,0.707,0.7054,0.2268,391000,276129,0.7062,0.706,95095700,0.705,153990300,0.704,141644200,0.703,80491600,0.702,63743000,0.707,87921300,0.708,72806000,0.709,59222000,0.71,26161900,0.711,18064700,45,100,0
sh513130,09:45:47,1766022349279,5384.27,0.9048,5.8633,0.707,0.7054,0.2268,268800,189831,0.7062,0.706,110664600,0.705,153651500,0.704,140656000,0.703,66068800,0.702,63791000,0.707,88078900,0.708,73381100,0.709,60119800,0.71,26161900,0.711,18064700,832,100,0
sh513130,09:45:50,1766022352298,5385.25,0.9048,5.0826,0.707,0.7054,0.2268,70600,49913,0.707,0.706,93632700,0.705,162264500,0.704,140657100,0.703,80471600,0.702,63790500,0.707,87175900,0.708,73366900,0.709,62109400,0.71,26192900,0.711,18064700,1729,100,0
sh513130,09:45:53,1766022354308,5384.32,0.9048,4.3645,0.707,0.7054,0.2268,539500,381382,0.7069,0.706,92583300,0.705,162237900,0.704,141682100,0.703,80451600,0.702,63785500,0.707,86726300,0.708,73416900,0.709,62013200,0.71,26192900,0.711,18064700,1577,100,0
sh513130,09:45:56,1766022358299,5383.38,0.9048,4.0184,0.707,0.7061,0.1275,38700,27361,0.707,0.706,88831800,0.705,162097500,0.704,141713100,0.703,80532800,0.702,63730000,0.707,86687600,0.708,73517500,0.709,59361800,0.71,26192900,0.711,18064700,1211,100,0
sh513130,09:45:59,1766022361280,5383.27,0.9048,3.406,0.707,0.7061,0.1275,79100,55922,0.707,0.706,117145400,0.705,153702400,0.704,141870200,0.703,66191100,0.702,63731200,0.707,86506300,0.708,73517500,0.709,59362500,0.71,26222900,0.711,18064700,865,100,0
sh513130,09:46:02,1766022364276,5384.36,0.9048,3.8575,0.707,0.7061,0.1275,172100,121675,0.707,0.706,104717300,0.705,153791100,0.704,140795800,0.703,80571100,0.702,63811200,0.707,85344200,0.708,73517500,0.709,61246300,0.71,26223600,0.711,18064700,661,100,0
sh513130,09:46:05,1766022366280,5384.14,0.9048,3.4373,0.707,0.7061,0.1275,1475300,1042822,0.7069,0.706,96180500,0.705,153872100,0.704,140881100,0.703,80553100,0.702,63801200,0.707,84969200,0.708,73606500,0.709,62113900,0.71,26232100,0.711,17965400,480,100,0
sh513130,09:46:08,1766022370279,5384.63,0.9048,4.6693,0.707,0.7061,0.1275,1132900,800251,0.7064,0.706,94713400,0.705,161934100,0.704,140944500,0.703,80593100,0.702,63831200,0.707,84515200,0.708,73606500,0.709,63029200,0.71,26236600,0.711,17965400,129,100,0
sh513130,09:46:11,1766022372266,5384.4,0.9048,4.4419,0.707,0.7061,0.1275,252300,178293,0.7067,0.706,76927500,0.705,158786200,0.704,142003800,0.703,80598300,0.702,63831200,0.707,85235300,0.708,73657500,0.709,58059200,0.71,26236600,0.711,17965400,1808,100,0
sh513130,09:46:14,1766022375267,5384.47,0.9048,4.1184,0.707,0.7061,0.1275,297000,209924,0.7068,0.706,95027300,0.705,158866300,0.704,142075800,0.703,80599300,0.702,63811200,0.707,84125000,0.708,73415400,0.709,58055200,0.71,26036600,0.711,17965400,752,100,0
sh513130,09:46:17,1766022379270,5384.44,0.9048,4.5086,0.706,0.7061,-0.0142,2517200,1778657,0.7066,0.706,94891300,0.705,158877200,0.704,142076000,0.703,80605900,0.702,63836300,0.707,82616400,0.708,73460400,0.709,58909100,0.71,26041900,0.711,17965400,412,100,0
sh513130,09:46:20,1766022381260,5384.46,0.9048,4.2879,0.707,0.7061,0.1275,218000,154118,0.707,0.706,89948700,0.705,158864500,0.704,142087300,0.703,80614600,0.702,63836300,0.707,82622100,0.708,73400400,0.709,59773000,0.71,26053600,0.711,17965400,225,100,0
sh513130,09:46:23,1766022385245,5383.04,0.9048,4.3737,0.706,0.7061,-0.0142,1009600,713719,0.7069,0.706,90366800,0.705,159009200,0.704,142040300,0.703,80625800,0.702,63858500,0.707,81671000,0.708,73570400,0.709,60676900,0.71,26053600,0.711,17965400,790,100,0
sh513130,09:46:26,1766022387250,5383.51,0.9048,3.6899,0.707,0.7061,0.1275,1840000,1300176,0.7066,0.706,94765800,0.705,159058900,0.704,142133300,0.703,80625800,0.702,64068500,0.707,80712000,0.708,73569400,0.709,61802300,0.71,26053600,0.711,17955400,799,100,0
sh513130,09:46:29,1766022391258,5383.72,0.9048,4.4616,0.707,0.7061,0.1275,1123800,794518,0.707,0.706,96065000,0.705,159092000,0.704,142089800,0.703,80625800,0.702,64078500,0.707,79605700,0.708,73644400,0.709,62667900,0.71,26053600,0.711,17955400,828,100,0
sh513130,09:46:32,1766022394258,5385.0,0.9048,3.8338,0.707,0.7061,0.1275,1160000,819120,0.7061,0.706,105855300,0.705,150738400,0.704,142128900,0.703,78639800,0.702,64078500,0.707,79469800,0.708,73706900,0.709,63196500,0.71,26063600,0.711,17955400,150,100,0
sh513130,09:46:35,1766022397247,5385.01,0.9048,6.1053,0.707,0.7061,0.1275,271800,192040,0.7065,0.706,105295900,0.705,150787100,0.704,141143900,0.703,80498700,0.702,64074800,0.707,79320300,0.708,74228500,0.709,63196500,0.71,26063600,0.711,17975400,721,100,0
sh513130,09:46:38,1766022400249,5384.65,0.9048,4.5696,0.707,0.7061,0.1275,28400,20070,0.7067,0.706,106252400,0.705,150735600,0.704,141150900,0.703,78502300,0.702,64074800,0.707,79329100,0.708,74228500,0.709,63186500,0.71,26063600,0.711,17905400,1800,100,0
sh513130,09:46:41,1766022403247,5384.59,0.9048,2.7517,0.707,0.7061,0.1275,1264400,892903,0.7062,0.706,96301300,0.705,159143400,0.704,141121700,0.703,80629500,0.702,63890700,0.707,78146600,0.708,74228500,0.709,64181500,0.71,26063600,0.711,17905400,427,100,0
sh513130,09:46:44,1766022406256,5384.92,0.9048,3.4766,0.707,0.7061,0.1275,562400,397607,0.707,0.706,96540400,0.705,159197100,0.704,141152500,0.703,80629500,0.702,63899700,0.707,77650300,0.708,74230500,0.709,64191500,0.71,26062500,0.711,17905400,1256,100,0
sh513130,09:46:47,1766022410249,5383.86,0.9048,4.2096,0.707,0.7061,0.1275,1300100,918155,0.7062,0.706,96197800,0.705,159224600,0.704,141154500,0.703,80779500,0.702,63927000,0.707,78432800,0.708,74270500,0.709,64221500,0.71,25882500,0.711,17911900,904,100,0
sh513130,09:46:50,1766022412246,5384.16,0.9048,2.9747,0.707,0.7061,0.1275,243400,171949,0.7064,0.706,97251200,0.705,159800600,0.704,141156100,0.703,80785600,0.702,63447000,0.707,78537900,0.708,74332100,0.709,64221500,0.71,25787900,0.711,17911900,734,100,0
sh513130,09:46:53,1766022415249,5383.58,0.9048,2.9728,0.707,0.7061,0.1275,126600,89440,0.7065,0.706,91485300,0.705,159898800,0.704,142178200,0.703,80760000,0.702,63579000,0.707,78834500,0.708,74337100,0.709,59499500,0.71,25787900,0.711,17911900,806,100,0
sh513130,09:46:56,1766022418238,5383.66,0.9048,3.0543,0.707,0.7061,0.1275,1015400,716883,0.706,0.706,106366400,0.705,151507200,0.704,142198200,0.703,78805000,0.702,63580200,0.707,78824100,0.708,74538800,0.709,60393300,0.71,25787900,0.711,17911900,207,100,0
sh513130,09:46:59,1766022420251,5384.26,0.9048,4.192,0.707,0.7061,0.1275,172100,121668,0.707,0.706,119889400,0.705,151518500,0.704,136302000,0.703,66426000,0.702,63592200,0.707,69307500,0.708,74546100,0.709,62277100,0.71,25787900,0.711,17911900,47,100,0
sh513130,09:47:02,1766022424241,5384.94,0.9048,5.3255,0.707,0.7061,0.1275,63900,45170,0.7069,0.706,121034900,0.705,151656100,0.704,135316300,0.703,66446100,0.702,63592200,0.707,86886900,0.708,74546100,0.709,58282400,0.71,25815700,0.711,17911900,924,100,0
sh513130,09:47:05,1766022427231,5385.34,0.9048,5.2187,0.707,0.7061,0.1275,1173600,829085,0.7064,0.706,121080700,0.705,151756100,0.704,136479000,0.703,66441800,0.702,63592300,0.707,86345200,0.708,75546100,0.709,59178200,0.71,25815700,0.711,17911900,497,100,0
sh513130,09:47:08,1766022430227,5385.38,0.9048,3.8482,0.707,0.7067,0.0425,108300,76568,0.707,0.706,122303700,0.705,151852800,0.704,135461700,0.703,66447800,0.702,63592300,0.707,87736500,0.708,75550200,0.709,59199900,0.71,25815700,0.711,17911900,1320,100,0
sh513130,09:47:11,1766022433214,5385.11,0.9048,3.6549,0.707,0.7068,0.0283,1460900,1031857,0.7063,0.706,123333700,0.705,151872800,0.704,135453200,0.703,66447800,0.702,63592500,0.707,88310700,0.708,75962800,0.709,59199900,0.71,25815700,0.711,17911900,698,100,0
sh513130,09:47:14,1766022436215,5385.53,0.9048,6.0209,0.707,0.7068,0.0283,2943300,2079913,0.7067,0.706,123562500,0.705,150938600,0.704,135474200,0.703,66418800,0.702,63601100,0.707,86656700,0.708,75376600,0.709,59270500,0.71,25809700,0.711,17911900,801,100,0
sh513130,09:47:17,1766022440216,5386.3,0.9048,6.4883,0.707,0.7061,0.1275,1889900,1336140,0.707,0.706,125312300,0.705,151069200,0.704,134544200,0.703,65398800,0.702,63657500,0.707,46218700,0.708,81778100,0.709,72259300,0.71,33809700,0.711,17911900,445,100,0
sh513130,09:47:20,1766022442211,5387.04,0.9048,6.2276,0.707,0.7061,0.1275,39283900,27773717,0.707,0.707,76609200,0.706,124645000,0.705,148320900,0.704,114741400,0.703,65398900,0.708,85094400,0.709,75181400,0.71,43723700,0.711,17932900,0.712,19902400,269,100,0
sh513130,09:47:23,1766022445203,5388.2,0.9048,4.91,0.707,0.7068,0.0283,311100,220131,0.7076,0.707,44412100,0.706,125648200,0.705,148225800,0.704,114169300,0.703,65418900,0.708,84982200,0.709,76162400,0.71,44723700,0.711,17934900,0.712,19902400,723,100,0
sh513130,09:47:26,1766022448199,5387.47,0.9048,4.1364,0.707,0.7068,0.0283,38131200,26958758,0.707,0.706,132621300,0.705,149201900,0.704,114136800,0.703,65210800,0.702,63688100,0.707,9052700,0.708,92901900,0.709,76163400,0.71,44720600,0.711,17934900,1708,100,0
sh513130,09:47:29,1766022451203,5387.24,0.9048,3.0528,0.707,0.7068,0.0283,356500,252046,0.707,0.706,132404700,0.705,149213900,0.704,116126800,0.703,65382800,0.702,63701100,0.707,28458200,0.708,89509600,0.709,64164600,0.71,39820400,0.711,17934900,565,100,0
sh513130,09:47:32,1766022455205,5388.2,0.9048,2.2282,0.707,0.7061,0.1275,10460600,7395654,0.707,0.707,5202800,0.706,133130500,0.705,149462500,0.704,116153000,0.703,65325400,0.708,93929900,0.709,76163400,0.71,43764200,0.711,17934900,0.712,19904400,222,100,0
sh513130,09:47:35,1766022458186,5388.15,0.9048,2.7025,0.708,0.7061,0.2691,828000,585424,0.707,0.707,10221600,0.706,134417900,0.705,149596600,0.704,114843300,0.703,65326100,0.708,93882800,0.709,75993400,0.71,43764200,0.711,17934900,0.712,19904400,1026,100,0
sh513130,09:47:38,1766022460179,5387.72,0.9048,3.5014,0.708,0.7061,0.2691,245100,173289,0.707,0.707,31372500,0.706,132943600,0.705,148492400,0.704,114795200,0.703,65501100,0.708,94752700,0.709,80293400,0.71,43764200,0.711,17934900,0.712,19904400,853,100,0
sh513130,09:47:41,1766022463166,5387.72,0.9048,2.8933,0.707,0.7067,0.0425,3072200,2172347,0.7071,0.707,8830300,0.706,133593700,0.705,148935900,0.704,114752100,0.703,65532100,0.708,94424900,0.709,86945500,0.71,43764200,0.711,17934900,0.712,19904400,706,100,0
sh513130,09:47:44,1766022466167,5388.31,0.9048,5.1556,0.707,0.7067,0.0425,355900,251638,0.707,0.707,12332900,0.706,135668100,0.705,148980100,0.704,114799600,0.703,65532100,0.708,94380600,0.709,86945500,0.71,43764200,0.711,17934900,0.712,19904400,321,100,0
sh513130,09:47:47,1766022469159,5387.87,0.9048,3.8439,0.708,0.7061,0.2691,94700,67037,0.7079,0.707,14985400,0.706,137611200,0.705,148991600,0.704,114800600,0.703,65534700,0.708,94372000,0.709,86985700,0.71,43987100,0.711,17934900,0.712,19904400,727,100,0
sh513130,09:47:50,1766022472150,5387.83,0.9048,4.1861,0.708,0.7061,0.2691,74400,52675,0.708,0.707,15300200,0.706,139436500,0.705,148971100,0.704,114697100,0.703,65521100,0.708,94365400,0.709,87021700,0.71,43994000,0.711,17934900,0.712,19904400,1702,100,0
sh513130,09:47:53,1766022475155,5387.47,0.9048,4.4514,0.707,0.7061,0.1275,12640400,8936966,0.707,0.706,140384700,0.705,149871900,0.704,115126600,0.703,65546100,0.702,63729300,0.707,33957700,0.708,93748200,0.709,65993700,0.71,35452200,0.711,17944700,602,100,0
sh513130,09:47:56,1766022477157,5387.91,0.9048,5.4268,0.707,0.7061,0.1275,3373900,2385347,0.707,0.706,140317800,0.705,149887000,0.704,116130100,0.703,65418500,0.702,63729300,0.707,3980400,0.708,94411400,0.709,85984300,0.71,32052200,0.711,17944900,423,100,0
sh513130,09:47:59,1766022482150,5388.06,0.9048,4.8522,0.707,0.7061,0.1275,5594100,3955036,0.707,0.707,5526100,0.706,140352300,0.705,149785800,0.704,116184100,0.703,65163900,0.708,95831500,0.709,87013200,0.71,32492200,0.711,18004900,0.712,19904400,1071,100,0
sh513130,09:48:02,1766022483143,5388.14,0.9048,4.9004,0.707,0.7061,0.1275,2318600,1639250,0.707,0.706,143679600,0.705,150085300,0.704,115194100,0.703,65165900,0.702,63736300,0.707,44837700,0.708,95880500,0.709,66365000,0.71,32478200,0.711,18005700,716,100,0
sh513130,09:47:59,1766022484143,5388.14,0.9048,4.1755,0.707,0.7061,0.1275,0,0,0.707,0.707,5526100,0.706,140352300,0.705,149785800,0.704,116184100,0.703,65163900,0.708,95831500,0.709,87013200,0.71,32492200,0.711,18004900,0.712,19904400,829,100,1
sh513130,09:48:02,1766022485148,5387.94,0.9048,3.2924,0.707,0.7061,0.1275,2318600,1639250,0.707,0.706,143679600,0.705,150085300,0.704,115194100,0.703,65165900,0.702,63736300,0.707,44837700,0.708,95880500,0.709,66365000,0.71,32478200,0.711,18005700,692,100,0
sh513130,09:48:05,1766022486147,5387.94,0.9048,4.0133,0.707,0.7061,0.1275,682100,482244,0.707,0.706,142738500,0.705,150293100,0.704,116192900,0.703,65114900,0.702,63738300,0.707,45168600,0.708,89049800,0.709,65094700,0.71,32077700,0.711,18005900,715,100,0
sh513130,09:48:08,1766022490124,5387.91,0.9048,4.9822,0.707,0.706,0.1416,2334000,1650138,0.707,0.706,142536900,0.705,150332600,0.704,116280200,0.703,65015200,0.702,63714700,0.707,4886900,0.708,95480300,0.709,85093400,0.71,32110100,0.711,17945900,331,100,0
sh513130,09:48:11,1766022494108,5386.61,0.9048,2.8034,0.707,0.706,0.1416,1717400,1213926,0.7068,0.706,143212500,0.705,150498000,0.704,116372500,0.703,65028800,0.702,63714700,0.707,4434100,0.708,95868700,0.709,86315600,0.71,32110100,0.711,17945900,1686,100,0
sh513130,09:48:14,1766022496099,5386.25,0.9048,3.4385,0.707,0.706,0.1416,1601200,1132034,0.707,0.706,144665600,0.705,150575900,0.704,116421600,0.703,65028800,0.702,63714700,0.707,35070700,0.708,89847300,0.709,66326800,0.71,32510100,0.711,17947300,1682,100,0
sh513130,09:48:17,1766022498090,5386.25,0.9048,3.4102,0.707,0.7067,0.0425,2143600,1515147,0.7068,0.706,144713700,0.705,150597900,0.704,116201900,0.703,65048500,0.702,63707600,0.707,5080100,0.708,96738600,0.709,86043400,0.71,32580100,0.711,17947500,1618,100,0
sh513130,09:48:20,1766022502089,5386.85,0.9048,2.5857,0.707,0.7067,0.0425,2260600,1598244,0.707,0.707,6474800,0.706,146028100,0.705,149677900,0.704,116206000,0.703,65076500,0.708,96738600,0.709,87113400,0.71,32580100,0.711,18207500,0.712,20056200,1420,100,0
sh513130,09:48:23,1766022506086,5386.26,0.9048,3.3154,0.707,0.7067,0.0425,33900,23967,0.707,0.707,14513000,0.706,147187200,0.705,150453700,0.704,114955800,0.703,65076500,0.708,96515800,0.709,87395600,0.71,32580100,0.711,18117100,0.712,20056200,1057,100,0
sh513130,09:48:26,1766022508090,5386.84,0.9048,3.7346,0.707,0.7067,0.0425,97400,68893,0.7073,0.707,15242500,0.706,147290100,0.705,150517700,0.704,114968800,0.703,65077500,0.708,96484600,0.709,87470200,0.71,32558900,0.711,18117100,0.712,20066200,886,100,0
sh513130,09:48:29,1766022511088,5386.78,0.9048,1.9775,0.708,0.7067,0.184,8100,5733,0.7078,0.707,15927600,0.706,147783800,0.705,150505500,0.704,114961200,0.703,65067500,0.708,96508300,0.709,87470200,0.71,32558900,0.711,18167000,0.712,20066200,657,100,0
sh513130,09:48:32,1766022514081,5386.67,0.9048,1.4637,0.708,0.7067,0.184,41100,29090,0.7078,0.707,17349700,0.706,146484900,0.705,150458400,0.704,114977500,0.703,65037500,0.708,96477200,0.709,87470200,0.71,33558900,0.711,18167000,0.712,20066200,351,100,0
sh513130,09:48:35,1766022516082,5386.39,0.9048,3.0354,0.707,0.7067,0.0425,1096100,775038,0.7071,0.707,39629400,0.706,146243900,0.705,150471300,0.704,114979400,0.703,65035000,0.708,96540100,0.709,87602500,0.71,33558900,0.711,18254000,0.712,20066200,183,100,0
sh513130,09:48:38,1766022521065,5386.21,0.9048,2.9848,0.708,0.7067,0.184,350200,247671,0.7072,0.707,21360100,0.706,146972500,0.705,150518500,0.704,114965500,0.703,65095000,0.708,96673100,0.709,87553500,0.71,33560000,0.711,18254000,0.712,20066200,642,100,0
sh513130,09:48:41,1766022523064,5385.96,0.9048,2.6317,0.708,0.706,0.2833,1159400,819769,0.7071,0.707,12702100,0.706,146856300,0.705,150499000,0.704,115265500,0.703,65204500,0.708,96678800,0.709,87553500,0.71,33550900,0.711,18254000,0.712,20276200,609,100,0
sh513130,09:48:44,1766022526070,5387.43,0.9048,5.3424,0.708,0.706,0.2833,6304700,4457459,0.707,0.707,50789400,0.706,146109100,0.705,149549100,0.704,115526000,0.703,65211900,0.708,94660300,0.709,87573500,0.71,35560900,0.711,19254000,0.712,20277700,1472,100,0
sh513130,09:48:47,1766022529060,5387.94,0.9048,6.8705,0.707,0.706,0.1416,152700,108092,0.7079,0.707,51759600,0.706,146433800,0.705,149537300,0.704,115101800,0.703,65197300,0.708,94628000,0.709,87573500,0.71,35560900,0.711,19163400,0.712,20330900,97,100,0
sh513130,09:48:50,1766022532062,5388.34,0.9048,6.3532,0.708,0.706,0.2833,1110700,785376,0.7071,0.707,51583400,0.706,146792300,0.705,149666500,0.704,115515900,0.703,65202200,0.708,94391300,0.709,87723100,0.71,35560900,0.711,19163400,0.712,20345900,915,100,0
sh513130,09:48:53,1766022535069,5388.07,0.9048,4.6148,0.707,0.7067,0.0425,117800,83294,0.7071,0.707,50649900,0.706,146533100,0.705,149627600,0.704,115557900,0.703,65202200,0.708,94668300,0.709,87610800,0.71,35570900,0.711,19163400,0.712,20365900,643,100,0
sh513130,09:48:56,1766022538060,5387.89,0.9048,2.4503,0.708,0.706,0.2833,50500,35744,0.7078,0.707,36145800,0.706,147016400,0.705,149526300,0.704,115482200,0.703,66365100,0.708,95047800,0.709,87665700,0.71,35580900,0.711,19225900,0.712,20365900,388,100,0
sh513130,09:48:59,1766022541048,5387.38,0.9048,3.0573,0.707,0.706,0.1416,874400,618993,0.7079,0.707,54139400,0.706,141395500,0.705,149332700,0.704,115482200,0.703,66345100,0.708,94153100,0.709,87565700,0.71,36420100,0.711,19233100,0.712,20365900,599,100,0
sh513130,09:49:02,1766022545044,5387.92,0.9048,1.8168,0.708,0.7067,0.184,123600,87507,0.708,0.707,54930100,0.706,141563300,0.705,149247000,0.704,115581000,0.703,66361300,0.708,94286600,0.709,87586900,0.71,36653300,0.711,19240000,0.712,20365900,586,100,0
sh513130,09:49:05,1766022547045,5388.47,0.9048,1.7342,0.708,0.7067,0.184,1146500,810720,0.7071,0.707,56593600,0.706,141702600,0.705,149237900,0.704,115595000,0.703,66596000,0.708,94219100,0.709,87586900,0.71,36664800,0.711,19240000,0.712,20365900,629,100,0
sh513130,09:49:08,1766022551026,5388.6,0.9048,2.5305,0.708,0.7067,0.184,75900,53737,0.708,0.707,42249000,0.706,142616400,0.705,149183200,0.704,115549600,0.703,66593000,0.708,94283300,0.709,87642500,0.71,36661400,0.711,19290000,0.712,20365900,336,100,0
sh513130,09:49:11,1766022552021,5388.6,0.9048,2.387,0.708,0.7067,0.184,977500,691314,0.7072,0.707,55653000,0.706,141969000,0.705,149201800,0.704,115361600,0.703,66491900,0.708,94085500,0.709,88342500,0.71,36661400,0.711,19345300,0.712,20365900,1331,100,0
sh513130,09:49:08,1766022553018,5388.17,0.9048,3.22,0.708,0.7067,0.184,0,0,0.708,0.707,42249000,0.706,142616400,0.705,149183200,0.704,115549600,0.703,66593000,0.708,94283300,0.709,87642500,0.71,36661400,0.711,19290000,0.712,20365900,146,100,1
sh513130,09:49:11,1766022554008,5388.17,0.9048,3.2263,0.708,0.7067,0.184,977500,691314,0.7072,0.707,55653000,0.706,141969000,0.705,149201800,0.704,115361600,0.703,66491900,0.708,94085500,0.709,88342500,0.71,36661400,0.711,19345300,0.712,20365900,1137,100,0
sh513130,09:49:14,1766022556009,5387.57,0.9048,3.1651,0.708,0.7067,0.184,557600,394449,0.7074,0.707,58520800,0.706,142610300,0.705,148937500,0.704,115347000,0.703,66491900,0.708,94261000,0.709,88352300,0.71,37146200,0.711,19355300,0.712,20365900,958,100,0
sh513130,09:49:17,1766022559038,5389.29,0.9048,2.7928,0.708,0.7067,0.184,1741700,1233123,0.708,0.707,59974800,0.706,142554400,0.705,147728900,0.704,114968200,0.703,66491700,0.708,91846800,0.709,88380600,0.71,38136200,0.711,19382100,0.712,20365900,588,100,0
sh513130,09:49:20,1766022562000,5389.63,0.9048,5.8448,0.708,0.7067,0.184,616100,436199,0.708,0.707,63437300,0.706,142468300,0.705,147714600,0.704,114968200,0.703,66491700,0.708,91450500,0.709,88388100,0.71,38186200,0.711,19490200,0.712,20365900,405,100,0
sh513130,09:49:23,1766022565006,5389.49,0.9048,3.887,0.708,0.7067,0.184,236400,167371,0.708,0.707,64345600,0.706,142492000,0.705,147546000,0.704,115350200,0.703,66462200,0.708,92683400,0.709,88329600,0.71,41236200,0.711,19490200,0.712,20365900,571,100,0
sh513130,09:49:26,1766022567979,5388.73,0.9048,2.3145,0.707,0.7067,0.0425,1348900,954945,0.7079,0.707,64630200,0.706,143017100,0.705,147597500,0.704,115416100,0.703,66453600,0.708,91481500,0.709,88609600,0.71,41236200,0.711,19490200,0.712,20365900,1567,100,0
sh513130,09:49:29,1766022570984,5388.65,0.9048,1.7286,0.708,0.7067,0.184,232800,164822,0.708,0.707,64895700,0.706,143432300,0.705,147617100,0.704,115021900,0.703,66463600,0.708,91211100,0.709,88609600,0.71,41230400,0.711,19490200,0.712,20435900,566,100,0
sh513130,09:49:32,1766022573967,5389.11,0.9048,5.7288,0.708,0.7067,0.184,1018700,721240,0.708,0.707,65615200,0.706,143469400,0.705,147570500,0.704,115024300,0.703,65764300,0.708,90572800,0.709,88663700,0.71,41090200,0.711,19490200,0.712,20435900,1496,100,0
sh513130,09:49:35,1766022577966,5389.06,0.9048,1.6457,0.708,0.7067,0.184,1124400,796075,0.708,0.707,66281000,0.706,143213900,0.705,147624000,0.704,115059500,0.703,65738500,0.708,89738800,0.709,88776100,0.71,42141800,0.711,19490200,0.712,20437400,1150,100,0
sh513130,09:49:38,1766022579975,5389.24,0.9048,2.5282,0.708,0.7067,0.184,358300,253676,0.708,0.707,71885900,0.706,144222800,0.705,147568600,0.704,110025600,0.703,65792800,0.708,89509000,0.709,88776100,0.71,42191800,0.711,19447700,0.712,20437400,989,100,0
sh513130,09:49:41,1766022583966,5389.29,0.9048,3.1072,0.708,0.7067,0.184,1218900,862981,0.708,0.707,72328500,0.706,144361800,0.705,147675000,0.704,110321600,0.703,65795900,0.708,88269300,0.709,88769900,0.71,42207900,0.711,19447700,0.712,20437400,628,100,0
sh513130,09:49:44,1766022585948,5389.04,0.9048,2.4454,0.708,0.7067,0.184,185900,131617,0.708,0.707,75179000,0.706,144077300,0.705,147684700,0.704,110308200,0.703,65813400,0.708,88053700,0.709,88777900,0.71,43207900,0.711,19608800,0.712,20437400,433,100,0
sh513130,09:49:47,1766022588956,5389.61,0.9048,2.8877,0.708,0.7067,0.184,1076400,762081,0.708,0.707,77713500,0.706,144042300,0.705,146756000,0.704,110610100,0.703,66018500,0.708,86973500,0.709,88833000,0.71,43207900,0.711,19608800,0.712,20427400,510,100,0
sh513130,09:49:50,1766022591958,5389.41,0.9048,3.8101,0.708,0.7067,0.184,1392800,986089,0.708,0.707,76975900,0.706,144069500,0.705,147707300,0.704,110695600,0.703,65999500,0.708,85624600,0.709,88833100,0.71,43255400,0.711,19708800,0.712,20427400,1531,100,0
sh513130,09:49:53,1766022594948,5388.93,0.9048,2.5167,0.708,0.7067,0.184,648600,458641,0.7071,0.707,77247800,0.706,144066200,0.705,147730700,0.704,110638000,0.703,65999500,0.708,85603200,0.709,88843100,0.71,43253400,0.711,19708800,0.712,20427400,539,100,0
sh513130,09:49:56,1766022597946,5388.79,0.9048,1.7545,0.708,0.7067,0.184,1249300,884494,0.708,0.707,61522700,0.706,144231900,0.705,147811000,0.704,110829900,0.703,65999500,0.708,84851800,0.709,88843100,0.71,53253400,0.711,19708800,0.712,20427400,1524,100,0
sh513130,09:49:59,1766022600952,5388.64,0.9048,1.4597,0.708,0.7067,0.184,629800,445875,0.708,0.707,62001300,0.706,144184800,0.705,147624700,0.704,110817400,0.703,65976300,0.708,84289000,0.709,88794100,0.71,53869300,0.711,19958800,0.712,20627400,197,100,0
sh513130,09:50:02,1766022603959,5388.96,0.9048,2.7592,0.708,0.7068,0.1698,2229300,1576949,0.7074,0.707,74775700,0.706,145209900,0.705,147585600,0.704,110369000,0.703,66124600,0.708,83882700,0.709,88794100,0.71,53879300,0.711,19978800,0.712,20622400,644,100,0
sh513130,09:50:05,1766022606946,5389.09,0.9048,2.3846,0.707,0.7068,0.0283,597700,423003,0.7077,0.707,74958000,0.706,144909100,0.705,148663100,0.704,110369300,0.703,66121200,0.708,84445400,0.709,88814100,0.71,52738300,0.711,19978800,0.712,20622400,527,100,0
sh513130,09:50:08,1766022610949,5388.78,0.9048,6.1609,0.708,0.7067,0.184,395500,280007,0.708,0.707,74926300,0.706,144934300,0.705,148612900,0.704,110374300,0.703,66115200,0.708,85021500,0.709,88814100,0.71,52738300,0.711,19983800,0.712,20622400,534,100,0
sh513130,09:50:11,1766022612954,5388.67,0.9048,4.1815,0.708,0.7068,0.1698,176300,124798,0.7079,0.707,76493900,0.706,144993200,0.705,147620900,0.704,110395200,0.703,66110700,0.708,84119900,0.709,88834100,0.71,53728300,0.711,19993800,0.712,20622400,534,100,0
sh513130,09:50:14,1766022616946,5389.65,0.9048,6.9255,0.708,0.7068,0.1698,209900,148610,0.708,0.707,76783400,0.706,144962200,0.705,147617700,0.704,110383300,0.703,66116700,0.708,84117900,0.709,89483000,0.71,53699300,0.711,19993800,0.712,20622400,511,100,0
sh513130,09:50:17,1766022618951,5389.85,0.9048,5.6807,0.708,0.7067,0.184,84300,59684,0.708,0.707,76912300,0.706,144847200,0.705,148710500,0.704,110386400,0.703,66136700,0.708,78116400,0.709,89680200,0.71,53699300,0.711,19993800,0.712,20622400,535,100,0
sh513130,09:50:20,1766022622949,5389.26,0.9048,6.4419,0.708,0.7067,0.184,127900,90453,0.7072,0.707,78248800,0.706,144898800,0.705,149628600,0.704,110360600,0.703,66136700,0.708,79976000,0.709,89706500,0.71,53699200,0.711,19993800,0.712,20622400,423,100,0
sh513130,09:50:23,1766022625943,5389.65,0.9048,5.8358,0.708,0.7067,0.184,1094200,774694,0.708,0.707,78419400,0.706,144945500,0.705,149609800,0.704,110323400,0.703,66136400,0.708,79847800,0.709,89706500,0.71,53729200,0.711,20034700,0.712,20622400,1245,100,0
sh513130,09:50:26,1766022627920,5389.77,0.9048,5.2453,0.708,0.7067,0.184,228400,161677,0.7079,0.707,78713500,0.706,145226800,0.705,150327800,0.704,110224400,0.703,66084900,0.708,80569400,0.709,89886500,0.71,53739200,0.711,20034700,0.712,20972400,1052,100,0
sh513130,09:50:29,1766022630914,5390.65,0.9048,5.2364,0.708,0.7067,0.184,1105700,782816,0.708,0.707,78963900,0.706,145290600,0.705,149462800,0.704,110271700,0.703,66084900,0.708,81379300,0.709,89890200,0.71,53754300,0.711,20034700,0.712,20972400,509,100,0
sh513130,09:50:32,1766022634886,5391.1,0.9048,4.6971,0.708,0.7068,0.1698,744300,526729,0.7077,0.707,79079800,0.706,145304900,0.705,149083600,0.704,110171700,0.703,66084900,0.708,81539200,0.709,89737000,0.71,53754300,0.711,20034700,0.712,20973700,453,100,0
sh513130,09:50:35,1766022635894,5391.1,0.9048,3.8707,0.708,0.7068,0.1698,303500,214866,0.708,0.707,80267200,0.706,145382400,0.705,149283700,0.704,109805900,0.703,66084900,0.708,81377500,0.709,89737000,0.71,53754300,0.711,20034700,0.712,20973800,343,100,0
sh513130,09:50:38,1766022640894,5390.92,0.9048,4.8622,0.708,0.7068,0.1698,44700,31648,0.708,0.707,80413900,0.706,145392700,0.705,149292500,0.704,109800600,0.703,66079900,0.708,81332800,0.709,89737000,0.71,53756300,0.711,20034700,0.712,21217500,437,100,0
sh513130,09:50:41,1766022642885,5391.37,0.9048,4.2366,0.708,0.7068,0.1698,236100,167159,0.708,0.707,80791100,0.706,145690900,0.705,149232400,0.704,109807600,0.703,66242600,0.708,81100700,0.709,89737000,0.71,53756300,0.711,20034700,0.712,21227500,437,100,0
sh513130,09:50:44,1766022644888,5391.37,0.9048,2.8775,0.708,0.7068,0.1698,1408100,996922,0.708,0.707,96327000,0.706,137280800,0.705,149209300,0.704,102802600,0.703,66239600,0.708,78304500,0.709,89818900,0.71,54698900,0.711,20034700,0.712,21227500,434,100,0
sh513130,09:50:47,1766022648866,5391.61,0.9048,1.7069,0.708,0.7068,0.1698,411700,291463,0.7079,0.707,80943400,0.706,145703400,0.705,149176300,0.704,109922700,0.703,66239600,0.708,78307800,0.709,81823900,0.71,55791500,0.711,20034700,0.712,21227500,285,100,0
sh513130,09:50:50,1766022652881,5392.21,0.9048,4.9348,0.708,0.7068,0.1698,131300,92941,0.7079,0.707,96942500,0.706,137584700,0.705,149117100,0.704,102921000,0.703,66235300,0.708,77529800,0.709,81812400,0.71,54899000,0.711,20034700,0.712,21227500,421,100,0
sh513130,09:50:53,1766022654872,5392.46,0.9048,4.661,0.708,0.7068,0.1698,168200,119059,0.7078,0.707,104360600,0.706,137467400,0.705,149119100,0.704,95499300,0.703,66238700,0.708,77387800,0.709,81812400,0.71,55791600,0.711,20444700,0.712,21230500,422,100,0
sh513130,09:50:56,1766022658866,5393.32,0.9048,5.6062,0.708,0.7068,0.1698,4795500,3395214,0.708,0.707,104657700,0.706,137431500,0.705,144019800,0.704,95508500,0.703,66238700,0.708,51006400,0.709,94770300,0.71,67716600,0.711,20464700,0.712,21235500,423,100,0
sh513130,09:50:59,1766022660855,5393.59,0.9048,4.5793,0.708,0.7068,0.1698,10709000,7581972,0.708,0.707,105829400,0.706,137405400,0.705,143575100,0.704,95526100,0.703,66251700,0.708,38882600,0.709,94790300,0.71,67716600,0.711,20464700,0.712,21235500,395,100,0
sh513130,09:51:02,1766022663853,5393.49,0.9048,3.5088,0.708,0.7068,0.1698,60457800,42804127,0.708,0.707,100756400,0.706,133849200,0.705,141486000,0.704,95436700,0.703,79239400,0.708,26862400,0.709,86230100,0.71,59344000,0.711,20464700,0.712,21256500,70,100,0
sh513130,09:51:05,1766022667842,5392.69,0.9048,4.1559,0.708,0.7068,0.1698,2565600,1816445,0.708,0.707,84275000,0.706,142256700,0.705,141704400,0.704,102796700,0.703,84758200,0.708,37698000,0.709,86750100,0.71,59344000,0.711,20464500,0.712,21256500,1422,100,0
sh513130,09:51:08,1766022670840,5391.58,0.9048,6.2143,0.708,0.7068,0.1698,1053300,745613,0.7079,0.707,76584200,0.706,133877200,0.705,141660900,0.704,109796500,0.703,84758200,0.708,46109800,0.709,86750100,0.71,60241600,0.711,20064500,0.712,21256500,426,100,0
sh513130,09:51:11,1766022672822,5391.6,0.9048,5.4111,0.708,0.7068,0.1698,333700,236259,0.708,0.707,75889900,0.706,143637300,0.705,139374800,0.704,109797500,0.703,84749200,0.708,48445700,0.709,86720100,0.71,55671200,0.711,20064500,0.712,21256500,309,100,0
sh513130,09:51:14,1766022675837,5391.02,0.9048,3.1227,0.708,0.7068,0.1698,292700,207214,0.7079,0.707,76853900,0.706,143602600,0.705,140383200,0.704,109800400,0.703,84749200,0.708,48006100,0.709,86794000,0.71,55671200,0.711,20064500,0.712,21256500,1155,100,0
sh513130,09:51:17,1766022679814,5390.13,0.9048,2.9904,0.708,0.7067,0.184,1017500,720389,0.708,0.707,76408600,0.706,143571000,0.705,142275300,0.704,109719900,0.703,84749200,0.708,48508900,0.709,86919500,0.71,55676200,0.711,20064500,0.712,21256500,768,100,0
