symbol,tx_server_time,tx_local_time,index_price,fx_rate,sentiment,price,iopv,premium_rate,tick_vol,tick_amt,tick_vwap,bp1,bv1,bp2,bv2,bp3,bv3,bp4,bv4,bp5,bv5,sp1,sv1,sp2,sv2,sp3,sv3,sp4,sv4,sp5,sv5,idx_delay_ms,fut_delay_ms,data_flags
sh513130,09:30:09,1764898211976,5586.85,0.9082,2.3442,0.733,0.7355,-0.3399,2485500,1823321,0.7336,0.733,27116900,0.732,25237300,0.731,54324900,0.73,54114600,0.729,29802400,0.734,35927300,0.735,28203200,0.736,27778700,0.737,12261300,0.738,19160500,57,100,0
sh513130,09:30:12,1764898213979,5585.31,0.9082,3.4153,0.733,0.7355,-0.3399,17237200,12650990,0.7339,0.733,32541100,0.732,31676400,0.731,48701200,0.73,46267200,0.729,29086800,0.734,6542800,0.735,20710000,0.736,25830100,0.737,19661700,0.738,25398400,1459,100,0
sh513130,09:30:15,1764898217983,5585.15,0.9082,4.8195,0.734,0.7348,-0.1089,2272500,1667180,0.7336,0.733,31504200,0.732,38642900,0.731,49928700,0.73,46696900,0.729,28705900,0.734,6543200,0.735,12516100,0.736,28875700,0.737,25811900,0.738,24254500,1489,100,0
sh513130,09:30:18,1764898219984,5584.42,0.9082,6.49,0.735,0.7348,0.0272,6789100,4983031,0.734,0.734,13120600,0.733,42749400,0.732,52966100,0.731,51532700,0.73,47164700,0.735,16343200,0.736,32312100,0.737,37453000,0.738,24471200,0.739,23611700,1481,100,0
sh513130,09:30:21,1764898222990,5580.77,0.9082,3.9576,0.734,0.7348,-0.1089,2627600,1930634,0.7348,0.734,8338000,0.733,38264100,0.732,57533900,0.731,52037600,0.73,52970400,0.735,24888300,0.736,43190300,0.737,36270900,0.738,23004600,0.739,23853500,225,100,0
sh513130,09:30:24,1764898226998,5580.75,0.9082,3.0697,0.734,0.7341,-0.0136,18390400,13505388,0.7344,0.734,2998800,0.733,32395200,0.732,57786600,0.731,65392300,0.73,52415200,0.735,27587600,0.736,44217000,0.737,32985300,0.738,22054600,0.739,23885900,498,100,0
sh513130,09:30:27,1764898228999,5578.99,0.9082,3.1606,0.733,0.7341,-0.1498,8601600,6316118,0.7343,0.733,31366500,0.732,52832600,0.731,69461800,0.73,53600000,0.729,39653000,0.734,16714200,0.735,31962900,0.736,43131600,0.737,26204000,0.738,24151000,498,100,0
sh513130,09:30:30,1764898232007,5579.52,0.9082,4.3507,0.734,0.7341,-0.0136,1996600,1465500,0.734,0.733,31940300,0.732,53094700,0.731,65995800,0.73,53851400,0.729,35274000,0.734,6728000,0.735,46167900,0.736,43324400,0.737,29205500,0.738,25151100,591,100,0
sh513130,09:30:33,1764898235010,5577.66,0.9082,5.2526,0.734,0.7341,-0.0136,514100,377349,0.734,0.733,33283500,0.732,53134700,0.731,66867600,0.73,53878400,0.729,35342500,0.734,20680300,0.735,46405700,0.736,43324400,0.737,29205500,0.738,23151300,522,100,0
sh513130,09:30:36,1764898238013,5579.12,0.9082,2.5915,0.734,0.7335,0.0682,833800,611998,0.734,0.733,33864400,0.732,45936700,0.731,64999600,0.73,53725500,0.729,43054800,0.734,23662200,0.735,46493200,0.736,43325600,0.737,22449500,0.738,23166300,86,100,0
sh513130,09:30:39,1764898242025,5578.16,0.9082,4.3495,0.734,0.7335,0.0682,392900,288383,0.734,0.733,34057500,0.732,53528700,0.731,66021900,0.73,53785500,0.729,35703600,0.734,33143200,0.735,46573200,0.736,43367400,0.737,19499500,0.738,23166300,1265,100,0
sh513130,09:30:42,1764898245026,5578.88,0.9082,4.4759,0.734,0.7335,0.0682,3456300,2536873,0.734,0.733,33972800,0.732,54249100,0.731,65806500,0.73,53890100,0.729,35753600,0.734,30621100,0.735,47160500,0.736,43367400,0.737,19546500,0.738,23166300,582,100,0
sh513130,09:30:45,1764898248031,5577.51,0.9082,3.2047,0.734,0.7335,0.0682,1425500,1046276,0.734,0.733,36171000,0.732,57464600,0.731,65834000,0.73,54124000,0.729,35756400,0.734,29457100,0.735,47252400,0.736,43367400,0.737,19546500,0.738,22200300,1419,100,0
sh513130,09:30:48,1764898251034,5579.24,0.9082,4.4726,0.734,0.7335,0.0682,1739100,1275244,0.7333,0.733,35519600,0.732,57754200,0.731,65874500,0.73,55204400,0.729,35760500,0.734,30457600,0.735,47260400,0.736,43367400,0.737,19546500,0.738,22203300,72,100,0
sh513130,09:30:51,1764898254041,5579.34,0.9082,7.0657,0.733,0.7335,-0.0682,847400,621944,0.7339,0.733,35779900,0.732,57826600,0.731,67800600,0.73,56223600,0.729,35790500,0.734,31684000,0.735,47380400,0.736,43367400,0.737,19546500,0.738,22203300,914,100,0
sh513130,09:30:54,1764898256043,5580.27,0.9082,5.0665,0.733,0.7335,-0.0682,410300,301142,0.734,0.733,43159200,0.732,54672100,0.731,62582900,0.73,55170100,0.729,35790500,0.734,8513500,0.735,47462500,0.736,57623500,0.737,32302200,0.738,22203300,629,100,0
sh513130,09:30:57,1764898259044,5579.31,0.9082,7.6632,0.734,0.7335,0.0682,11959300,8778122,0.734,0.733,56417100,0.732,54057000,0.731,57484100,0.73,55226400,0.729,35810500,0.734,3975600,0.735,47381700,0.736,57623500,0.737,32348700,0.738,22203300,582,100,0
sh513130,09:31:00,1764898262051,5580.61,0.9082,5.7919,0.734,0.7342,-0.0272,10818800,7941001,0.734,0.734,37160800,0.733,63302200,0.732,54137000,0.731,58359100,0.73,55146500,0.735,42429500,0.736,57440700,0.737,43352200,0.738,22203300,0.739,24075500,274,100,0
sh513130,09:31:03,1764898265052,5582.15,0.9082,5.4406,0.734,0.7342,-0.0272,2369000,1741170,0.735,0.734,33453600,0.733,72662500,0.732,56258600,0.731,58306100,0.73,47771700,0.735,40140400,0.736,57690700,0.737,43372200,0.738,22203300,0.739,24075500,548,100,0
sh513130,09:31:06,1764898268059,5580.84,0.9082,6.8872,0.734,0.7342,-0.0272,13798500,10130365,0.7342,0.734,1515500,0.733,71957300,0.732,55321600,0.731,58312800,0.73,55191700,0.735,42019900,0.736,57700700,0.737,31330100,0.738,22203300,0.739,24075500,1609,100,0
sh513130,09:31:09,1764898271064,5579.69,0.9082,6.075,0.735,0.7342,0.109,14345000,10529362,0.734,0.734,11768500,0.733,72796400,0.732,56341600,0.731,58313800,0.73,55493700,0.735,31632500,0.736,57896400,0.737,43327700,0.738,22303300,0.739,24075500,614,100,0
sh513130,09:31:12,1764898275069,5579.74,0.9082,5.7693,0.734,0.7342,-0.0272,16396100,12037609,0.7342,0.734,3425400,0.733,73257200,0.732,64823700,0.731,58339900,0.73,55498700,0.735,44638300,0.736,57902400,0.737,43414000,0.738,22303300,0.739,24091300,260,100,0
sh513130,09:31:15,1764898278077,5580.06,0.9082,5.0393,0.735,0.7342,0.109,11754500,8631262,0.7343,0.734,11477400,0.733,75463600,0.732,66713700,0.731,58302000,0.73,55498700,0.735,41872900,0.736,57928400,0.737,43435000,0.738,22324300,0.739,24091300,1100,100,0
sh513130,09:31:18,1764898281079,5578.9,0.9082,4.9833,0.734,0.7342,-0.0272,6534700,4799044,0.7344,0.733,65334200,0.732,65058400,0.731,70274300,0.73,55575200,0.729,35768900,0.734,34557500,0.735,48956400,0.736,57928400,0.737,27961300,0.738,22324300,1933,100,0
sh513130,09:31:21,1764898283081,5578.12,0.9082,4.4949,0.734,0.7342,-0.0272,16144800,11850283,0.734,0.733,65526200,0.732,65058400,0.731,70314300,0.73,54771700,0.729,35768900,0.734,39121400,0.735,49305400,0.736,57978400,0.737,23461300,0.738,22327600,105,100,0
sh513130,09:31:24,1764898286085,5577.25,0.9082,3.7296,0.733,0.7342,-0.1634,4316900,3168578,0.734,0.733,66983300,0.732,65188400,0.731,70314300,0.73,58022500,0.729,35768900,0.734,48623100,0.735,50791100,0.736,58213000,0.737,20692600,0.738,22427600,425,100,0
sh513130,09:31:27,1764898290092,5576.41,0.9082,5.8796,0.734,0.7342,-0.0272,2135400,1566588,0.7336,0.733,66466200,0.732,65819400,0.731,71133700,0.73,58032700,0.729,34768900,0.734,47612600,0.735,49707100,0.736,58213000,0.737,20692600,0.738,22434100,91,100,0
sh513130,09:31:30,1764898292105,5578.71,0.9082,4.806,0.735,0.7342,0.109,15031400,11033020,0.734,0.734,41397500,0.733,77161300,0.732,65561500,0.731,58215900,0.73,58022700,0.735,47523900,0.736,58203000,0.737,35459100,0.738,22434100,0.739,24106100,1629,100,0
sh513130,09:31:33,1764898296097,5579.16,0.9082,5.5734,0.734,0.7342,-0.0272,16451200,12078489,0.7342,0.733,66809600,0.732,77405400,0.731,70188500,0.73,58225700,0.729,35619900,0.734,39302600,0.735,59868500,0.736,58209900,0.737,23466300,0.738,24488000,1591,100,0
sh513130,09:31:36,1764898298101,5579.54,0.9082,3.4959,0.733,0.7349,-0.2585,4278100,3140096,0.734,0.733,67278600,0.732,78274400,0.731,69662500,0.73,58175700,0.729,35622900,0.734,32244900,0.735,60900700,0.736,57210000,0.737,23411200,0.738,24543000,1578,100,0
sh513130,09:31:39,1764898301104,5581.19,0.9082,6.9454,0.734,0.7349,-0.1225,5525300,4055569,0.734,0.734,6611300,0.733,80118900,0.732,80053100,0.731,57805200,0.73,57955700,0.735,51041900,0.736,58090500,0.737,35408800,0.738,24556500,0.739,24108100,253,100,0
sh513130,09:31:39,1764898303110,5581.19,0.9082,7.4567,0.734,0.7349,-0.1225,5525300,4055569,0.734,0.734,6611300,0.733,80118900,0.732,80053100,0.731,57805200,0.73,57955700,0.735,51041900,0.736,58090500,0.737,35408800,0.738,24556500,0.739,24108100,83,100,0
sh513130,09:31:42,1764898304111,5581.19,0.9082,6.4535,0.735,0.7349,0.0136,1168600,858921,0.735,0.734,29481900,0.733,79293700,0.732,70115900,0.731,57695700,0.73,57950500,0.735,51918900,0.736,61095700,0.737,35408800,0.738,24561300,0.739,24108100,1084,100,0
sh513130,09:31:45,1764898307115,5580.41,0.9082,4.3121,0.734,0.7342,-0.0272,953300,699846,0.7341,0.734,29497300,0.733,79656200,0.732,71184900,0.731,57680400,0.73,57945700,0.735,52004200,0.736,61110000,0.737,35408800,0.738,24571300,0.739,24108100,586,100,0
sh513130,09:31:48,1764898310118,5580.57,0.9082,4.7528,0.734,0.7342,-0.0272,614600,451416,0.7345,0.734,31424400,0.733,80119700,0.732,72055900,0.731,57680400,0.73,58370000,0.735,52005400,0.736,61116600,0.737,35408800,0.738,24571300,0.739,24108100,576,100,0
sh513130,09:31:51,1764898313212,5582.07,0.9082,3.3541,0.734,0.7342,-0.0272,823800,604900,0.7343,0.734,34322100,0.733,86904700,0.732,72903400,0.731,57680400,0.73,51981800,0.735,52330900,0.736,61116600,0.737,35408800,0.738,24571300,0.739,24113100,445,100,0
sh513130,09:31:54,1764898316134,5580.41,0.9082,3.1227,0.735,0.7342,0.109,14146800,10384923,0.7341,0.734,3662600,0.733,79813000,0.732,73898900,0.731,57657500,0.73,58419700,0.735,63419200,0.736,61109600,0.737,23440300,0.738,24571300,0.739,24113100,78,100,0
sh513130,09:31:57,1764898319141,5579.92,0.9082,3.266,0.734,0.7342,-0.0272,17292200,12695661,0.7342,0.733,66958800,0.732,73069000,0.731,69456100,0.73,58409500,0.729,35696600,0.734,24873900,0.735,61883500,0.736,61109800,0.737,23440300,0.738,24573300,638,100,0
sh513130,09:32:00,1764898322143,5578.17,0.9082,3.89,0.734,0.7342,-0.0272,3755600,2756600,0.734,0.733,67327900,0.732,64837100,0.731,69402400,0.73,58404500,0.729,35358700,0.734,25162100,0.735,56362500,0.736,61166000,0.737,20671400,0.738,24593300,1684,100,0
sh513130,09:32:03,1764898326149,5577.69,0.9082,2.8834,0.734,0.7342,-0.0272,3467800,2545365,0.734,0.733,67172600,0.732,68799400,0.731,73388000,0.73,58404500,0.729,35397700,0.734,37916000,0.735,60295000,0.736,65665200,0.737,20674400,0.738,24593300,1396,100,0
sh513130,09:32:06,1764898329152,5576.93,0.9082,4.6218,0.734,0.7342,-0.0272,1391900,1021655,0.734,0.733,67949800,0.732,68799400,0.731,74437300,0.73,58333500,0.729,35397700,0.734,10849500,0.735,68176900,0.736,65665200,0.737,22793900,0.738,24593300,23,100,0
sh513130,09:32:09,1764898332158,5577.16,0.9082,4.4604,0.734,0.7336,0.0545,1173500,861336,0.734,0.733,59173800,0.732,77139600,0.731,75307500,0.73,58330400,0.729,35328800,0.734,53368100,0.735,58073500,0.736,62437000,0.737,21015000,0.738,24593300,858,100,0
sh513130,09:32:12,1764898335164,5575.18,0.9082,5.9376,0.734,0.7336,0.0545,1029800,755489,0.7336,0.733,68411500,0.732,68739600,0.731,76105100,0.73,58340400,0.729,35328800,0.734,53794500,0.735,57589500,0.736,62637000,0.737,20675900,0.738,24590800,697,100,0
sh513130,09:32:15,1764898338167,5575.76,0.9082,4.919,0.734,0.7342,-0.0272,395100,290004,0.734,0.733,67313100,0.732,68716400,0.731,76988900,0.73,58341300,0.729,35340300,0.734,48857600,0.735,58832900,0.736,65635200,0.737,20701900,0.738,24590800,335,100,0
sh513130,09:32:18,1764898340172,5575.49,0.9082,3.5959,0.734,0.7342,-0.0272,265000,194508,0.734,0.733,58834400,0.732,77077200,0.731,77879000,0.73,74421200,0.729,51337100,0.734,54691800,0.735,56536600,0.736,62652600,0.737,36701700,0.738,40587600,163,100,0
sh513130,09:32:21,1764898344176,5575.96,0.9082,4.1094,0.734,0.7336,0.0545,691800,507764,0.734,0.733,59193800,0.732,73024900,0.731,78757700,0.73,74470200,0.729,55724100,0.734,56236800,0.735,56393100,0.736,62653600,0.737,36717100,0.738,40587600,1762,100,0
sh513130,09:32:24,1764898346179,5576.53,0.9082,5.7923,0.733,0.7336,-0.0818,764700,561290,0.734,0.733,67701100,0.732,68895100,0.731,80240900,0.73,74657400,0.729,51344100,0.734,56517900,0.735,56557500,0.736,62653600,0.737,36817100,0.738,40587600,1755,100,0
sh513130,09:32:27,1764898349185,5579.7,0.9082,4.4698,0.734,0.7336,0.0545,397200,291493,0.7339,0.733,83895300,0.732,71285400,0.731,80250900,0.73,74853000,0.729,35347300,0.734,15086100,0.735,66054200,0.736,65651800,0.737,38596000,0.738,40587600,463,100,0
sh513130,09:32:30,1764898353192,5579.57,0.9082,3.9208,0.734,0.7342,-0.0272,1102100,808930,0.734,0.733,85555200,0.732,72204300,0.731,80340900,0.73,74858000,0.729,35279700,0.734,11753400,0.735,63904000,0.736,62653600,0.737,39131300,0.738,41165700,164,100,0
sh513130,09:32:33,1764898355194,5579.5,0.9082,2.9081,0.734,0.7342,-0.0272,12634800,9273955,0.734,0.734,21863000,0.733,67901500,0.732,72960100,0.731,80290900,0.73,75211400,0.735,65666000,0.736,63631700,0.737,39131300,0.738,41165700,0.739,24155600,694,100,0
sh513130,09:32:36,1764898359201,5577.49,0.9082,5.4937,0.734,0.7342,-0.0272,5836700,4286915,0.7345,0.733,70082900,0.732,72697500,0.731,80290900,0.73,75255800,0.729,51281500,0.734,1094900,0.735,74873800,0.736,65630500,0.737,39131300,0.738,41165700,778,100,0
sh513130,09:32:39,1764898361208,5577.48,0.9082,4.2896,0.733,0.7349,-0.2585,1122600,823978,0.734,0.733,70110000,0.732,70772200,0.731,80291400,0.73,75215800,0.729,51281500,0.734,47441800,0.735,67903200,0.736,65640800,0.737,37352400,0.738,41168200,734,100,0
sh513130,09:32:42,1764898365213,5576.95,0.9082,1.586,0.734,0.7349,-0.1225,663700,486789,0.7334,0.733,70066100,0.732,71666600,0.731,80357600,0.73,75116900,0.729,51288800,0.734,55647200,0.735,65821600,0.736,62642600,0.737,37352400,0.738,41168200,737,100,0
sh513130,09:32:45,1764898367214,5576.43,0.9082,3.5088,0.734,0.7349,-0.1225,164800,120950,0.7339,0.733,71150800,0.732,72542900,0.731,80420600,0.73,75116900,0.729,51082700,0.734,56625200,0.735,65846600,0.736,62737600,0.737,37352400,0.738,41168200,714,100,0
sh513130,09:32:48,1764898370215,5576.21,0.9082,2.661,0.734,0.7349,-0.1225,134900,99016,0.734,0.733,71655700,0.732,71456200,0.731,80820600,0.73,75136000,0.729,50976500,0.734,55280000,0.735,68148300,0.736,63461300,0.737,37404400,0.738,41325400,1758,100,0
sh513130,09:32:51,1764898373225,5576.21,0.9082,3.8947,0.734,0.7349,-0.1225,191800,140776,0.734,0.733,63528800,0.732,80798100,0.731,80828100,0.73,75266900,0.729,50998500,0.734,56035800,0.735,68120300,0.736,63525300,0.737,37404400,0.738,41345400,620,100,0
sh513130,09:32:54,1764898377229,5572.48,0.9082,2.3945,0.734,0.7342,-0.0272,1105600,811010,0.7335,0.733,60240900,0.732,79701800,0.731,82161400,0.73,77284000,0.729,53048500,0.734,72060300,0.735,71939100,0.736,67525300,0.737,41404400,0.738,25476600,282,100,0
sh513130,09:32:57,1764898379232,5572.1,0.9082,4.6629,0.733,0.7342,-0.1634,46438600,34039823,0.733,0.732,57819300,0.731,103964900,0.73,78344800,0.729,60449500,0.728,51848300,0.733,14562700,0.734,74957100,0.735,70122400,0.736,47534300,0.737,37250300,106,100,0
sh513130,09:33:00,1764898382241,5572.17,0.9082,5.2803,0.733,0.7335,-0.0682,12192300,8936956,0.733,0.732,57837100,0.731,104086100,0.73,78784200,0.729,60554500,0.728,51848300,0.733,306500,0.734,75315000,0.735,69574600,0.736,47134300,0.737,37329300,968,100,0
sh513130,09:33:03,1764898384242,5571.17,0.9082,4.2962,0.733,0.7335,-0.0682,5147100,3774424,0.7333,0.733,23430900,0.732,57832100,0.731,97112100,0.73,78784200,0.729,60554500,0.734,78008400,0.735,67813500,0.736,46495400,0.737,37329300,0.738,25810200,518,100,0
sh513130,09:33:03,1764898386247,5571.39,0.9082,3.7688,0.733,0.7335,-0.0682,5147100,3774424,0.7333,0.733,23430900,0.732,57832100,0.731,97112100,0.73,78784200,0.729,60554500,0.734,78008400,0.735,67813500,0.736,46495400,0.737,37329300,0.738,25810200,604,100,0
sh513130,09:33:06,1764898388248,5571.62,0.9082,3.9939,0.733,0.7335,-0.0682,5490000,4024155,0.733,0.733,4006600,0.732,58034400,0.731,97112100,0.73,78794500,0.729,60554900,0.734,80194500,0.735,67892900,0.736,46495400,0.737,37329300,0.738,25811200,407,100,0
sh513130,09:33:09,1764898392254,5571.88,0.9082,4.4033,0.733,0.7335,-0.0682,4514100,3308836,0.733,0.733,39150100,0.732,79158500,0.731,98997000,0.73,78749200,0.729,55569900,0.734,66030400,0.735,67914100,0.736,46495400,0.737,37329300,0.738,41827300,78,100,0
sh513130,09:33:12,1764898395258,5571.68,0.9082,4.1155,0.733,0.7335,-0.0682,12365900,9064217,0.733,0.732,76118500,0.731,98792500,0.73,79162200,0.729,58600500,0.728,35851600,0.733,110000,0.734,85055800,0.735,68122800,0.736,46495400,0.737,37329200,716,100,0
sh513130,09:33:15,1764898398264,5571.68,0.9082,5.5937,0.734,0.7333,0.0955,1657500,1215201,0.7332,0.733,19240800,0.732,80583600,0.731,99664200,0.73,79162200,0.729,54227500,0.734,85646100,0.735,68157500,0.736,46095400,0.737,37329200,0.738,25830500,1669,100,0
sh513130,09:33:18,1764898400267,5571.15,0.9082,4.1747,0.733,0.7333,-0.0409,204900,150192,0.733,0.733,282800,0.732,68476100,0.731,100535100,0.73,78762200,0.729,51392600,0.734,85859900,0.735,67804800,0.736,46583300,0.737,37579200,0.738,25830500,1493,100,0
sh513130,09:33:21,1764898402271,5571.24,0.9082,6.0475,0.734,0.7333,0.0955,640300,469357,0.733,0.733,25012200,0.732,82132900,0.731,101442400,0.73,78812500,0.729,54392600,0.734,86543600,0.735,67809400,0.736,46623300,0.737,37649000,0.738,25830500,1383,100,0
sh513130,09:33:21,1764898404272,5570.32,0.9082,7.1288,0.734,0.7333,0.0955,640300,469357,0.733,0.733,25012200,0.732,82132900,0.731,101442400,0.73,78812500,0.729,54392600,0.734,86543600,0.735,67809400,0.736,46623300,0.737,37649000,0.738,25830500,1222,100,0
sh513130,09:33:24,1764898405274,5570.9,0.9082,6.3189,0.733,0.7333,-0.0409,242300,177612,0.733,0.733,34418600,0.732,84448600,0.731,102557800,0.73,78850200,0.729,51400600,0.734,88068400,0.735,67779400,0.736,46593300,0.737,37609000,0.738,25830500,55,100,0
sh513130,09:33:27,1764898410278,5571.15,0.9082,3.2906,0.734,0.7333,0.0955,719800,528302,0.734,0.733,22196300,0.732,84324600,0.731,102564100,0.73,78841400,0.729,51385500,0.734,88618600,0.735,67820400,0.736,46593300,0.737,37920000,0.738,25830500,749,100,0
sh513130,09:33:30,1764898413286,5568.63,0.9082,3.0449,0.733,0.7333,-0.0409,1893100,1387643,0.733,0.732,60939800,0.731,96424800,0.73,79208700,0.729,58865500,0.728,52447600,0.733,57342100,0.734,87885300,0.735,64822200,0.736,35837300,0.737,21933200,778,100,0
sh513130,09:33:33,1764898416287,5568.6,0.9082,3.0475,0.733,0.7333,-0.0409,225100,164998,0.733,0.732,61205200,0.731,96726800,0.73,80121300,0.729,58868300,0.728,52462100,0.733,64095200,0.734,86737100,0.735,64777500,0.736,35437300,0.737,21933200,245,100,0
sh513130,09:33:36,1764898419290,5568.9,0.9082,2.5114,0.733,0.7326,0.0546,764400,560290,0.733,0.732,62436800,0.731,96726800,0.73,81020400,0.729,58868300,0.728,52482100,0.733,57975900,0.734,86567300,0.735,64809700,0.736,44886900,0.737,21933200,801,100,0
sh513130,09:33:39,1764898421296,5568.5,0.9082,2.5455,0.733,0.7326,0.0546,130800,95863,0.7329,0.732,62429200,0.731,96763200,0.73,81965000,0.729,58873300,0.728,52482100,0.733,72570800,0.734,79673500,0.735,64968500,0.736,35730200,0.737,21961000,839,100,0
sh513130,09:33:42,1764898425303,5568.02,0.9082,2.5588,0.733,0.7326,0.0546,142000,104079,0.733,0.732,62719000,0.731,96793200,0.73,81919100,0.729,58923300,0.728,52483600,0.733,77245200,0.734,79623000,0.735,64968500,0.736,32480200,0.737,21976500,558,100,0
sh513130,09:33:45,1764898427307,5567.2,0.9082,1.8564,0.733,0.7327,0.0409,188600,138157,0.7325,0.732,62614900,0.731,97328200,0.73,83843200,0.729,58933300,0.728,52483600,0.733,78305800,0.734,79868400,0.735,64991500,0.736,32480200,0.737,21983000,401,100,0
sh513130,09:33:48,1764898430311,5567.36,0.9082,3.8384,0.733,0.7327,0.0409,169200,124024,0.733,0.732,63224300,0.731,97392700,0.73,84716300,0.729,58933300,0.728,52582000,0.733,79197500,0.734,78133800,0.735,64992900,0.736,32480200,0.737,21983900,1229,100,0
sh513130,09:33:51,1764898433315,5567.54,0.9082,2.3522,0.732,0.7327,-0.0955,142700,104478,0.7322,0.732,63146500,0.731,97395000,0.73,84716300,0.729,59262800,0.728,52597000,0.733,70035900,0.734,89763800,0.735,65166400,0.736,32536200,0.737,21983900,854,100,0
sh513130,09:33:54,1764898436318,5567.49,0.9082,2.8792,0.732,0.7327,-0.0955,319000,233736,0.7327,0.732,63573100,0.731,97474000,0.73,85693800,0.729,59262800,0.728,52625900,0.733,71960000,0.734,89115100,0.735,65266400,0.736,32519800,0.737,22335400,694,100,0
sh513130,09:33:57,1764898439324,5567.82,0.9082,3.3585,0.733,0.7327,0.0409,15200,11132,0.7324,0.732,63635800,0.731,97584100,0.73,86759900,0.729,59315300,0.728,52821200,0.733,72943600,0.734,88901300,0.735,65266400,0.736,32599800,0.737,22271600,530,100,0
sh513130,09:34:00,1764898442329,5568.32,0.9082,3.0066,0.732,0.7327,-0.0955,215100,157522,0.7323,0.732,63569400,0.731,97669100,0.73,87142100,0.729,59316600,0.728,52829800,0.733,45162600,0.734,88820900,0.735,65466400,0.736,41855800,0.737,22272600,205,100,0
sh513130,09:34:03,1764898445334,5568.27,0.9082,3.5002,0.733,0.7327,0.0409,1159900,849107,0.7321,0.732,62937300,0.731,97675100,0.73,87050700,0.729,60202600,0.728,52831200,0.733,78141500,0.734,79895900,0.735,65401600,0.736,32989800,0.737,22272600,807,100,0
sh513130,09:34:06,1764898448340,5568.18,0.9082,5.5693,0.732,0.7327,-0.0955,93900,68746,0.7321,0.732,62884700,0.731,97696400,0.73,87082800,0.729,61868000,0.728,52831200,0.733,79483800,0.734,84802800,0.735,70401600,0.736,37025800,0.737,22272600,1756,100,0
sh513130,09:34:09,1764898452345,5568.62,0.9082,3.8488,0.733,0.7327,0.0409,474600,347486,0.7322,0.732,68827800,0.731,97645100,0.73,87513800,0.729,58363200,0.728,52833200,0.733,68655200,0.734,92752800,0.735,70601600,0.736,42281800,0.737,22297500,1523,100,0
sh513130,09:34:12,1764898454347,5570.52,0.9082,6.7426,0.733,0.7327,0.0409,121000,88593,0.7322,0.732,72118600,0.731,98761300,0.73,87581900,0.729,51874300,0.728,52834200,0.733,31208400,0.734,92761300,0.735,70611800,0.736,42301800,0.737,38294300,1356,100,0
sh513130,09:34:15,1764898457350,5574.05,0.9082,7.685,0.733,0.7326,0.0546,23782500,17432376,0.733,0.733,51084300,0.732,81146000,0.731,100677000,0.73,85012600,0.729,51874300,0.734,96323900,0.735,73595900,0.736,47706900,0.737,38294300,0.738,26210100,22,100,0
sh513130,09:34:18,1764898460357,5573.39,0.9082,5.3419,0.733,0.7326,0.0546,1191500,873438,0.7331,0.733,44527700,0.732,81113800,0.731,101585000,0.73,86667600,0.729,51959900,0.734,96720400,0.735,73737700,0.736,47706900,0.737,38294300,0.738,26610100,856,100,0
sh513130,09:34:21,1764898462371,5571.64,0.9082,4.5323,0.733,0.7333,-0.0409,22226300,16291742,0.733,0.732,63789700,0.731,101380700,0.73,88125600,0.729,51959900,0.728,36861900,0.733,36390400,0.734,95967700,0.735,70739500,0.736,47706900,0.737,38294300,692,100,0
sh513130,09:34:24,1764898467362,5571.05,0.9082,4.0801,0.733,0.7333,-0.0409,444900,326108,0.733,0.732,71741300,0.731,102750500,0.73,88250700,0.729,52024900,0.728,52958700,0.733,45917000,0.734,95320200,0.735,70759500,0.736,42306900,0.737,38294300,850,100,0
sh513130,09:34:27,1764898470365,5570.77,0.9082,2.8821,0.733,0.7333,-0.0409,290600,212996,0.733,0.732,88011600,0.731,103630300,0.73,88604700,0.729,52044900,0.728,36975200,0.733,13275200,0.734,97409000,0.735,72757700,0.736,42306900,0.737,38294300,5,100,0
sh513130,09:34:30,1764898472372,5570.77,0.9082,1.8933,0.733,0.7333,-0.0409,77000,56441,0.733,0.732,72320100,0.731,104504700,0.73,89261700,0.729,52044900,0.728,37007100,0.733,17177100,0.734,95410200,0.735,70059500,0.736,42306900,0.737,38303500,1923,100,0
sh513130,09:34:33,1764898475372,5572.32,0.9082,2.662,0.733,0.7333,-0.0409,3478200,2549300,0.7329,0.733,22773900,0.732,89317600,0.731,106576500,0.73,88288900,0.729,52044900,0.734,98242200,0.735,73040400,0.736,47710700,0.737,38303500,0.738,26653600,693,100,0
sh513130,09:34:36,1764898478379,5570.8,0.9082,0.6132,0.733,0.7333,-0.0409,4956800,3633298,0.733,0.732,72570100,0.731,107446300,0.73,89402500,0.729,52044900,0.728,53047000,0.733,15960600,0.734,96288600,0.735,70042200,0.736,47737000,0.737,38303500,1532,100,0
sh513130,09:34:39,1764898481383,5570.56,0.9082,0.1841,0.733,0.7333,-0.0409,876900,642723,0.7329,0.732,72658300,0.731,99787900,0.73,89424100,0.729,52098000,0.728,53047000,0.733,58929000,0.734,98222300,0.735,70069200,0.736,42337000,0.737,22323400,175,100,0
sh513130,09:34:42,1764898484390,5570.13,0.9082,1.1568,0.732,0.7333,-0.1773,202400,148347,0.7329,0.732,71811800,0.731,99783800,0.73,89424200,0.729,53098000,0.728,53173000,0.733,59858100,0.734,97420400,0.735,70208700,0.736,42337000,0.737,22576400,1010,100,0
sh513130,09:34:45,1764898488396,5570.01,0.9082,4.0563,0.732,0.7326,-0.0819,208200,152442,0.7322,0.732,78362200,0.731,104814200,0.73,94507100,0.729,52980200,0.728,53233000,0.733,60924400,0.734,97420400,0.735,70218700,0.736,42327000,0.737,22624100,668,100,0
sh513130,09:34:48,1764898490394,5568.94,0.9082,3.2532,0.732,0.7326,-0.0819,93300,68386,0.733,0.732,71161200,0.731,104884200,0.73,94490200,0.729,61232400,0.728,53233000,0.733,84247200,0.734,91831600,0.735,70179200,0.736,33071000,0.737,22624100,22,100,0
sh513130,09:34:51,1764898493400,5568.56,0.9082,2.4396,0.732,0.7326,-0.0819,192200,140746,0.7323,0.732,71414100,0.731,104901400,0.73,94525700,0.729,62104600,0.728,53233000,0.733,85947200,0.734,91831600,0.735,70179200,0.736,33121000,0.737,23124100,961,100,0
sh513130,09:34:54,1764898497404,5568.56,0.9082,2.1729,0.732,0.7326,-0.0819,280700,205501,0.7321,0.732,71912300,0.731,104901600,0.73,94641800,0.729,62975800,0.728,53356100,0.733,87230200,0.734,91917900,0.735,70149200,0.736,33121000,0.737,23174100,960,100,0
sh513130,09:34:57,1764898500405,5569.2,0.9082,2.3678,0.733,0.7326,0.0546,21100,15461,0.7327,0.732,75201300,0.731,104903100,0.73,94182800,0.729,60848000,0.728,53556100,0.733,50047800,0.734,98425000,0.735,70189600,0.736,46877000,0.737,23215000,31,100,0
sh513130,09:35:00,1764898503409,5569.91,0.9082,3.9574,0.733,0.7326,0.0546,279200,204599,0.7328,0.732,80841100,0.731,105902400,0.73,94183900,0.729,57341200,0.728,53556100,0.733,53848300,0.734,99067600,0.735,70189600,0.736,49877000,0.737,39211800,397,100,0
sh513130,09:35:03,1764898505416,5567.69,0.9082,3.6875,0.733,0.7326,0.0546,1396100,1023254,0.7329,0.732,58819900,0.731,109303400,0.73,88566800,0.729,65603400,0.728,53556300,0.733,80875000,0.734,86672600,0.735,65249600,0.736,41377000,0.737,23215000,251,100,0
sh513130,09:35:06,1764898508415,5566.62,0.9082,6.3252,0.733,0.7326,0.0546,64600,47310,0.7324,0.732,55501100,0.731,109103400,0.73,93076700,0.729,68483300,0.728,53582300,0.733,88771400,0.734,86345200,0.735,64259600,0.736,36121000,0.737,23245000,44,100,0
sh513130,09:35:09,1764898511418,5566.13,0.9082,4.5068,0.732,0.7326,-0.0819,7515700,5501632,0.732,0.732,37396100,0.731,114255700,0.73,108903500,0.729,73883300,0.728,53703500,0.733,93961100,0.734,87013900,0.735,69332300,0.736,36221000,0.737,23245000,947,100,0
sh513130,09:35:12,1764898514421,5565.22,0.9082,4.1371,0.733,0.7326,0.0546,7153900,5236775,0.732,0.732,26996500,0.731,109405700,0.73,104070100,0.729,70122500,0.728,53833500,0.733,89219000,0.734,82019900,0.735,64419800,0.736,36262800,0.737,23249200,38,100,0
sh513130,09:35:15,1764898517427,5563.91,0.9082,3.6696,0.733,0.7319,0.1503,669500,490162,0.7321,0.732,26170900,0.731,109536400,0.73,105080600,0.729,69722500,0.728,53826200,0.733,89029800,0.734,81987100,0.735,63830600,0.736,36162800,0.737,23249200,962,100,0
sh513130,09:35:18,1764898520430,5563.91,0.9082,4.4105,0.732,0.7319,0.0137,24019800,17582524,0.732,0.731,97558500,0.73,106158500,0.729,70272700,0.728,53899700,0.727,43346600,0.732,28376400,0.733,86775500,0.734,75699700,0.735,47139800,0.736,39116900,92,100,0
sh513130,09:35:21,1764898523437,5563.91,0.9082,4.1612,0.732,0.7319,0.0137,711000,520452,0.732,0.731,101472600,0.73,110141100,0.729,76283400,0.728,53899700,0.727,43426700,0.732,37356800,0.733,95089200,0.734,80643100,0.735,46839800,0.736,39134500,938,100,0
sh513130,09:35:24,1764898526440,5563.99,0.9082,3.8783,0.732,0.7319,0.0137,791400,579274,0.732,0.731,102118900,0.73,110245900,0.729,76420500,0.728,53899700,0.727,43426700,0.732,72468600,0.733,87938200,0.734,81326100,0.735,38548300,0.736,23137700,1188,100,0
sh513130,09:35:27,1764898529450,5564.21,0.9082,4.0311,0.732,0.7319,0.0137,259900,190181,0.7317,0.731,103056600,0.73,110288300,0.729,75476500,0.728,53899700,0.727,43440100,0.732,45695700,0.733,87467900,0.734,81381100,0.735,46578700,0.736,39134500,25,100,0
sh513130,09:35:30,1764898532445,5564.01,0.9082,5.1525,0.732,0.7319,0.0137,3713600,2718337,0.732,0.731,117368100,0.73,111266000,0.729,75476500,0.728,54786200,0.727,27443300,0.732,471500,0.733,96879200,0.734,85200100,0.735,52046200,0.736,39114300,167,100,0
sh513130,09:35:33,1764898535452,5565.34,0.9082,3.7696,0.732,0.7319,0.0137,1093200,800256,0.732,0.732,36288700,0.731,115720600,0.73,105214800,0.729,75476500,0.728,53912800,0.733,99771200,0.734,86210600,0.735,52046200,0.736,39114900,0.737,23239300,350,100,0
sh513130,09:35:36,1764898537453,5565.54,0.9082,4.7358,0.732,0.7319,0.0137,47900,35063,0.732,0.732,6351800,0.731,99719400,0.73,106277200,0.729,75090200,0.728,53970800,0.733,100115000,0.734,87086900,0.735,52416700,0.736,39243400,0.737,23269200,930,100,0
sh513130,09:35:39,1764898542459,5563.93,0.9082,2.0845,0.731,0.7326,-0.2184,5436200,3979288,0.732,0.731,117617800,0.73,108178200,0.729,75503900,0.728,53972800,0.727,27830300,0.732,6536600,0.733,101206200,0.734,87953200,0.735,52378200,0.736,39248400,71,100,0
sh513130,09:35:42,1764898544458,5564.26,0.9082,2.0139,0.732,0.7326,-0.0819,753700,551685,0.732,0.731,102076400,0.73,107156900,0.729,75641100,0.728,59013400,0.727,43827100,0.732,15444500,0.733,99828700,0.734,84000900,0.735,50498800,0.736,39250400,3,100,0
sh513130,09:35:45,1764898547545,5563.73,0.9082,2.5512,0.732,0.7326,-0.0819,263800,193072,0.7319,0.731,118060100,0.73,107835200,0.729,75642200,0.728,59095400,0.727,27897000,0.732,18089100,0.733,99584300,0.734,84970000,0.735,50577200,0.736,39250400,1109,100,0
sh513130,09:35:48,1764898550472,5563.28,0.9082,4.3764,0.731,0.7326,-0.2184,72600,53137,0.7319,0.731,103609100,0.73,109736200,0.729,75678600,0.728,59095900,0.727,43893800,0.732,43303100,0.733,99079800,0.734,85836300,0.735,50577200,0.736,39250400,84,100,0
sh513130,09:35:51,1764898552470,5562.07,0.9082,2.3245,0.732,0.7326,-0.0819,740700,541644,0.7313,0.731,103195500,0.73,109741600,0.729,75689100,0.728,59102300,0.727,43959000,0.732,79411900,0.733,88954800,0.734,86337700,0.735,42546200,0.736,22758600,5,100,0
sh513130,09:35:51,1764898554474,5561.8,0.9082,3.3365,0.732,0.7326,-0.0819,740700,541644,0.7313,0.731,103195500,0.73,109741600,0.729,75689100,0.728,59102300,0.727,43959000,0.732,79411900,0.733,88954800,0.734,86337700,0.735,42546200,0.736,22758600,14,100,0
sh513130,09:35:54,1764898556483,5561.53,0.9082,3.1107,0.732,0.7326,-0.0819,63000,46116,0.732,0.731,102784100,0.73,104538200,0.729,76923000,0.728,59975700,0.727,44134800,0.732,84840000,0.733,89614900,0.734,82006200,0.735,38556200,0.736,22758600,33,100,0
sh513130,09:35:57,1764898559481,5562.1,0.9082,3.4587,0.732,0.7326,-0.0819,450000,328990,0.7311,0.731,102429100,0.73,105510500,0.729,76886700,0.728,59239400,0.727,44434800,0.732,65331500,0.733,87779200,0.734,81864500,0.735,42871700,0.736,38758900,59,100,0
sh513130,09:36:00,1764898562484,5562.36,0.9082,4.4661,0.732,0.7313,0.0957,853500,624594,0.7318,0.731,120979900,0.73,106607500,0.729,76886700,0.728,59289400,0.727,28438000,0.732,53416600,0.733,95891000,0.734,81854500,0.735,46022300,0.736,38758900,18,100,0
sh513130,09:36:03,1764898565493,5561.77,0.9082,2.6656,0.732,0.7313,0.0957,47400,34696,0.732,0.731,121818400,0.73,107446100,0.729,75897900,0.728,59350400,0.727,28440000,0.732,26435100,0.733,95891000,0.734,82736000,0.735,48522300,0.736,38758900,1030,100,0
sh513130,09:36:06,1764898568494,5562.01,0.9082,2.6509,0.732,0.732,0.0,40800,29865,0.732,0.731,121774500,0.73,108453900,0.729,76868900,0.728,60057100,0.727,28380200,0.732,54918200,0.733,89719800,0.734,84617700,0.735,48524300,0.736,38758900,37,100,0
sh513130,09:36:09,1764898572505,5563.52,0.9082,5.9694,0.732,0.732,0.0,475000,347632,0.7319,0.731,123106500,0.73,109505800,0.729,75915200,0.728,60112200,0.727,28630200,0.732,20254100,0.733,98119800,0.734,86183300,0.735,48074300,0.736,38758900,38,100,0
sh513130,09:36:12,1764898574508,5564.27,0.9082,4.614,0.732,0.732,0.0,18885400,13824083,0.732,0.732,47954600,0.731,121804500,0.73,109411800,0.729,74015200,0.728,60222200,0.733,99119800,0.734,88245000,0.735,53274300,0.736,38915900,0.737,23003400,2,100,0
sh513130,09:36:15,1764898576512,5563.86,0.9082,3.6191,0.732,0.7319,0.0137,707600,517963,0.732,0.732,45874300,0.731,121830200,0.73,109668100,0.729,75718700,0.728,60570100,0.733,99809200,0.734,88222300,0.735,53274300,0.736,38915900,0.737,23003400,19,100,0
sh513130,09:36:18,1764898580523,5564.09,0.9082,3.5189,0.732,0.7319,0.0137,105300,77080,0.732,0.732,47916500,0.731,122042300,0.73,111830500,0.729,65806000,0.728,60570100,0.733,91923300,0.734,89038500,0.735,52302300,0.736,38915900,0.737,23003400,34,100,0
sh513130,09:36:21,1764898583538,5564.09,0.9082,2.6142,0.732,0.7319,0.0137,210400,154221,0.733,0.732,36832600,0.731,122430300,0.73,111872000,0.729,67889400,0.728,60589900,0.733,92016500,0.734,89219600,0.735,53312300,0.736,38915900,0.737,23003400,168,100,0
sh513130,09:36:24,1764898586541,5563.98,0.9082,3.6391,0.733,0.7326,0.0546,80500,58975,0.7326,0.732,40966800,0.731,123295500,0.73,112889200,0.729,67889400,0.728,60795900,0.733,93089400,0.734,89219600,0.735,53322300,0.736,38915900,0.737,23023700,152,100,0
sh513130,09:36:27,1764898589549,5564.29,0.9082,4.9019,0.733,0.7326,0.0546,50800,37236,0.733,0.732,13855700,0.731,123608100,0.73,112706300,0.729,67889400,0.728,61398800,0.733,94934800,0.734,89358100,0.735,53352300,0.736,38915900,0.737,23023700,1049,100,0
sh513130,09:36:30,1764898592555,5566.1,0.9082,4.7641,0.733,0.7326,0.0546,86000,62967,0.7322,0.732,47858500,0.731,124111200,0.73,114009200,0.729,63963400,0.728,61399700,0.733,95821100,0.734,88608100,0.735,53472300,0.736,38915900,0.737,23264400,30,100,0
sh513130,09:36:33,1764898595560,5565.29,0.9082,2.8161,0.733,0.7326,0.0546,439000,321611,0.7326,0.732,33575700,0.731,124160100,0.73,114150200,0.729,68866600,0.728,61441700,0.733,95892100,0.734,89412700,0.735,53472300,0.736,38915900,0.737,23364400,1101,100,0
sh513130,09:36:36,1764898599573,5565.3,0.9082,2.2604,0.732,0.7326,-0.0819,11662200,8536730,0.732,0.731,126053500,0.73,115233300,0.729,70138800,0.728,61441700,0.727,28936600,0.732,12813800,0.733,96203200,0.734,85422900,0.735,53472300,0.736,38915900,985,100,0
sh513130,09:36:39,1764898602615,5564.79,0.9082,1.1975,0.732,0.7326,-0.0819,18177500,13305930,0.732,0.732,6195600,0.731,124983700,0.73,115313800,0.729,71071000,0.728,61447200,0.733,96224800,0.734,89421100,0.735,53072300,0.736,38934300,0.737,23344100,71,100,0
sh513130,09:36:42,1764898604583,5563.92,0.9082,0.3159,0.732,0.7326,-0.0819,4447100,3255283,0.732,0.731,108958700,0.73,114293800,0.729,71943200,0.728,61447200,0.727,45003400,0.732,48892800,0.733,94931900,0.734,86442900,0.735,47972300,0.736,22928200,143,100,0
sh513130,09:36:45,1764898608592,5563.44,0.9082,1.3236,0.732,0.7326,-0.0819,763600,558955,0.732,0.731,125199600,0.73,114293800,0.729,72825400,0.728,61338600,0.727,29068900,0.732,29863600,0.733,97304500,0.734,88486000,0.735,48092300,0.736,38925000,81,100,0
sh513130,09:36:48,1764898610598,5562.91,0.9082,0.0543,0.731,0.7326,-0.2184,601900,440571,0.732,0.731,109408800,0.73,114473800,0.729,73777600,0.728,61343600,0.727,45065700,0.732,57280500,0.733,95862900,0.734,86482200,0.735,45597300,0.736,22928200,179,100,0
sh513130,09:36:51,1764898613607,5563.49,0.9082,-0.4221,0.732,0.7326,-0.0819,230600,168754,0.7318,0.731,109774800,0.73,115571900,0.729,74664100,0.728,61816100,0.727,45099000,0.732,37793700,0.733,96064300,0.734,85482200,0.735,48107300,0.736,39435000,1199,100,0
sh513130,09:36:54,1764898615607,5563.42,0.9082,1.2901,0.732,0.7326,-0.0819,215000,157380,0.732,0.731,109935600,0.73,114654200,0.729,75537800,0.728,61816100,0.727,45099000,0.732,42032400,0.733,96604000,0.734,85482200,0.735,45607300,0.736,23438200,1108,100,0
sh513130,09:36:57,1764898619614,5562.4,0.9082,1.8854,0.732,0.7326,-0.0819,105400,77146,0.7319,0.731,110233000,0.73,115672100,0.729,76698800,0.728,61822300,0.727,45099200,0.732,50597900,0.733,87014900,0.734,85482200,0.735,45607300,0.736,39483400,1156,100,0
sh513130,09:37:00,1764898621621,5563.3,0.9082,4.7497,0.732,0.7319,0.0137,2948200,2158034,0.732,0.732,16593200,0.731,126841300,0.73,114626800,0.729,68849100,0.728,61855900,0.733,110376100,0.734,89480400,0.735,53507300,0.736,39483400,0.737,23447100,1215,100,0
sh513130,09:37:03,1764898625627,5565.26,0.9082,3.4683,0.732,0.7319,0.0137,1374400,1006061,0.732,0.732,61743300,0.731,120494400,0.73,114664400,0.729,59449100,0.728,61927400,0.733,107697300,0.734,88630400,0.735,53508300,0.736,39539200,0.737,24125500,908,100,0
sh513130,09:37:06,1764898627632,5566.57,0.9082,4.9203,0.733,0.7326,0.0546,330900,242403,0.7326,0.732,70956300,0.731,120442500,0.73,114756700,0.729,54069200,0.728,61957400,0.733,107244900,0.734,88738200,0.735,53008300,0.736,39939200,0.737,24125500,713,100,0
sh513130,09:37:09,1764898631643,5566.99,0.9082,5.6023,0.732,0.7326,-0.0819,30000,21970,0.7323,0.732,75188800,0.731,119237900,0.73,115116900,0.729,54069400,0.728,61960400,0.733,107552700,0.734,88738200,0.735,53008300,0.736,39539200,0.737,24125500,448,100,0
sh513130,09:37:12,1764898634652,5568.31,0.9082,4.545,0.733,0.7326,0.0546,68500,50192,0.7327,0.732,75248500,0.731,120194100,0.73,115201400,0.729,54069400,0.728,61960400,0.733,104112600,0.734,88726200,0.735,52958300,0.736,43939200,0.737,24125500,147,100,0
sh513130,09:37:15,1764898637658,5566.72,0.9082,4.807,0.732,0.7326,-0.0819,108900,79725,0.7321,0.732,75581400,0.731,119350700,0.73,115283600,0.729,54166200,0.728,62055000,0.733,109236700,0.734,89607400,0.735,52958300,0.736,39939200,0.737,24125500,1238,100,0
sh513130,09:37:18,1764898640665,5567.15,0.9082,5.0348,0.733,0.7326,0.0546,118900,87131,0.7328,0.732,75015700,0.731,119800500,0.73,114323400,0.729,55048400,0.728,62056400,0.733,109501200,0.734,89607400,0.735,53208300,0.736,39539200,0.737,24130900,94,100,0
sh513130,09:37:21,1764898643670,5568.22,0.9082,3.6651,0.733,0.7326,0.0546,73500,53876,0.733,0.732,75912600,0.731,120130900,0.73,114263500,0.729,55980200,0.728,62056400,0.733,105285200,0.734,89667900,0.735,53208300,0.736,43939200,0.737,24145400,1180,100,0
sh513130,09:37:24,1764898646675,5569.06,0.9082,2.3336,0.732,0.7326,-0.0819,411100,301267,0.7328,0.732,77278900,0.731,120019900,0.73,113518700,0.729,55108000,0.728,62084100,0.733,105301300,0.734,89667900,0.735,53208300,0.736,43939200,0.737,24155400,249,100,0
sh513130,09:37:27,1764898649706,5568.44,0.9082,4.8894,0.733,0.7326,0.0546,116100,85090,0.7329,0.732,76790800,0.731,120105200,0.73,114627300,0.729,55980200,0.728,62084100,0.733,109529100,0.734,90529400,0.735,53359500,0.736,39539200,0.737,24165400,1106,100,0
sh513130,09:37:30,1764898651688,5569.08,0.9082,2.1854,0.733,0.7326,0.0546,104200,76379,0.733,0.732,77279200,0.731,120582900,0.73,114753300,0.729,56853900,0.728,62388700,0.733,110125500,0.734,89549900,0.735,53359500,0.736,39539200,0.737,24165400,912,100,0
sh513130,09:37:33,1764898655697,5568.34,0.9082,2.5777,0.733,0.7326,0.0546,627200,459738,0.733,0.732,77954100,0.731,120417300,0.73,114793700,0.729,57776100,0.728,62337600,0.733,109302400,0.734,89565200,0.735,53359600,0.736,39539200,0.737,24195400,516,100,0
sh513130,09:37:36,1764898658705,5568.59,0.9082,2.1942,0.733,0.7326,0.0546,179900,131849,0.7329,0.732,78492400,0.731,120488800,0.73,114804700,0.729,57827600,0.728,62394400,0.733,109166400,0.734,89585600,0.735,53369600,0.736,39934200,0.737,24195400,69,100,0
sh513130,09:37:39,1764898661712,5568.47,0.9082,0.8028,0.733,0.7326,0.0546,140300,102823,0.7329,0.732,78762300,0.731,120578300,0.73,114781500,0.729,58749800,0.728,62397100,0.733,109210600,0.734,89585600,0.735,54370000,0.736,39544400,0.737,24195400,23,100,0
sh513130,09:37:42,1764898664720,5567.8,0.9082,1.0512,0.733,0.7326,0.0546,770400,564703,0.733,0.732,79714600,0.731,120734500,0.73,114873900,0.729,59923300,0.728,62407100,0.733,110018500,0.734,89590600,0.735,54228500,0.736,39544400,0.737,24195400,267,100,0
sh513130,09:37:45,1764898667727,5567.33,0.9082,5.7446,0.733,0.7326,0.0546,84200,61719,0.733,0.732,80263500,0.731,120942300,0.73,116366800,0.729,60814200,0.728,62696900,0.733,110030400,0.734,89590600,0.735,54460900,0.736,40241900,0.737,24200400,1305,100,0
sh513130,09:37:48,1764898670737,5567.14,0.9082,4.4774,0.733,0.7326,0.0546,89000,65237,0.733,0.732,80760700,0.731,121408300,0.73,116365100,0.729,61651400,0.728,62699900,0.733,109996100,0.734,89590600,0.735,54460900,0.736,40241900,0.737,24200400,188,100,0
sh513130,09:37:51,1764898673740,5568.33,0.9082,3.3288,0.733,0.7326,0.0546,162500,119080,0.7328,0.732,80876300,0.731,121471400,0.73,116274300,0.729,62523600,0.728,62899900,0.733,110442700,0.734,89604400,0.735,54460900,0.736,40241900,0.737,24200400,1189,100,0
sh513130,09:37:54,1764898675745,5568.29,0.9082,2.0323,0.733,0.7326,0.0546,54300,39802,0.733,0.732,81012000,0.731,121585700,0.73,116453400,0.729,62687500,0.728,62899900,0.733,111135400,0.734,89604400,0.735,54460900,0.736,40641900,0.737,24286300,1019,100,0
sh513130,09:37:57,1764898678749,5567.48,0.9082,2.3051,0.733,0.7326,0.0546,372700,272974,0.7324,0.732,67314600,0.731,130085700,0.73,116534300,0.729,68068000,0.728,62899900,0.733,113294500,0.734,89604400,0.735,54587300,0.736,40291900,0.737,24286300,325,100,0
sh513130,09:38:00,1764898682808,5568.27,0.9082,3.728,0.733,0.7326,0.0546,39400,28880,0.733,0.732,81337000,0.731,121759100,0.73,116860100,0.729,62688000,0.728,62905400,0.733,114865300,0.734,89604400,0.735,54587300,0.736,40691900,0.737,26284900,352,100,0
sh513130,09:38:03,1764898685766,5567.8,0.9082,2.5671,0.733,0.7326,0.0546,102900,75422,0.733,0.732,81609000,0.731,121740400,0.73,116896100,0.729,62831200,0.728,62905400,0.733,115963000,0.734,90604400,0.735,54587300,0.736,40701200,0.737,26383900,172,100,0
sh513130,09:38:06,1764898688789,5571.12,0.9082,2.855,0.733,0.7326,0.0546,94900,69562,0.733,0.732,82854100,0.731,122612400,0.73,116005700,0.729,54833200,0.728,62905400,0.733,84897500,0.734,98049700,0.735,55577300,0.736,47701200,0.737,42380700,317,100,0
sh513130,09:38:09,1764898691779,5570.72,0.9082,3.5219,0.733,0.7326,0.0546,194100,142274,0.733,0.732,83635400,0.731,122628200,0.73,116032500,0.729,55695400,0.728,62932400,0.733,112085700,0.734,89649700,0.735,55605900,0.736,44701200,0.737,26383900,1290,100,0
sh513130,09:38:12,1764898693784,5571.13,0.9082,3.6302,0.733,0.7326,0.0546,5084100,3726436,0.733,0.732,83907700,0.731,123603200,0.73,116103500,0.729,54836900,0.728,46975600,0.733,54814100,0.734,101746700,0.735,62211900,0.736,56678300,0.737,42880700,1339,100,0
sh513130,09:38:15,1764898697793,5571.23,0.9082,2.3346,0.733,0.7326,0.0546,637600,467346,0.733,0.732,83870400,0.731,123654900,0.73,116083400,0.729,54816900,0.728,63007400,0.733,98564600,0.734,92447300,0.735,59213700,0.736,44701200,0.737,26883900,1164,100,0
sh513130,09:38:18,1764898699799,5571.48,0.9082,2.3268,0.733,0.7326,0.0546,1245500,912756,0.7328,0.732,83815600,0.731,124622000,0.73,116400000,0.729,54750800,0.728,63017400,0.733,97628000,0.734,92447300,0.735,59188700,0.736,44701200,0.737,26883900,1161,100,0
sh513130,09:38:21,1764898704810,5571.93,0.9082,1.6492,0.733,0.7333,-0.0409,18600,13633,0.733,0.732,84904800,0.731,125604100,0.73,116400000,0.729,54750800,0.728,63022900,0.733,81899000,0.734,93447300,0.735,59119700,0.736,45201200,0.737,26883900,308,100,0
sh513130,09:38:24,1764898706814,5571.86,0.9082,1.7788,0.733,0.7333,-0.0409,78300,57386,0.7329,0.732,101746000,0.731,123092200,0.73,117495000,0.729,54626000,0.728,47026100,0.733,54255100,0.734,102862800,0.735,62146900,0.736,57178300,0.737,42880700,399,100,0
sh513130,09:38:27,1764898709841,5572.7,0.9082,1.5532,0.733,0.7333,-0.0409,526100,385622,0.733,0.732,102124700,0.731,124211000,0.73,117322300,0.729,54805700,0.728,47036100,0.733,39878200,0.734,102892800,0.735,81135000,0.736,57178300,0.737,42910700,361,100,0
sh513130,09:38:30,1764898712897,5573.11,0.9082,2.0716,0.733,0.7333,-0.0409,399700,292980,0.733,0.732,88676400,0.731,125093900,0.73,117332300,0.729,54826000,0.728,47136100,0.733,37792400,0.734,105843800,0.735,81085000,0.736,57159900,0.737,42910700,377,100,0
sh513130,09:38:33,1764898715832,5573.57,0.9082,3.4887,0.733,0.7333,-0.0409,742000,543884,0.733,0.732,88976400,0.731,126694500,0.73,117022600,0.729,54828000,0.728,63355900,0.733,43729100,0.734,114911500,0.735,78086800,0.736,55659900,0.737,42910700,1337,100,0
sh513130,09:38:36,1764898717838,5573.06,0.9082,2.4504,0.733,0.7333,-0.0409,353000,258739,0.733,0.732,89031900,0.731,123173500,0.73,117084100,0.729,54828000,0.728,63396900,0.733,85140300,0.734,115903500,0.735,78586800,0.736,53182800,0.737,26913900,1415,100,0
sh513130,09:38:39,1764898721847,5571.49,0.9082,3.4844,0.733,0.7333,-0.0409,666300,488344,0.7329,0.732,89283800,0.731,124162200,0.73,117085100,0.729,54828000,0.728,63402100,0.733,101992300,0.734,107634600,0.735,78627300,0.736,45202800,0.737,26913900,1332,100,0
sh513130,09:38:42,1764898724854,5570.3,0.9082,2.1322,0.733,0.7333,-0.0409,496600,364008,0.733,0.732,89561700,0.731,126012200,0.73,117126700,0.729,54829000,0.728,63397300,0.733,106220500,0.734,107634600,0.735,78718500,0.736,40802800,0.737,26913900,145,100,0
sh513130,09:38:45,1764898727863,5570.43,0.9082,4.2297,0.733,0.7333,-0.0409,777400,569474,0.7325,0.732,88327600,0.731,126042700,0.73,118199800,0.729,54829000,0.728,63490900,0.733,107433100,0.734,107679300,0.735,77728500,0.736,40803800,0.737,26913900,988,100,0
sh513130,09:38:48,1764898729868,5569.77,0.9082,3.2234,0.733,0.7333,-0.0409,48500,35526,0.7325,0.732,88215300,0.731,127638500,0.73,118211600,0.729,54829000,0.728,63014500,0.733,107525300,0.734,107679300,0.735,77728500,0.736,40803800,0.737,26913900,813,100,0
sh513130,09:38:51,1764898732874,5570.26,0.9082,2.4956,0.733,0.7333,-0.0409,511200,374706,0.733,0.732,88195600,0.731,124160600,0.73,118233100,0.729,54829200,0.728,63014500,0.733,108007300,0.734,107706100,0.735,77728500,0.736,40903800,0.737,26914900,432,100,0
sh513130,09:38:54,1764898735931,5569.73,0.9082,4.4958,0.733,0.7333,-0.0409,27400,20082,0.7329,0.732,88392800,0.731,124179600,0.73,117744100,0.729,55701400,0.728,63014500,0.733,108120300,0.734,106756100,0.735,77728500,0.736,40903800,0.737,26914900,286,100,0
sh513130,09:38:57,1764898739887,5567.64,0.9082,2.7132,0.732,0.7333,-0.1773,14229300,10415881,0.732,0.732,23556700,0.731,132571700,0.73,108729100,0.729,70081400,0.728,63060500,0.733,111038900,0.734,106905200,0.735,77728500,0.736,40898800,0.737,26914900,1178,100,0
sh513130,09:39:00,1764898742891,5566.19,0.9082,2.0058,0.733,0.7326,0.0546,16204500,11861788,0.732,0.732,6465400,0.731,132440000,0.73,108824200,0.729,70481400,0.728,63067200,0.733,109271500,0.734,101698800,0.735,77728500,0.736,40995000,0.737,27006200,425,100,0
sh513130,09:39:03,1764898745970,5566.06,0.9082,2.2978,0.732,0.7326,-0.0819,561600,411594,0.7329,0.732,9981900,0.731,132448000,0.73,108894200,0.729,71353600,0.728,63067200,0.733,108920700,0.734,101698800,0.735,77728500,0.736,40858500,0.737,27006200,1489,100,0
sh513130,09:39:06,1764898747903,5566.25,0.9082,2.6311,0.732,0.7319,0.0137,97600,71447,0.732,0.732,10709500,0.731,116304000,0.73,109976100,0.729,71354600,0.728,63067200,0.733,109159600,0.734,101708800,0.735,77731300,0.736,40858500,0.737,27011200,1432,100,0
sh513130,09:39:09,1764898751913,5566.53,0.9082,4.2523,0.733,0.7326,0.0546,150400,110106,0.7321,0.732,12820200,0.731,132392800,0.73,109105400,0.729,71354600,0.728,63117200,0.733,111635800,0.734,101711400,0.735,77731300,0.736,40858500,0.737,27063800,1109,100,0
sh513130,09:39:12,1764898753920,5566.23,0.9082,3.3422,0.733,0.7326,0.0546,100500,73667,0.733,0.732,46371900,0.731,132433300,0.73,122556300,0.729,71792600,0.728,63117200,0.733,113529100,0.734,101711400,0.735,77731300,0.736,40858500,0.737,27063800,942,100,0
sh513130,09:39:15,1764898757929,5566.27,0.9082,3.4132,0.732,0.7319,0.0137,485500,355602,0.7324,0.732,20166600,0.731,132654800,0.73,122580200,0.729,72664900,0.728,63322200,0.733,113795900,0.734,103710200,0.735,77691300,0.736,40858500,0.737,27257600,515,100,0
sh513130,09:39:18,1764898760938,5565.41,0.9082,4.1388,0.733,0.7319,0.1503,11200,8209,0.7329,0.732,16283300,0.731,132556000,0.73,122724700,0.729,73537100,0.728,63353200,0.733,113988900,0.734,103710200,0.735,77691300,0.736,40860300,0.737,27257600,452,100,0
sh513130,09:39:21,1764898763944,5565.32,0.9082,2.8826,0.733,0.7319,0.1503,388800,284793,0.7325,0.732,13371100,0.731,116540500,0.73,122714900,0.729,74819300,0.728,63367300,0.733,113780400,0.734,104041100,0.735,77691300,0.736,40860300,0.737,27257600,63,100,0
sh513130,09:39:24,1764898766953,5565.39,0.9082,3.0455,0.733,0.7319,0.1503,170200,124691,0.7326,0.732,23887200,0.731,132537300,0.73,124271000,0.729,75286500,0.728,63367800,0.733,113965100,0.734,104091100,0.735,77721300,0.736,40860300,0.737,27284700,450,100,0
sh513130,09:39:27,1764898768954,5565.65,0.9082,2.545,0.733,0.7319,0.1503,25300,18527,0.7323,0.732,20392700,0.731,132489800,0.73,123283000,0.729,76167900,0.728,63367800,0.733,114704000,0.734,104341100,0.735,77681800,0.736,40860300,0.737,28284700,518,100,0
sh513130,09:39:30,1764898771963,5566.14,0.9082,2.9312,0.733,0.7319,0.1503,60700,44493,0.733,0.732,15400500,0.731,119388700,0.73,123251600,0.729,77059800,0.728,63367800,0.733,115086900,0.734,104341100,0.735,82676000,0.736,45857300,0.737,28286700,1512,100,0
sh513130,09:39:33,1764898774971,5565.24,0.9082,3.0526,0.733,0.7319,0.1503,282000,206552,0.7325,0.732,13309600,0.731,116474300,0.73,123252100,0.729,78081900,0.728,63382800,0.733,115279900,0.734,104445300,0.735,82676000,0.736,45857300,0.737,28286700,234,100,0
sh513130,09:39:36,1764898777979,5564.53,0.9082,4.1619,0.732,0.7319,0.0137,13588300,9946689,0.732,0.731,116880400,0.73,124331700,0.729,78094100,0.728,63443000,0.727,45349800,0.732,52766700,0.733,114075200,0.734,103428000,0.735,57620100,0.736,24763500,1076,100,0
sh513130,09:39:39,1764898781988,5564.58,0.9082,5.625,0.732,0.7319,0.0137,45000,32940,0.732,0.731,116873100,0.73,124331700,0.729,78114100,0.728,64326900,0.727,45339800,0.732,62026900,0.733,111696600,0.734,103419600,0.735,49220100,0.736,24763500,738,100,0
sh513130,09:39:42,1764898783994,5564.04,0.9082,4.1963,0.732,0.7319,0.0137,168100,123049,0.732,0.731,117941400,0.73,124391300,0.729,78114100,0.728,65163900,0.727,45336900,0.732,67090900,0.733,111100800,0.734,103585700,0.735,49220100,0.736,24763500,563,100,0
sh513130,09:39:45,1764898787001,5564.25,0.9082,4.7982,0.732,0.7319,0.0137,161000,117852,0.732,0.731,118177400,0.73,125443000,0.729,78114600,0.728,66037200,0.727,45341900,0.732,43259000,0.733,111404700,0.734,103490600,0.735,49092500,0.736,40760300,488,100,0
sh513130,09:39:48,1764898791009,5564.21,0.9082,2.5886,0.732,0.7319,0.0137,197500,144570,0.732,0.731,118783900,0.73,124611800,0.729,78114900,0.728,66938600,0.727,45351900,0.732,36147900,0.733,109718200,0.734,103590600,0.735,52092500,0.736,41759700,515,100,0
sh513130,09:39:51,1764898793017,5564.55,0.9082,2.0136,0.732,0.7319,0.0137,35800,26197,0.7318,0.731,134901600,0.73,125654300,0.729,78114900,0.728,64421000,0.727,29365100,0.732,31673800,0.733,106925000,0.734,103833700,0.735,52093000,0.736,45763700,587,100,0
sh513130,09:39:54,1764898796020,5565.04,0.9082,3.0129,0.732,0.7319,0.0137,1610600,1178936,0.732,0.732,52954200,0.731,135368800,0.73,125590900,0.729,77798100,0.728,63547600,0.733,105098800,0.734,104583700,0.735,63550800,0.736,45763700,0.737,28793300,1522,100,0
sh513130,09:39:54,1764898798022,5565.45,0.9082,4.7398,0.732,0.7319,0.0137,1610600,1178936,0.732,0.732,52954200,0.731,135368800,0.73,125590900,0.729,77798100,0.728,63547600,0.733,105098800,0.734,104583700,0.735,63550800,0.736,45763700,0.737,28793300,1499,100,0
sh513130,09:40:00,1764898803037,5567.57,0.9082,2.6722,0.732,0.7319,0.0137,136500,99929,0.7321,0.732,80732900,0.731,131193000,0.73,131435000,0.729,69135100,0.728,63532600,0.733,108589400,0.734,103583700,0.735,63550800,0.736,45849700,0.737,28793300,592,100,0
sh513130,09:40:03,1764898805041,5567.45,0.9082,5.547,0.732,0.7319,0.0137,94700,69328,0.7321,0.732,74894500,0.731,139632000,0.73,132359800,0.729,68085100,0.728,63532600,0.733,111010600,0.734,104583700,0.735,63550800,0.736,45849700,0.737,28793300,538,100,0
sh513130,09:40:06,1764898809054,5568.88,0.9082,5.8322,0.732,0.7326,-0.0819,600,439,0.7317,0.732,84104900,0.731,130753000,0.73,133340800,0.729,60085100,0.728,63573900,0.733,83842800,0.734,111983700,0.735,63550800,0.736,49849700,0.737,44790100,577,100,0
sh513130,09:40:09,1764898812062,5569.53,0.9082,7.3943,0.732,0.7326,-0.0819,505500,370452,0.7328,0.732,101210900,0.731,131102600,0.73,132211800,0.729,60118600,0.728,47678100,0.733,69125700,0.734,111983700,0.735,63564000,0.736,52849700,0.737,49787100,311,100,0
sh513130,09:40:12,1764898815067,5571.63,0.9082,6.3654,0.732,0.7326,-0.0819,31000,22722,0.733,0.732,101951700,0.731,131100600,0.73,132234800,0.729,60069000,0.728,47673100,0.733,39091400,0.734,112051900,0.735,83572200,0.736,62226800,0.737,49787100,668,100,0
sh513130,09:40:15,1764898817070,5571.79,0.9082,5.2426,0.733,0.7332,-0.0273,1615900,1184028,0.7327,0.732,102303600,0.731,132151400,0.73,123514700,0.729,60058700,0.728,47724100,0.733,36837000,0.734,112917100,0.735,83586000,0.736,62236800,0.737,49787100,568,100,0
sh513130,09:40:18,1764898820078,5571.81,0.9082,3.6694,0.733,0.7332,-0.0273,765200,560872,0.733,0.732,102112100,0.731,134024100,0.73,115553400,0.729,60068700,0.728,47727100,0.733,41112000,0.734,112109700,0.735,83586000,0.736,62236800,0.737,54529900,1564,100,0
sh513130,09:40:21,1764898823085,5571.7,0.9082,2.8884,0.733,0.7332,-0.0273,233800,171371,0.733,0.732,103395900,0.731,134219700,0.73,115565600,0.729,60068700,0.728,47727000,0.733,36890500,0.734,112109900,0.735,83586000,0.736,62236800,0.737,54529900,417,100,0
sh513130,09:40:24,1764898827092,5572.72,0.9082,3.8808,0.733,0.7339,-0.1226,4295800,3148821,0.733,0.732,104650900,0.731,134381100,0.73,115594600,0.729,60071500,0.728,47727000,0.733,31175800,0.734,112011900,0.735,84455500,0.736,62236800,0.737,54529900,90,100,0
sh513130,09:40:27,1764898829098,5573.47,0.9082,3.0115,0.733,0.7339,-0.1226,30597100,22427654,0.733,0.733,25246500,0.732,109982600,0.731,129173400,0.73,102610500,0.729,60071600,0.734,114403100,0.735,86320500,0.736,62336800,0.737,54550900,0.738,24689800,669,100,0
sh513130,09:40:30,1764898833108,5572.28,0.9082,1.4351,0.733,0.7339,-0.1226,5177400,3795124,0.733,0.732,109662600,0.731,130234100,0.73,102600500,0.729,60071600,0.728,47706300,0.733,19753300,0.734,108322000,0.735,86320500,0.736,62343800,0.737,49567700,689,100,0
sh513130,09:40:33,1764898835108,5572.63,0.9082,1.9926,0.733,0.7339,-0.1226,667400,489204,0.733,0.732,111046800,0.731,131124600,0.73,102594300,0.729,60071600,0.728,47862900,0.733,6346200,0.734,118288200,0.735,86330500,0.736,61943800,0.737,54576700,655,100,0
sh513130,09:40:36,1764898838119,5573.33,0.9082,4.4494,0.733,0.7332,-0.0273,7681100,5630220,0.733,0.733,42958800,0.732,111782200,0.731,131694300,0.73,102535300,0.729,55074600,0.734,120154400,0.735,86340500,0.736,61943800,0.737,54600800,0.738,24689800,244,100,0
sh513130,09:40:39,1764898841123,5575.0,0.9082,3.0061,0.733,0.7332,-0.0273,72000,52776,0.733,0.733,60995100,0.732,113097500,0.731,130636300,0.73,88775600,0.729,55181500,0.734,117965300,0.735,86344300,0.736,62343800,0.737,54600800,0.738,24689800,649,100,0
sh513130,09:40:42,1764898845128,5577.61,0.9082,4.6396,0.733,0.7332,-0.0273,83100,60912,0.733,0.733,71010200,0.732,106786700,0.731,130650100,0.73,87835600,0.729,55181500,0.734,98306700,0.735,85344300,0.736,62343800,0.737,58600800,0.738,24689800,667,100,0
sh513130,09:40:45,1764898848137,5577.75,0.9082,4.7585,0.734,0.7339,0.0136,77100,56552,0.7335,0.733,90988800,0.732,109071200,0.731,129592000,0.73,88091700,0.729,39184700,0.734,71466100,0.735,93744300,0.736,63353800,0.737,73356800,0.738,40686600,1591,100,0
sh513130,09:40:48,1764898850133,5578.07,0.9082,4.4431,0.734,0.7339,0.0136,23700,17393,0.7339,0.733,75251900,0.732,110318600,0.731,129692800,0.73,88093700,0.729,55181500,0.734,88992200,0.735,85344300,0.736,63267800,0.737,68100800,0.738,24689800,1397,100,0
sh513130,09:40:51,1764898853138,5577.74,0.9082,2.9806,0.734,0.7339,0.0136,268200,196859,0.734,0.733,75577300,0.732,106943400,0.731,129669500,0.73,88108200,0.729,55181500,0.734,119199200,0.735,85942400,0.736,63633900,0.737,54600800,0.738,24689800,52,100,0
sh513130,09:40:54,1764898857147,5577.62,0.9082,1.3448,0.734,0.7339,0.0136,47700,35012,0.734,0.733,67482900,0.732,100375400,0.731,128673600,0.73,93084100,0.729,55181500,0.734,120565900,0.735,86742400,0.736,62751700,0.737,54600800,0.738,24689800,692,100,0
sh513130,09:40:57,1764898859152,5577.28,0.9082,1.3238,0.734,0.7339,0.0136,94200,69108,0.7336,0.733,53031000,0.732,100522500,0.731,130507300,0.73,97474000,0.729,55233500,0.734,120956200,0.735,86742400,0.736,62706700,0.737,54620800,0.738,24775700,687,100,0
sh513130,09:41:00,1764898863164,5578.05,0.9082,2.2112,0.733,0.7339,-0.1226,77200,56647,0.7338,0.733,61954100,0.732,100428300,0.731,131573300,0.73,93080400,0.729,54891200,0.734,121061900,0.735,86742400,0.736,62706700,0.737,54670800,0.738,24775700,683,100,0
sh513130,09:41:03,1764898865170,5577.49,0.9082,2.5225,0.734,0.7339,0.0136,58000,42540,0.7334,0.733,74027100,0.732,93014100,0.731,131605300,0.73,93080900,0.729,54891200,0.734,120951800,0.735,86733400,0.736,62706700,0.737,54673800,0.738,24775700,746,100,0
sh513130,09:41:06,1764898868177,5577.8,0.9082,3.8833,0.734,0.7332,0.1091,91200,66909,0.7337,0.733,74021900,0.732,93111900,0.731,133443100,0.73,93021600,0.729,54894800,0.734,120959000,0.735,86723400,0.736,62706800,0.737,54673800,0.738,24775700,1677,100,0
sh513130,09:41:09,1764898872185,5576.76,0.9082,2.7124,0.734,0.7339,0.0136,138400,101580,0.734,0.733,52981800,0.732,102558800,0.731,133110000,0.73,98394400,0.729,54894800,0.734,122623400,0.735,86723400,0.736,63397900,0.737,54923800,0.738,24775700,1717,100,0
sh513130,09:41:12,1764898874188,5576.16,0.9082,3.8352,0.734,0.7339,0.0136,787800,578209,0.734,0.733,54288000,0.732,102835800,0.731,134248400,0.73,100545400,0.729,54904800,0.734,122222500,0.735,86994200,0.736,63397900,0.737,55183800,0.738,24975700,1531,100,0
sh513130,09:41:15,1764898877197,5574.96,0.9082,2.8373,0.734,0.7332,0.1091,344100,252569,0.734,0.733,31759800,0.732,103412200,0.731,126258400,0.73,108030200,0.729,59901800,0.734,123129500,0.735,93994200,0.736,63400900,0.737,55183800,0.738,24975700,192,100,0
sh513130,09:41:18,1764898879201,5574.89,0.9082,2.6276,0.734,0.7332,0.1091,145700,106918,0.7338,0.733,8916800,0.732,103462600,0.731,126923000,0.73,108020100,0.729,59901800,0.734,123091200,0.735,99943900,0.736,63300900,0.737,55189600,0.738,24975700,33,100,0
sh513130,09:41:18,1764898881201,5574.16,0.9082,2.9423,0.734,0.7332,0.1091,145700,106918,0.7338,0.733,8916800,0.732,103462600,0.731,126923000,0.73,108020100,0.729,59901800,0.734,123091200,0.735,99943900,0.736,63300900,0.737,55189600,0.738,24975700,727,100,0
sh513130,09:41:21,1764898883207,5574.96,0.9082,5.4704,0.733,0.7332,-0.0273,10993600,8058308,0.733,0.732,104330300,0.731,128893000,0.73,108421100,0.729,59957800,0.728,47643700,0.733,7370000,0.734,115006700,0.735,96943900,0.736,60300900,0.737,55159600,730,100,0
sh513130,09:41:24,1764898887217,5574.41,0.9082,5.7436,0.734,0.7332,0.1091,8535100,6256659,0.7331,0.733,39266600,0.732,104385400,0.731,129643700,0.73,108421100,0.729,54960800,0.734,114485700,0.735,98043900,0.736,60348500,0.737,58199600,0.738,24996200,724,100,0
sh513130,09:41:27,1764898889220,5575.52,0.9082,5.5699,0.734,0.7332,0.1091,70000,51380,0.734,0.733,51870200,0.732,104414200,0.731,129711700,0.73,99014200,0.729,54960800,0.734,114023800,0.735,98053900,0.736,60348500,0.737,58204400,0.738,24996200,704,100,0
sh513130,09:41:30,1764898892227,5575.51,0.9082,3.1857,0.734,0.7339,0.0136,229900,168744,0.734,0.733,59431800,0.732,104769400,0.731,128635900,0.73,93139700,0.729,54961400,0.734,114761600,0.735,98233900,0.736,60348500,0.737,58205200,0.738,24996200,7,100,0
sh513130,09:41:33,1764898895231,5574.1,0.9082,1.9039,0.734,0.7339,0.0136,1737600,1275398,0.734,0.733,58528600,0.732,105034200,0.731,129479200,0.73,93075200,0.729,54961400,0.734,113228900,0.735,98272400,0.736,60649000,0.737,58205200,0.738,25196200,784,100,0
sh513130,09:41:36,1764898898238,5574.23,0.9082,2.5713,0.734,0.7339,0.0136,456100,334654,0.7337,0.733,49093300,0.732,105682900,0.731,129733100,0.73,102444200,0.729,54961400,0.734,113287900,0.735,98358100,0.736,60649000,0.737,58205200,0.738,25196200,1569,100,0
sh513130,09:41:39,1764898902243,5573.33,0.9082,2.2295,0.733,0.7332,-0.0273,261300,191750,0.7338,0.733,34013700,0.732,106607800,0.731,130673100,0.73,107493900,0.729,59958400,0.734,113496300,0.735,98368100,0.736,60759000,0.737,58823400,0.738,25196200,1248,100,0
sh513130,09:41:42,1764898904251,5572.84,0.9082,1.146,0.734,0.7332,0.1091,18800,13799,0.734,0.733,28849600,0.732,106717000,0.731,131144000,0.73,107442500,0.729,59951400,0.734,113555800,0.735,98923500,0.736,60797300,0.737,59081300,0.738,25215600,1140,100,0
sh513130,09:41:45,1764898907256,5574.2,0.9082,2.6618,0.734,0.7332,0.1091,810900,595201,0.734,0.733,52308300,0.732,107384900,0.731,132069900,0.73,100508500,0.729,54954400,0.734,113027300,0.735,98923500,0.736,60797300,0.737,59081300,0.738,25219100,755,100,0
sh513130,09:41:48,1764898910285,5573.23,0.9082,2.1697,0.734,0.7332,0.1091,222800,163523,0.7339,0.733,27241000,0.732,106949600,0.731,132932900,0.73,107509500,0.729,59951400,0.734,113184300,0.735,99029900,0.736,60802100,0.737,59031300,0.738,25219100,649,100,0
sh513130,09:41:51,1764898914273,5573.48,0.9082,1.4306,0.733,0.7333,-0.0409,619600,454199,0.7331,0.733,30714700,0.732,107008500,0.731,134511500,0.73,107503900,0.729,59951400,0.734,113857200,0.735,99366500,0.736,60808100,0.737,59031300,0.738,25219100,286,100,0
sh513130,09:41:54,1764898917281,5573.22,0.9082,1.8522,0.733,0.7332,-0.0273,8596300,6301197,0.733,0.733,10466400,0.732,106812000,0.731,134513000,0.73,108390700,0.729,59951400,0.734,114050800,0.735,99416500,0.736,60832700,0.737,59031300,0.738,25269100,808,100,0
sh513130,09:41:57,1764898919285,5573.15,0.9082,1.4487,0.733,0.7332,-0.0273,10604900,7773393,0.733,0.732,107277700,0.731,135493900,0.73,110524100,0.729,59951400,0.728,47420700,0.733,30000,0.734,123832700,0.735,98916500,0.736,60865700,0.737,59031300,771,100,0
sh513130,09:42:00,1764898922292,5572.15,0.9082,2.4306,0.733,0.7332,-0.0273,498600,365509,0.7331,0.732,107412800,0.731,135484600,0.73,110420200,0.729,59921400,0.728,47416400,0.733,631800,0.734,123490900,0.735,100316300,0.736,60465700,0.737,59131300,1792,100,0
sh513130,09:42:03,1764898925301,5572.09,0.9082,1.8382,0.733,0.7332,-0.0273,130600,95730,0.733,0.732,106991600,0.731,135479300,0.73,111326500,0.729,59971400,0.728,47416400,0.733,22499000,0.734,124048400,0.735,99916500,0.736,63465700,0.737,53134300,445,100,0
sh513130,09:42:06,1764898928307,5570.59,0.9082,3.093,0.733,0.7332,-0.0273,259600,190188,0.7326,0.732,91757300,0.731,134499300,0.73,112227500,0.729,60323800,0.728,63415600,0.733,79441000,0.734,115398700,0.735,98926500,0.736,47488600,0.737,37157500,1285,100,0
sh513130,09:42:09,1764898932315,5569.94,0.9082,2.5183,0.733,0.7333,-0.0409,46500,34076,0.7328,0.732,91778200,0.731,134499300,0.73,113098500,0.729,60324800,0.728,63433400,0.733,80074200,0.734,114758700,0.735,98434900,0.736,47522600,0.737,37157500,931,100,0
sh513130,09:42:12,1764898934319,5569.88,0.9082,2.0667,0.733,0.7333,-0.0409,879700,644820,0.733,0.732,90933400,0.731,126456800,0.73,114054100,0.729,60340300,0.728,63441000,0.733,80535000,0.734,111586500,0.735,96704900,0.736,47522600,0.737,37157500,747,100,0
sh513130,09:42:15,1764898938328,5569.49,0.9082,3.2586,0.733,0.7332,-0.0273,123900,90754,0.7325,0.732,88889600,0.731,126687200,0.73,114077700,0.729,62340300,0.728,63442000,0.733,81642800,0.734,110550600,0.735,96891700,0.736,47532600,0.737,37157500,385,100,0
sh513130,09:42:18,1764898940339,5569.1,0.9082,3.3205,0.733,0.7332,-0.0273,156800,114935,0.733,0.732,91215300,0.731,126682200,0.73,115358500,0.729,60340300,0.728,63442000,0.733,82866000,0.734,109270700,0.735,96991700,0.736,47633900,0.737,37157500,211,100,0
sh513130,09:42:21,1764898943351,5568.29,0.9082,1.8964,0.733,0.7326,0.0546,438300,321264,0.733,0.732,87590800,0.731,126896200,0.73,116238500,0.729,64720300,0.728,63443400,0.733,84055300,0.734,108737900,0.735,96855400,0.736,47633900,0.737,37167500,920,100,0
sh513130,09:42:24,1764898946365,5567.88,0.9082,1.7658,0.733,0.7326,0.0546,190600,139706,0.733,0.732,76497200,0.731,135549500,0.73,117305100,0.729,67720300,0.728,63493600,0.733,84935800,0.734,109767900,0.735,96865400,0.736,47633900,0.737,37167500,1875,100,0
sh513130,09:42:27,1764898950381,5567.25,0.9082,1.7097,0.733,0.7326,0.0546,118800,87080,0.733,0.732,84840400,0.731,127197800,0.73,117466200,0.729,65814600,0.728,63493600,0.733,86030300,0.734,109594200,0.735,96879100,0.736,47647200,0.737,37167500,1540,100,0
sh513130,09:42:30,1764898952386,5567.03,0.9082,2.6627,0.733,0.7326,0.0546,48100,35223,0.7323,0.732,90431900,0.731,127211800,0.73,109485100,0.729,61315300,0.728,63493600,0.733,88038100,0.734,109555900,0.735,96879100,0.736,47647200,0.737,37237400,1383,100,0
sh513130,09:42:33,1764898955389,5567.44,0.9082,2.4863,0.733,0.7326,0.0546,22700,16639,0.733,0.732,90271700,0.731,127219800,0.73,110484300,0.729,61328300,0.728,63500600,0.733,85496200,0.734,108306800,0.735,96879100,0.736,51647200,0.737,37237400,21,100,0
sh513130,09:42:36,1764898958401,5567.49,0.9082,3.9438,0.733,0.7326,0.0546,82700,60612,0.7329,0.732,90165100,0.731,127133100,0.73,111293300,0.729,61396800,0.728,63506600,0.733,86818100,0.734,107544800,0.735,96865900,0.736,51847200,0.737,37337400,859,100,0
sh513130,09:42:39,1764898962408,5568.67,0.9082,2.8536,0.733,0.7326,0.0546,140500,102986,0.733,0.732,91189600,0.731,127187800,0.73,111184300,0.729,61396800,0.728,63506600,0.733,62505400,0.734,115944800,0.735,96865900,0.736,51847200,0.737,53334200,496,100,0
sh513130,09:42:42,1764898964413,5569.28,0.9082,2.5023,0.733,0.7326,0.0546,301000,220633,0.733,0.732,91513400,0.731,127201900,0.73,111945700,0.729,60519600,0.728,47509800,0.733,52818300,0.734,116595900,0.735,96909400,0.736,58824300,0.737,53347400,323,100,0
sh513130,09:42:45,1764898968428,5569.13,0.9082,2.7028,0.732,0.7326,-0.0819,7000,5126,0.7323,0.732,107652500,0.731,127602400,0.73,112816800,0.729,60519600,0.728,47485300,0.733,47523500,0.734,116615200,0.735,97897300,0.736,58824300,0.737,53347400,0,100,0
sh513130,09:42:48,1764898970433,5568.85,0.9082,3.425,0.733,0.7326,0.0546,434100,318195,0.733,0.732,92037500,0.731,127843500,0.73,112830700,0.729,60519600,0.728,63482100,0.733,83575300,0.734,108221000,0.735,96807300,0.736,51828600,0.737,37350600,1890,100,0
sh513130,09:42:51,1764898973439,5569.06,0.9082,2.9975,0.733,0.7326,0.0546,205100,150339,0.733,0.732,92528700,0.731,127973700,0.73,112854300,0.729,60519600,0.728,63502100,0.733,84382700,0.734,108216800,0.735,96827300,0.736,51828600,0.737,37350600,666,100,0
sh513130,09:42:54,1764898976448,5569.02,0.9082,2.5234,0.733,0.7326,0.0546,108200,79302,0.7329,0.732,92845300,0.731,128246400,0.73,113710300,0.729,60529600,0.728,63502100,0.733,85408800,0.734,108447400,0.735,96827300,0.736,51828600,0.737,37347100,1504,100,0
sh513130,09:42:57,1764898980453,5568.39,0.9082,2.6662,0.733,0.7326,0.0546,28900,21184,0.733,0.732,91904200,0.731,128271400,0.73,115576300,0.729,60529700,0.728,63502100,0.733,89737700,0.734,108447400,0.735,96827300,0.736,47828600,0.737,37347100,40,100,0
sh513130,09:43:00,1764898981457,5568.39,0.9082,2.5389,0.733,0.7327,0.0409,180600,132364,0.7329,0.732,91906900,0.731,128526400,0.73,116505700,0.729,60529700,0.728,63532100,0.733,90026600,0.734,108447400,0.735,96827300,0.736,47828600,0.737,37347100,958,100,0
sh513130,09:43:03,1764898985466,5567.41,0.9082,3.9263,0.733,0.7327,0.0409,251600,184422,0.733,0.732,91915700,0.731,128577400,0.73,117380800,0.729,60530900,0.728,63732100,0.733,89957800,0.734,108353900,0.735,96827300,0.736,47828600,0.737,36347100,957,100,0
sh513130,09:43:06,1764898987469,5564.31,0.9082,3.6428,0.733,0.7326,0.0546,1032000,755456,0.732,0.732,27516600,0.731,136737400,0.73,136559800,0.729,75310900,0.728,68750100,0.733,91412200,0.734,109733900,0.735,96827300,0.736,47828600,0.737,36347100,994,100,0
sh513130,09:43:09,1764898991479,5564.23,0.9082,1.5606,0.733,0.7327,0.0409,104100,76268,0.7326,0.732,36292000,0.731,136779400,0.73,136569800,0.729,75783100,0.728,63753100,0.733,91570300,0.734,109743900,0.735,96832300,0.736,47828600,0.737,36347100,935,100,0
sh513130,09:43:12,1764898994487,5562.88,0.9082,2.5188,0.733,0.7327,0.0409,208900,152965,0.7322,0.732,27716700,0.731,136734600,0.73,136589100,0.729,76655300,0.728,68755100,0.733,91680500,0.734,109723600,0.735,96841000,0.736,47828600,0.737,36347100,63,100,0
sh513130,09:43:15,1764898997495,5563.12,0.9082,2.5295,0.733,0.7326,0.0546,1906900,1395882,0.732,0.732,25453000,0.731,136720600,0.73,136540100,0.729,77527500,0.728,68760100,0.733,92463600,0.734,109719800,0.735,96854600,0.736,47829100,0.737,36436700,742,100,0
sh513130,09:43:18,1764898999500,5562.86,0.9082,2.5832,0.733,0.7326,0.0546,7300,5351,0.733,0.732,25470000,0.731,120444100,0.73,136540100,0.729,78802300,0.728,68906700,0.733,93739000,0.734,109471400,0.735,96854600,0.736,47829100,0.737,36436700,569,100,0
sh513130,09:43:21,1764899004510,5563.01,0.9082,2.3706,0.732,0.7326,-0.0819,2019300,1478355,0.7321,0.732,29531300,0.731,136588500,0.73,137040700,0.729,79276600,0.728,68906700,0.733,93831000,0.734,109464400,0.735,96854600,0.736,47637900,0.737,36436700,67,100,0
sh513130,09:43:24,1764899007518,5562.91,0.9082,1.1142,0.733,0.7326,0.0546,246400,180385,0.7321,0.732,32770400,0.731,136593500,0.73,137043700,0.729,79796500,0.728,68906700,0.733,94115700,0.734,109474400,0.735,96854600,0.736,47637900,0.737,36489600,999,100,0
sh513130,09:43:27,1764899009521,5563.12,0.9082,0.9825,0.732,0.7326,-0.0819,1122200,821485,0.732,0.732,25148500,0.731,136620400,0.73,137076600,0.729,80688800,0.728,68906700,0.733,98724400,0.734,109454600,0.735,96854600,0.736,47637900,0.737,36502700,1013,100,0
sh513130,09:43:30,1764899012529,5563.58,0.9082,4.0115,0.733,0.732,0.1366,22200,16272,0.733,0.732,26946900,0.731,136718500,0.73,137078600,0.729,75455300,0.728,68920700,0.733,99935100,0.734,109342000,0.735,96844600,0.736,47619900,0.737,36502700,76,100,0
sh513130,09:43:33,1764899015537,5563.37,0.9082,2.0073,0.732,0.732,0.0,122500,89723,0.7324,0.732,30201100,0.731,136911700,0.73,137136400,0.729,76325100,0.728,68920700,0.733,100807200,0.734,109342000,0.735,96794600,0.736,47619900,0.737,36502700,1040,100,0
sh513130,09:43:36,1764899018543,5562.97,0.9082,2.259,0.733,0.732,0.1366,2261100,1655186,0.732,0.732,22566500,0.731,136926000,0.73,137236400,0.729,77197400,0.728,68868400,0.733,100916200,0.734,109342000,0.735,96794600,0.736,47664900,0.737,36502700,35,100,0
sh513130,09:43:39,1764899021551,5562.73,0.9082,2.053,0.733,0.732,0.1366,1778200,1301695,0.732,0.732,25678000,0.731,136865100,0.73,137224400,0.729,78069600,0.728,68918400,0.733,100907600,0.734,109342000,0.735,96797500,0.736,47664900,0.737,36502700,854,100,0
sh513130,09:43:42,1764899023555,5562.38,0.9082,1.094,0.733,0.732,0.1366,151400,110836,0.7321,0.732,31726300,0.731,136843300,0.73,137206300,0.729,78965300,0.728,63921400,0.733,101385900,0.734,109782000,0.735,96797500,0.736,47664900,0.737,36515700,678,100,0
sh513130,09:43:45,1764899026560,5561.87,0.9082,0.1902,0.733,0.732,0.1366,219900,160977,0.732,0.732,22627100,0.731,136865800,0.73,136991100,0.729,79837500,0.728,68918400,0.733,101457400,0.734,109182000,0.735,96802500,0.736,47664900,0.737,36515700,67,100,0
sh513130,09:43:48,1764899030568,5562.18,0.9082,0.5124,0.732,0.732,0.0,2776800,2032640,0.732,0.732,23621800,0.731,136905800,0.73,136998600,0.729,81109800,0.728,68918400,0.733,102779400,0.734,109192000,0.735,96802500,0.736,47664900,0.737,36527600,86,100,0
sh513130,09:43:51,1764899032573,5563.2,0.9082,0.2989,0.733,0.732,0.1366,181500,132970,0.7326,0.732,29013500,0.731,136810900,0.73,136960900,0.729,75481300,0.728,63891900,0.733,102045500,0.734,109171400,0.735,96759000,0.736,47564900,0.737,36527600,67,100,0
sh513130,09:43:54,1764899035580,5562.84,0.9082,1.5211,0.733,0.732,0.1366,20400,14953,0.733,0.732,18953500,0.731,136823900,0.73,136960900,0.729,76353700,0.728,68889900,0.733,103746000,0.734,109303200,0.735,96783100,0.736,47558000,0.737,36527600,1070,100,0
sh513130,09:43:57,1764899039591,5563.18,0.9082,1.8564,0.732,0.732,0.0,55200,40408,0.732,0.732,22977000,0.731,137531100,0.73,137318200,0.729,77226000,0.728,68889900,0.733,104030800,0.734,109361300,0.735,96788600,0.736,47558000,0.737,36527600,1126,100,0
sh513130,09:44:00,1764899042595,5565.48,0.9082,5.6662,0.732,0.732,0.0,44000,32208,0.732,0.732,69634500,0.731,137531100,0.73,134297300,0.729,64718300,0.728,63892900,0.733,104145700,0.734,108368200,0.735,96883600,0.736,47558500,0.737,36527600,108,100,0
sh513130,09:44:03,1764899044599,5565.71,0.9082,6.9878,0.732,0.732,0.0,84300,61720,0.7321,0.732,79358500,0.731,129133500,0.73,134317300,0.729,64605600,0.728,63892900,0.733,104264200,0.734,109606500,0.735,96916000,0.736,47558500,0.737,36528500,93,100,0
sh513130,09:44:06,1764899049607,5565.48,0.9082,3.3176,0.732,0.732,0.0,269400,197201,0.732,0.732,57254600,0.731,137544000,0.73,134339900,0.729,77857900,0.728,64892900,0.733,104012500,0.734,109606500,0.735,97031400,0.736,47558500,0.737,36527000,553,100,0
sh513130,09:44:09,1764899051613,5565.25,0.9082,2.9568,0.732,0.7327,-0.0955,30800,22553,0.7322,0.732,78099800,0.731,129419300,0.73,134425900,0.729,66350200,0.728,64907900,0.733,103906000,0.734,108692800,0.735,96846700,0.736,47558500,0.737,36527000,451,100,0
sh513130,09:44:12,1764899053615,5565.54,0.9082,3.3802,0.733,0.7327,0.0409,5500,4028,0.7324,0.732,78066200,0.731,129406000,0.73,134485900,0.729,61119400,0.728,64907900,0.733,103954100,0.734,108718700,0.735,96853800,0.736,47558500,0.737,36527000,276,100,0
sh513130,09:44:15,1764899056618,5565.41,0.9082,2.6398,0.733,0.7327,0.0409,178200,130443,0.732,0.732,67543600,0.731,137806700,0.73,134565900,0.729,63999600,0.728,64832900,0.733,104210300,0.734,109718700,0.735,96884500,0.736,47549200,0.737,36529300,161,100,0
sh513130,09:44:18,1764899060629,5564.06,0.9082,4.1878,0.733,0.7327,0.0409,62100,45458,0.732,0.732,21098600,0.731,137887700,0.73,134566900,0.729,77254900,0.728,69833900,0.733,104509500,0.734,109718700,0.735,96884500,0.736,47549200,0.737,36529300,164,100,0
sh513130,09:44:21,1764899063633,5563.71,0.9082,3.3142,0.732,0.7327,-0.0955,175900,128825,0.7324,0.732,19713100,0.731,137978700,0.73,134563400,0.729,78164600,0.728,69818900,0.733,104934000,0.734,109718700,0.735,96884500,0.736,47549200,0.737,36529300,1160,100,0
sh513130,09:44:24,1764899065639,5562.65,0.9082,0.8625,0.732,0.7327,-0.0955,2804300,2052832,0.732,0.732,15377200,0.731,138099800,0.73,134638500,0.729,79036900,0.728,69828900,0.733,104336200,0.734,110016700,0.735,96924500,0.736,47549200,0.737,36535300,1115,100,0
sh513130,09:44:24,1764899067644,5563.09,0.9082,0.8279,0.732,0.7327,-0.0955,2804300,2052832,0.732,0.732,15377200,0.731,138099800,0.73,134638500,0.729,79036900,0.728,69828900,0.733,104336200,0.734,110016700,0.735,96924500,0.736,47549200,0.737,36535300,1154,100,0
sh513130,09:44:27,1764899069647,5562.76,0.9082,1.3188,0.732,0.7327,-0.0955,9200,6734,0.732,0.732,21415100,0.731,138159800,0.73,134608500,0.729,79036900,0.728,69828900,0.733,104836200,0.734,110016700,0.735,96928500,0.736,47549200,0.737,36535300,1050,100,0
sh513130,09:44:30,1764899072654,5562.81,0.9082,2.3706,0.732,0.7327,-0.0955,30700,22478,0.7322,0.732,18195800,0.731,138164100,0.73,134631600,0.729,76425900,0.728,69878900,0.733,105227500,0.734,110266700,0.735,96938500,0.736,47549200,0.737,36535300,163,100,0
sh513130,09:44:33,1764899074661,5562.01,0.9082,1.5182,0.732,0.7327,-0.0955,41600,30459,0.7322,0.732,22163700,0.731,138072800,0.73,134634600,0.729,77298200,0.728,69878900,0.733,105283300,0.734,110276200,0.735,96738500,0.736,47549200,0.737,36860300,198,100,0
sh513130,09:44:36,1764899078667,5561.86,0.9082,1.2451,0.732,0.7327,-0.0955,1768200,1294331,0.732,0.732,14397600,0.731,138103000,0.73,134619600,0.729,77298200,0.728,69878900,0.733,105470300,0.734,110276200,0.735,96638500,0.736,47549200,0.737,36860300,119,100,0
sh513130,09:44:39,1764899080675,5562.41,0.9082,0.8357,0.732,0.7327,-0.0955,1026300,751261,0.732,0.732,13716600,0.731,138077600,0.73,134627400,0.729,78170500,0.728,69879700,0.733,105352700,0.734,110286200,0.735,96547300,0.736,47549200,0.737,36860300,204,100,0
sh513130,09:44:42,1764899084682,5563.12,0.9082,1.6641,0.732,0.7327,-0.0955,210800,154326,0.7321,0.732,13558900,0.731,138071400,0.73,134613600,0.729,79041800,0.728,69894700,0.733,105544700,0.734,110348500,0.735,96491400,0.736,47549200,0.737,32117500,216,100,0
sh513130,09:44:45,1764899086687,5561.83,0.9082,1.5745,0.732,0.732,0.0,431900,316187,0.7321,0.732,15201800,0.731,138297000,0.73,134613600,0.729,79914100,0.728,69894700,0.733,105639000,0.734,110208300,0.735,96491400,0.736,47549200,0.737,32117500,151,100,0
sh513130,09:44:48,1764899090707,5561.18,0.9082,4.4347,0.732,0.732,0.0,743500,544242,0.732,0.732,12457300,0.731,122304200,0.73,134637800,0.729,80787400,0.728,69894700,0.733,105644500,0.734,110208300,0.735,96491400,0.736,47626200,0.737,32139000,158,100,0
sh513130,09:44:51,1764899092714,5561.53,0.9082,3.9551,0.732,0.7327,-0.0955,13311000,9742652,0.7319,0.731,123846200,0.73,134738000,0.729,82059700,0.728,69922700,0.727,45815500,0.732,50382500,0.733,107468300,0.734,101323100,0.735,68315200,0.736,41629200,174,100,0
sh513130,09:44:54,1764899096719,5560.36,0.9082,3.9058,0.732,0.732,0.0,4407100,3225997,0.732,0.731,124316500,0.73,134718000,0.729,82932000,0.728,69936000,0.727,45815500,0.732,89161000,0.733,96546100,0.734,101323100,0.735,58915200,0.736,25632400,181,100,0
sh513130,09:44:57,1764899099728,5559.98,0.9082,4.1343,0.732,0.732,0.0,209000,152988,0.732,0.731,123615300,0.73,134675400,0.729,84071300,0.728,69936000,0.727,45815500,0.732,92160200,0.733,95023200,0.734,101333100,0.735,58868700,0.736,25634400,663,100,0
sh513130,09:45:00,1764899102734,5558.9,0.9082,3.4826,0.732,0.732,0.0,1007700,737630,0.732,0.731,123669700,0.73,134675400,0.729,84071300,0.728,69936000,0.727,45815600,0.732,94159800,0.733,94665900,0.734,101333100,0.735,58868700,0.736,25634400,204,100,0
sh513130,09:45:03,1764899106739,5558.81,0.9082,4.5208,0.732,0.732,0.0,992600,725655,0.7311,0.731,122702400,0.73,134687900,0.729,83770300,0.728,69459000,0.727,45815600,0.732,94256700,0.733,90695900,0.734,101669400,0.735,59004900,0.736,25634400,224,100,0
sh513130,09:45:06,1764899108743,5558.85,0.9082,6.3947,0.732,0.732,0.0,1496300,1094582,0.7315,0.731,113740700,0.73,143102900,0.729,84053500,0.728,69469000,0.727,45815600,0.732,94271200,0.733,88490000,0.734,101719400,0.735,59022900,0.736,25634400,260,100,0
sh513130,09:45:09,1764899112748,5559.73,0.9082,5.3419,0.732,0.732,0.0,24400,17859,0.7319,0.731,123055700,0.73,134705200,0.729,84000700,0.728,69512200,0.727,45815600,0.732,94217300,0.733,88951300,0.734,101719400,0.735,59022900,0.736,25634400,244,100,0
sh513130,09:45:12,1764899114754,5559.19,0.9082,4.4649,0.731,0.732,-0.1366,42500,31086,0.7314,0.731,122804600,0.73,134788200,0.729,83999200,0.728,69510200,0.727,45716700,0.732,86509200,0.733,90003000,0.734,101719400,0.735,63022900,0.736,25634400,250,100,0
sh513130,09:45:15,1764899117763,5559.17,0.9082,3.0192,0.732,0.732,0.0,831500,608599,0.7319,0.731,121878000,0.73,134788200,0.729,83989200,0.728,69572200,0.727,45764700,0.732,86303300,0.733,91304300,0.734,101719400,0.735,63027900,0.736,25639200,1268,100,0
sh513130,09:45:18,1764899120770,5558.68,0.9082,3.5311,0.732,0.732,0.0,88100,64448,0.7315,0.731,121766100,0.73,135296500,0.729,83999200,0.728,69572200,0.727,45765700,0.732,91736600,0.733,90512400,0.734,101673500,0.735,59041700,0.736,25639200,289,100,0
sh513130,09:45:21,1764899122774,5557.52,0.9082,3.282,0.732,0.732,0.0,12600,9221,0.7318,0.731,103107400,0.73,139775700,0.729,79002200,0.728,74962000,0.727,45765700,0.732,93976300,0.733,86575900,0.734,96699400,0.735,54044700,0.736,25639200,282,100,0
sh513130,09:45:21,1764899124779,5556.32,0.9082,2.6774,0.732,0.732,0.0,12600,9221,0.7318,0.731,103107400,0.73,139775700,0.729,79002200,0.728,74962000,0.727,45765700,0.732,93976300,0.733,86575900,0.734,96699400,0.735,54044700,0.736,25639200,274,100,0
sh513130,09:45:24,1764899126783,5556.19,0.9082,1.4524,0.731,0.732,-0.1366,69000,50449,0.7311,0.731,99806500,0.73,131776400,0.729,79002200,0.728,74962000,0.727,45765700,0.732,96270300,0.733,85436100,0.734,96699400,0.735,54054400,0.736,25639200,298,100,0
sh513130,09:45:27,1764899128784,5555.77,0.9082,1.3233,0.732,0.732,0.0,681200,498639,0.732,0.731,95941700,0.73,131906900,0.729,79002200,0.728,79825500,0.727,45775700,0.732,98484200,0.733,86046800,0.734,96699400,0.735,54054500,0.736,25639200,294,100,0
sh513130,09:45:30,1764899132798,5554.88,0.9082,0.3678,0.732,0.7313,0.0957,32700,23936,0.732,0.731,71634300,0.73,135896500,0.729,102222400,0.728,79828500,0.727,45808800,0.732,99068400,0.733,86091300,0.734,96699400,0.735,54054500,0.736,25639200,317,100,0
sh513130,09:45:33,1764899134800,5554.88,0.9082,-0.0586,0.731,0.7313,-0.041,15751500,11515403,0.7311,0.731,46832300,0.73,119876400,0.729,106715000,0.728,86086500,0.727,50818300,0.732,91161100,0.733,85136200,0.734,96810600,0.735,54076000,0.736,25643200,854,100,0
sh513130,09:45:36,1764899137809,5553.62,0.9082,2.4354,0.731,0.7313,-0.041,12969200,9480614,0.731,0.731,32394400,0.73,119860100,0.729,106729000,0.728,86191900,0.727,50818300,0.732,102238600,0.733,86243000,0.734,96879900,0.735,54087000,0.736,25638200,1308,100,0
sh513130,09:45:39,1764899140814,5553.13,0.9082,2.172,0.731,0.7313,-0.041,18815300,13753985,0.731,0.731,15662300,0.73,119915300,0.729,98805800,0.728,87065400,0.727,50819300,0.732,105687800,0.733,84250200,0.734,101906200,0.735,59006900,0.736,27636400,281,100,0
sh513130,09:45:42,1764899143817,5552.48,0.9082,1.7777,0.731,0.7313,-0.041,20069500,14670804,0.731,0.73,115185500,0.729,99905800,0.728,87065400,0.727,52858600,0.726,52535000,0.731,61343100,0.732,105078300,0.733,81262900,0.734,74097000,0.735,40970000,1151,100,0
sh513130,09:45:45,1764899147831,5553.67,0.9082,2.6013,0.731,0.7307,0.0411,288100,210601,0.731,0.73,118088600,0.729,100780500,0.728,87065400,0.727,50859100,0.726,52561700,0.731,31026000,0.732,105535900,0.733,81278000,0.734,67794100,0.735,53968600,792,100,0
sh513130,09:45:48,1764899149835,5553.09,0.9082,4.1557,0.731,0.7307,0.0411,161700,118201,0.731,0.73,133837600,0.729,102827600,0.728,87095400,0.727,50859100,0.726,36978900,0.731,26376700,0.732,106935000,0.733,81195000,0.734,69188500,0.735,57966200,623,100,0
sh513130,09:45:51,1764899153839,5552.34,0.9082,2.3899,0.73,0.7313,-0.1778,303300,221647,0.7308,0.73,118099600,0.729,101879600,0.728,87017400,0.727,50859100,0.726,52991700,0.731,51103900,0.732,108062400,0.733,81364100,0.734,69053900,0.735,37971800,272,100,0
sh513130,09:45:54,1764899156851,5552.76,0.9082,2.7377,0.731,0.7313,-0.041,602400,440139,0.7306,0.73,118009100,0.729,102957100,0.728,87135700,0.727,50864700,0.726,52992200,0.731,34766700,0.732,108083400,0.733,81843200,0.734,69053900,0.735,53968600,382,100,0
sh513130,09:45:57,1764899158852,5553.11,0.9082,2.6958,0.731,0.7313,-0.041,160300,117174,0.731,0.73,118170100,0.729,101296500,0.728,87234900,0.727,50865100,0.726,52992200,0.731,56709300,0.732,107793200,0.733,81425000,0.734,69023400,0.735,37921800,348,100,0
sh513130,09:46:00,1764899161862,5552.08,0.9082,5.8053,0.73,0.7307,-0.0958,331000,241668,0.7301,0.73,117956300,0.729,100441000,0.728,87241700,0.727,50865100,0.726,52992200,0.731,42030200,0.732,106255300,0.733,81435400,0.734,69134400,0.735,53949000,1376,100,0
sh513130,09:46:03,1764899165871,5552.13,0.9082,5.3952,0.73,0.7307,-0.0958,336800,245868,0.73,0.73,118266500,0.729,100439900,0.728,88336200,0.727,50866400,0.726,52992600,0.731,61596800,0.732,105305300,0.733,81729800,0.734,65206300,0.735,37953500,1382,100,0
sh513130,09:46:06,1764899168874,5552.44,0.9082,4.7217,0.73,0.7307,-0.0958,300300,219219,0.73,0.73,118145900,0.729,100494800,0.728,89278600,0.727,55896500,0.726,52994900,0.731,63536900,0.732,104975300,0.733,80840800,0.734,68014900,0.735,37953500,35,100,0
sh513130,09:46:09,1764899171885,5552.62,0.9082,3.5212,0.73,0.7307,-0.0958,799500,583635,0.73,0.73,117435000,0.729,101511100,0.728,90118200,0.727,55903800,0.726,52995000,0.731,47376600,0.732,105164800,0.733,80911900,0.734,69014300,0.735,53950300,872,100,0
sh513130,09:46:12,1764899173886,5552.26,0.9082,4.1009,0.73,0.7307,-0.0958,1293800,944578,0.7301,0.73,115770100,0.729,100726700,0.728,91022900,0.727,56168100,0.726,52998000,0.731,49415500,0.732,105368200,0.733,81212400,0.734,69011300,0.735,53949900,678,100,0
sh513130,09:46:15,1764899177898,5552.39,0.9082,0.8679,0.73,0.7307,-0.0958,241400,176277,0.7302,0.73,115215500,0.729,101860400,0.728,92024600,0.727,56189400,0.726,53011000,0.731,49804500,0.732,104053900,0.733,81490100,0.734,69068300,0.735,54024100,327,100,0
sh513130,09:46:18,1764899180903,5553.02,0.9082,0.586,0.73,0.7307,-0.0958,113500,82857,0.73,0.73,115398300,0.729,101940300,0.728,92908100,0.727,56189400,0.726,53019100,0.731,50623600,0.732,103183500,0.733,81592100,0.734,69068300,0.735,54024100,409,100,0
sh513130,09:46:21,1764899183909,5552.71,0.9082,1.5946,0.731,0.7306,0.0547,551200,402395,0.73,0.73,131196400,0.729,101944300,0.728,93149900,0.727,56189900,0.726,37108300,0.731,37516600,0.732,103104800,0.733,81647100,0.734,81944900,0.735,56124900,1401,100,0
sh513130,09:46:24,1764899186917,5553.18,0.9082,3.8862,0.731,0.7306,0.0547,119800,87542,0.7307,0.73,115635500,0.729,102101300,0.728,93822300,0.727,57102700,0.726,53105300,0.731,50971300,0.732,102604800,0.733,83100800,0.734,72567300,0.735,54346800,375,100,0
sh513130,09:46:27,1764899189926,5553.38,0.9082,4.1146,0.731,0.7306,0.0547,33029800,24144784,0.731,0.731,56213900,0.73,132010600,0.729,101875200,0.728,93937100,0.727,56528000,0.732,103917100,0.733,83403700,0.734,87024900,0.735,58344400,0.736,23808200,1383,100,0
sh513130,09:46:30,1764899192929,5555.62,0.9082,6.6824,0.731,0.7307,0.0411,77300,56506,0.731,0.731,81448100,0.73,124959100,0.729,102747400,0.728,79300100,0.727,56555300,0.732,104269100,0.733,83568700,0.734,87125700,0.735,58354400,0.736,23806200,169,100,0
sh513130,09:46:33,1764899195938,5557.3,0.9082,6.8948,0.731,0.7307,0.0411,303500,221858,0.731,0.731,84653300,0.73,125024100,0.729,101850100,0.728,79271400,0.727,56695300,0.732,91957200,0.733,96048700,0.734,87125700,0.735,62354400,0.736,23809200,1015,100,0
sh513130,09:46:36,1764899197943,5558.22,0.9082,6.0623,0.732,0.7307,0.1779,406400,297091,0.731,0.731,84622700,0.73,125203800,0.729,103036000,0.728,71035800,0.727,56763300,0.732,63881100,0.733,104993700,0.734,87125700,0.735,65354400,0.736,39811000,856,100,0
sh513130,09:46:39,1764899201951,5560.41,0.9082,2.6523,0.732,0.7306,0.1916,11412900,8354238,0.732,0.731,97198500,0.73,127475700,0.729,103097900,0.728,71035800,0.727,40766500,0.732,18487500,0.733,105027700,0.734,107167700,0.735,77486600,0.736,43595800,510,100,0
sh513130,09:46:42,1764899203954,5559.1,0.9082,1.4595,0.731,0.7306,0.0547,11727100,8584189,0.732,0.731,79199900,0.73,126874900,0.729,102965800,0.728,73055900,0.727,56745000,0.732,79653600,0.733,97599500,0.734,106319700,0.735,62429400,0.736,23851400,331,100,0
sh513130,09:46:45,1764899207968,5559.38,0.9082,3.0031,0.732,0.732,0.0,33200,24302,0.732,0.731,82259900,0.73,128971500,0.729,103017700,0.728,71080400,0.727,56745000,0.732,32317300,0.733,106156300,0.734,106364200,0.735,62429400,0.736,39848200,1430,100,0
sh513130,09:46:48,1764899210999,5560.18,0.9082,3.397,0.732,0.732,0.0,200000,146400,0.732,0.731,84335400,0.73,129253600,0.729,103030100,0.728,71085400,0.727,56808400,0.732,32240500,0.733,106203300,0.734,106376300,0.735,62601500,0.736,41866800,511,100,0
sh513130,09:46:51,1764899213977,5561.14,0.9082,5.7297,0.732,0.732,0.0,100000,73200,0.732,0.731,110095000,0.73,130440400,0.729,103054800,0.728,71106400,0.727,40811600,0.732,7126200,0.733,107088900,0.734,107466300,0.735,78090700,0.736,45864400,1497,100,0
sh513130,09:46:54,1764899216987,5562.2,0.9082,4.8577,0.732,0.732,0.0,8543100,6253539,0.732,0.732,31132900,0.731,110457200,0.73,129573500,0.729,84318800,0.728,71212900,0.733,111714000,0.734,108466000,0.735,78140700,0.736,45875400,0.737,30169900,315,100,0
sh513130,09:46:57,1764899219996,5561.53,0.9082,3.4785,0.732,0.732,0.0,28399600,20788508,0.732,0.732,993000,0.731,110581300,0.73,129606100,0.729,83983800,0.728,71313200,0.733,112962300,0.734,108451000,0.735,78140700,0.736,45945400,0.737,30169900,1157,100,0
sh513130,09:47:00,1764899223003,5560.58,0.9082,2.4704,0.732,0.732,0.0,613200,448900,0.7321,0.732,1187000,0.731,111303600,0.73,131995800,0.729,84384200,0.728,71356900,0.733,113155900,0.734,108429000,0.735,78210200,0.736,46949800,0.737,31189300,511,100,0
sh513130,09:47:03,1764899226011,5561.06,0.9082,2.7306,0.732,0.732,0.0,3358500,2458422,0.732,0.731,111383100,0.73,134175400,0.729,84586200,0.728,71359100,0.727,40829700,0.732,5005000,0.733,113406200,0.734,107439000,0.735,78210200,0.736,42952200,644,100,0
sh513130,09:47:06,1764899230016,5562.16,0.9082,4.1253,0.732,0.732,0.0,23600,17275,0.732,0.731,112155300,0.73,135341500,0.729,84476100,0.728,71528200,0.727,40836700,0.732,6051200,0.733,113456200,0.734,107600100,0.735,77991200,0.736,42952200,286,100,0
sh513130,09:47:09,1764899232053,5561.9,0.9082,2.3537,0.732,0.732,0.0,1067200,781191,0.732,0.732,31870700,0.731,113530200,0.73,136127600,0.729,75106700,0.728,71540200,0.733,114454700,0.734,108680100,0.735,78391200,0.736,46949800,0.737,31217000,139,100,0
sh513130,09:47:12,1764899234022,5562.64,0.9082,6.0958,0.732,0.732,0.0,228200,167042,0.732,0.732,67497200,0.731,113914300,0.73,135065000,0.729,70427200,0.728,72140200,0.733,116395300,0.734,109280100,0.735,79001200,0.736,47612300,0.737,31817000,1520,100,0
sh513130,09:47:15,1764899238038,5564.95,0.9082,4.9937,0.732,0.732,0.0,324300,237388,0.732,0.732,76659500,0.731,106412500,0.73,134255400,0.729,67814500,0.728,72337600,0.733,117522700,0.734,109610100,0.735,79051600,0.736,47612300,0.737,31817000,1543,100,0
sh513130,09:47:18,1764899240041,5565.21,0.9082,3.9417,0.733,0.732,0.1366,33500,24544,0.7327,0.732,76702500,0.731,106731600,0.73,134299400,0.729,68820900,0.728,72417600,0.733,118358600,0.734,109610100,0.735,79146500,0.736,47622300,0.737,32017000,1498,100,0
sh513130,09:47:21,1764899243049,5565.7,0.9082,3.0886,0.733,0.7326,0.0546,150300,110054,0.7322,0.732,75002800,0.731,106822100,0.73,134609900,0.729,68338700,0.728,72420000,0.733,119227900,0.734,109610100,0.735,79216500,0.736,47622300,0.737,32017000,285,100,0
sh513130,09:47:24,1764899247055,5564.61,0.9082,3.7473,0.732,0.7326,-0.0819,294700,215766,0.7322,0.732,52271600,0.731,115303400,0.73,135701000,0.729,69211000,0.728,72443100,0.733,119485700,0.734,109610100,0.735,79266500,0.736,47622900,0.737,32017000,529,100,0
sh513130,09:47:27,1764899249057,5564.06,0.9082,3.4461,0.732,0.7326,-0.0819,51600,37808,0.7327,0.732,52438800,0.731,115316500,0.73,135847900,0.729,69211000,0.728,72443600,0.733,119538900,0.734,109607700,0.735,79474700,0.736,47622900,0.737,32017000,556,100,0
sh513130,09:47:30,1764899252064,5564.56,0.9082,2.5077,0.733,0.7327,0.0409,118900,87097,0.7325,0.732,32055300,0.731,115560200,0.73,136373700,0.729,77639700,0.728,72443100,0.733,119640400,0.734,110485400,0.735,79504700,0.736,47622900,0.737,32290500,586,100,0
sh513130,09:47:33,1764899255068,5563.85,0.9082,2.048,0.732,0.7327,-0.0955,2013100,1473592,0.732,0.732,557500,0.731,115928700,0.73,136458100,0.729,86027900,0.728,72482200,0.733,120649300,0.734,111825700,0.735,79604700,0.736,47622900,0.737,32292700,572,100,0
sh513130,09:47:36,1764899258076,5563.49,0.9082,1.3874,0.732,0.7327,-0.0955,2817400,2062497,0.7321,0.731,115712000,0.73,137395900,0.729,86870500,0.728,72482200,0.727,41092100,0.732,2300,0.733,120609200,0.734,111835700,0.735,79604700,0.736,47622900,120,100,0
sh513130,09:47:39,1764899262085,5564.93,0.9082,2.8644,0.732,0.7326,-0.0819,407400,298222,0.732,0.732,47880100,0.731,117365900,0.73,137029300,0.729,73394000,0.728,72541800,0.733,120685700,0.734,111856700,0.735,66680100,0.736,47622900,0.737,36290300,1588,100,0
sh513130,09:47:42,1764899265094,5564.41,0.9082,1.6644,0.732,0.7326,-0.0819,61300,44916,0.7327,0.732,54019800,0.731,116550300,0.73,137075300,0.729,67994000,0.728,72541800,0.733,120770400,0.734,112723000,0.735,66843100,0.736,47622900,0.737,36290300,596,100,0
sh513130,09:47:45,1764899267096,5564.85,0.9082,3.6452,0.732,0.7326,-0.0819,4300,3148,0.7321,0.732,54097900,0.731,116204400,0.73,136166300,0.729,68866200,0.728,72557700,0.733,120955200,0.734,112733000,0.735,66845800,0.736,47772900,0.737,36290300,413,100,0
sh513130,09:47:48,1764899271105,5565.17,0.9082,1.7789,0.732,0.7326,-0.0819,102000,74664,0.732,0.732,62480900,0.731,108057900,0.73,136206300,0.729,69740500,0.728,72642000,0.733,120964000,0.734,112786300,0.735,67058400,0.736,47915000,0.737,36206500,60,100,0
sh513130,09:47:51,1764899274111,5565.2,0.9082,5.0667,0.732,0.7326,-0.0819,35600,26071,0.7323,0.732,62656600,0.731,108751800,0.73,136195100,0.729,67997000,0.728,72634000,0.733,121652000,0.734,111586300,0.735,67058400,0.736,47915000,0.737,36365000,900,100,0
sh513130,09:47:54,1764899276116,5565.41,0.9082,3.9633,0.732,0.7326,-0.0819,110300,80840,0.7329,0.732,63856800,0.731,110631700,0.73,135410200,0.729,68005000,0.728,72634000,0.733,117501100,0.734,111683900,0.735,67078400,0.736,52515000,0.737,35865000,741,100,0
sh513130,09:47:57,1764899280122,5566.15,0.9082,3.4425,0.733,0.7326,0.0546,58000,42459,0.7321,0.732,63836400,0.731,111656700,0.73,135427100,0.729,67698300,0.728,72634000,0.733,119425000,0.734,111715300,0.735,67078400,0.736,48584800,0.737,35865000,398,100,0
sh513130,09:48:00,1764899283126,5565.59,0.9082,3.1822,0.732,0.7327,-0.0955,80600,58999,0.732,0.732,36382800,0.731,116491900,0.73,135349100,0.729,73711400,0.728,72684000,0.733,123515300,0.734,113581600,0.735,67095600,0.736,48584800,0.737,35865000,596,100,0
sh513130,09:48:03,1764899285128,5565.87,0.9082,2.4553,0.732,0.7327,-0.0955,197400,144497,0.732,0.732,59783700,0.731,107660500,0.73,136351300,0.729,68648400,0.728,72695000,0.733,123619600,0.734,113481600,0.735,67095600,0.736,48584800,0.737,35865000,590,100,0
sh513130,09:48:06,1764899289136,5564.72,0.9082,2.3492,0.733,0.7327,0.0409,41700,30566,0.733,0.732,25005200,0.731,115209200,0.73,136439800,0.729,81926600,0.728,72902300,0.733,123844700,0.734,114671600,0.735,67095600,0.736,48584800,0.737,35865000,622,100,0
sh513130,09:48:09,1764899291143,5565.05,0.9082,4.4462,0.733,0.7326,0.0546,111200,81510,0.733,0.732,33672200,0.731,115200700,0.73,137374900,0.729,79960200,0.728,72902300,0.733,123943500,0.734,114696400,0.735,68085600,0.736,48584800,0.737,35865000,538,100,0
sh513130,09:48:12,1764899295152,5563.87,0.9082,3.1236,0.733,0.7326,0.0546,77200,56573,0.7328,0.732,45314300,0.731,114761000,0.73,137260000,0.729,69586000,0.728,73162300,0.733,125292500,0.734,114736400,0.735,68105900,0.736,48784800,0.737,35865000,197,100,0
sh513130,09:48:15,1764899297155,5564.95,0.9082,3.8865,0.733,0.7326,0.0546,2200,1612,0.7327,0.732,23973000,0.731,114828300,0.73,137670700,0.729,82830700,0.728,73204300,0.733,125654200,0.734,114751900,0.735,68173100,0.736,49774800,0.737,36955000,27,100,0
sh513130,09:48:18,1764899300158,5564.54,0.9082,4.2242,0.733,0.7326,0.0546,140000,102590,0.7328,0.732,22027000,0.731,114912600,0.73,137714600,0.729,85757700,0.728,73247200,0.733,125547100,0.734,114820600,0.735,68173600,0.736,49774800,0.737,37023000,854,100,0
sh513130,09:48:21,1764899303171,5564.1,0.9082,3.2608,0.732,0.7326,-0.0819,539700,395481,0.7328,0.732,55729200,0.731,114875400,0.73,137814700,0.729,72299900,0.728,73266300,0.733,125186100,0.734,114820600,0.735,68068600,0.736,49772800,0.737,37023000,643,100,0
sh513130,09:48:24,1764899306179,5565.44,0.9082,5.238,0.732,0.7326,-0.0819,245200,179663,0.7327,0.732,65451600,0.731,106402500,0.73,138472200,0.729,73188600,0.728,73266300,0.733,124954600,0.734,114830600,0.735,68068600,0.736,49772800,0.737,37023000,356,100,0
sh513130,09:48:27,1764899310185,5565.41,0.9082,4.2761,0.733,0.7326,0.0546,217100,159080,0.7327,0.732,65719200,0.731,106190700,0.73,138477100,0.729,74060800,0.728,73267300,0.733,124842100,0.734,114785100,0.735,68070600,0.736,49752800,0.737,37023000,14,100,0
sh513130,09:48:30,1764899313192,5566.7,0.9082,4.0541,0.732,0.7326,-0.0819,55300,40484,0.7321,0.732,66976500,0.731,107492700,0.73,137514900,0.729,75013000,0.728,73365300,0.733,124637800,0.734,113880100,0.735,68240600,0.736,49752800,0.737,37023000,698,100,0
sh513130,09:48:33,1764899316197,5566.92,0.9082,3.472,0.733,0.7326,0.0546,11400,8356,0.733,0.732,68726100,0.731,106574700,0.73,137518100,0.729,75885200,0.728,73365300,0.733,119652000,0.734,113709000,0.735,69237600,0.736,53752800,0.737,37023000,1687,100,0
sh513130,09:48:36,1764899319203,5566.9,0.9082,2.3952,0.733,0.7327,0.0409,25100,18394,0.7328,0.732,68947300,0.731,106609700,0.73,137550100,0.729,76235400,0.728,73392300,0.733,123746500,0.734,113867100,0.735,69247600,0.736,49732800,0.737,37023000,325,100,0
sh513130,09:48:42,1764899325220,5566.41,0.9082,4.9925,0.732,0.7327,-0.0955,193300,141604,0.7326,0.732,50090900,0.731,115267700,0.73,137736300,0.729,83157100,0.728,73457700,0.733,124894700,0.734,116803200,0.735,68267900,0.736,49767700,0.737,37023000,681,100,0
sh513130,09:48:45,1764899327226,5567.0,0.9082,3.7953,0.733,0.7327,0.0409,217100,159059,0.7327,0.732,60903900,0.731,115229200,0.73,139513500,0.729,76167200,0.728,73507700,0.733,124703200,0.734,116766200,0.735,68267900,0.736,49767700,0.737,37023000,729,100,0
sh513130,09:48:48,1764899330227,5566.06,0.9082,3.5274,0.732,0.7327,-0.0955,16600,12154,0.7322,0.732,26159000,0.731,115236100,0.73,139489000,0.729,90535200,0.728,73512800,0.733,128302100,0.734,117659800,0.735,68281400,0.736,49767700,0.737,37023000,471,100,0
sh513130,09:48:51,1764899334241,5566.27,0.9082,3.59,0.733,0.7326,0.0546,1458300,1067534,0.732,0.732,7433700,0.731,115198500,0.73,139398400,0.729,88866100,0.728,73512800,0.733,128535900,0.734,118468500,0.735,68383400,0.736,49768100,0.737,37023000,135,100,0
sh513130,09:48:54,1764899336245,5566.52,0.9082,3.6491,0.733,0.7326,0.0546,40000,29320,0.733,0.732,40222900,0.731,115292200,0.73,139408900,0.729,83486100,0.728,73512800,0.733,128558700,0.734,119381700,0.735,68383400,0.736,49798100,0.737,37023000,1701,100,0
sh513130,09:48:57,1764899339247,5565.52,0.9082,2.8049,0.732,0.7326,-0.0819,89100,65242,0.7322,0.732,48565400,0.731,115278600,0.73,139350700,0.729,82486100,0.728,73542800,0.733,128501700,0.734,119628700,0.735,68383400,0.736,49808100,0.737,37523000,644,100,0
sh513130,09:49:00,1764899343261,5565.97,0.9082,2.6412,0.732,0.7327,-0.0955,1153100,844353,0.7322,0.732,53573400,0.731,115278600,0.73,139386800,0.729,81486100,0.728,73542800,0.733,128327300,0.734,111638700,0.735,68743400,0.736,49810600,0.737,37523000,418,100,0
sh513130,09:49:03,1764899345264,5566.28,0.9082,4.0696,0.733,0.7327,0.0409,191200,140121,0.7329,0.732,67099600,0.731,106911200,0.73,139386800,0.729,76429600,0.728,73543500,0.733,128115000,0.734,112508000,0.735,68720900,0.736,49816600,0.737,37623000,293,100,0
sh513130,09:49:06,1764899348271,5566.28,0.9082,2.6428,0.732,0.732,0.0,100000,73200,0.732,0.732,68011100,0.731,107016200,0.73,138482900,0.729,76429600,0.728,73576200,0.733,128163000,0.734,113386800,0.735,68725900,0.736,49816600,0.737,37623000,1134,100,0
sh513130,09:49:09,1764899352281,5566.68,0.9082,1.7429,0.733,0.732,0.1366,65500,48011,0.733,0.732,68157800,0.731,107091200,0.73,138485900,0.729,76429600,0.728,73576200,0.733,123956500,0.734,111544600,0.735,68725900,0.736,53816600,0.737,37625500,773,100,0
sh513130,09:49:12,1764899354287,5566.44,0.9082,2.3958,0.732,0.732,0.0,8400,6149,0.732,0.732,67838400,0.731,108118700,0.73,138490900,0.729,68029600,0.728,73771600,0.733,124777200,0.734,112410900,0.735,68725900,0.736,53816600,0.737,37660500,591,100,0
sh513130,09:49:15,1764899357292,5566.91,0.9082,2.6523,0.733,0.7326,0.0546,69400,50822,0.7323,0.732,67422800,0.731,105127100,0.73,136492200,0.729,67310700,0.728,71772800,0.733,127766100,0.734,112315100,0.735,69816400,0.736,49816600,0.737,37660500,794,100,0
