symbol,tx_server_time,tx_local_time,index_price,fx_rate,sentiment,price,iopv,premium_rate,tick_vol,tick_amt,tick_vwap,bp1,bv1,bp2,bv2,bp3,bv3,bp4,bv4,bp5,bv5,sp1,sv1,sp2,sv2,sp3,sv3,sp4,sv4,sp5,sv5,idx_delay_ms,fut_delay_ms,data_flags
sh513130,09:30:06,1765243808448,5658.38,0.9084,2.6264,0.746,0.7459,0.0134,413000,307917,0.7456,0.745,16532400,0.744,27430200,0.743,42474000,0.742,37125400,0.741,33805800,0.746,24680300,0.747,34683100,0.748,36217000,0.749,32383400,0.75,33252400,1,100,0
sh513130,09:30:08,1765243810447,5659.01,0.9084,1.3387,0.745,0.7452,-0.0268,1228200,915875,0.7457,0.745,12475900,0.744,34567900,0.743,50676900,0.742,38155200,0.741,30052400,0.746,30914200,0.747,45973800,0.748,37777700,0.749,34318400,0.75,30949000,9,100,0
sh513130,09:30:12,1765243814458,5659.36,0.9084,1.0814,0.745,0.7452,-0.0268,652000,485757,0.745,0.745,11320500,0.744,42326200,0.743,51671000,0.742,39195300,0.741,30640800,0.746,34424900,0.747,46827100,0.748,39311100,0.749,34973700,0.75,32048400,25,100,0
sh513130,09:30:15,1765243816464,5658.57,0.9084,-0.6112,0.745,0.7452,-0.0268,969500,722428,0.7452,0.745,12482200,0.744,47191500,0.743,54555700,0.742,39519800,0.741,30868800,0.746,36472200,0.747,49001700,0.748,40425600,0.749,35402200,0.75,33979700,8,100,0
sh513130,09:30:18,1765243819466,5657.85,0.9084,3.082,0.746,0.7452,0.1074,1239000,923152,0.7451,0.745,12677200,0.744,38814800,0.743,54715900,0.742,39727800,0.741,31822300,0.746,25009200,0.747,49152700,0.748,41105800,0.749,36066300,0.75,35270700,769,100,0
sh513130,09:30:20,1765243822482,5658.77,0.9084,3.8024,0.746,0.7459,0.0134,2326200,1735226,0.7459,0.745,11481100,0.744,39321900,0.743,54775200,0.742,40148100,0.741,30897600,0.746,23673800,0.747,49163300,0.748,40369500,0.749,35361000,0.75,35130200,38,100,0
sh513130,09:30:23,1765243825465,5659.56,0.9084,2.4278,0.746,0.7452,0.1074,794400,591970,0.7452,0.745,11045400,0.744,31822600,0.743,59826700,0.742,54134200,0.741,31429200,0.746,36539300,0.747,53891600,0.748,46323100,0.749,30288200,0.75,35492000,315,100,0
sh513130,09:30:27,1765243828476,5662.63,0.9084,1.5542,0.746,0.7452,0.1074,411000,306286,0.7452,0.745,11219500,0.744,36258400,0.743,48771100,0.742,68306300,0.741,45712200,0.746,45943100,0.747,39963600,0.748,60109800,0.749,43287800,0.75,37051300,47,100,0
sh513130,09:30:30,1765243831497,5668.24,0.9084,3.2896,0.745,0.7452,-0.0268,649200,483887,0.7454,0.745,12857800,0.744,39311800,0.743,49490000,0.742,58314100,0.741,45843200,0.746,34428500,0.747,40285000,0.748,60279700,0.749,48591700,0.75,37438500,959,100,0
sh513130,09:30:33,1765243834477,5664.8,0.9084,2.1987,0.746,0.7452,0.1074,2441700,1821149,0.7459,0.745,28979700,0.744,40104500,0.743,50018900,0.742,34279700,0.741,33911900,0.746,24365500,0.747,32738900,0.748,48337100,0.749,36635300,0.75,46341700,53,100,0
sh513130,09:30:36,1765243837498,5663.84,0.9084,1.7168,0.746,0.7459,0.0134,818300,610159,0.7456,0.745,36296900,0.744,52185100,0.743,51105700,0.742,42110100,0.741,34505900,0.746,25259900,0.747,53527100,0.748,60920500,0.749,35669200,0.75,37633300,965,100,0
sh513130,09:30:39,1765243840484,5664.99,0.9084,3.6391,0.746,0.7459,0.0134,1120000,835105,0.7456,0.745,47182300,0.744,52426500,0.743,52149000,0.742,36433700,0.741,34603900,0.746,21204300,0.747,53589100,0.748,62100400,0.749,37664200,0.75,37759300,2,100,0
sh513130,09:30:41,1765243843496,5664.28,0.9084,4.2747,0.746,0.7459,0.0134,21808500,16268240,0.746,0.746,3109500,0.745,46504900,0.744,52492900,0.743,51178300,0.742,35566600,0.747,50971800,0.748,62286900,0.749,37729100,0.75,41796000,0.751,31180800,950,100,0
sh513130,09:30:44,1765243847502,5660.51,0.9084,2.3953,0.746,0.7459,0.0134,5174700,3860335,0.746,0.745,45220500,0.744,53483100,0.743,52168300,0.742,35766600,0.741,34733900,0.746,14875100,0.747,54903300,0.748,63292900,0.749,37729100,0.75,39251500,866,100,0
sh513130,09:30:48,1765243850506,5659.83,0.9084,2.0594,0.746,0.7459,0.0134,1210500,901985,0.7451,0.745,44161100,0.744,63493100,0.743,62268300,0.742,43146600,0.741,34733900,0.746,37930500,0.747,70071300,0.748,78389300,0.749,37729100,0.75,39251500,77,100,0
sh513130,09:30:50,1765243853497,5658.91,0.9084,3.0288,0.745,0.7459,-0.1207,323900,241466,0.7455,0.745,44808400,0.744,63545100,0.743,62268300,0.742,43146600,0.741,34733900,0.746,39162600,0.747,70077300,0.748,78359700,0.749,37729100,0.75,39416500,407,100,0
sh513130,09:30:53,1765243856505,5658.01,0.9084,4.1294,0.746,0.7459,0.0134,14100,10518,0.746,0.745,31846100,0.744,62505100,0.743,62368300,0.742,54136700,0.741,34733900,0.746,39385500,0.747,70077500,0.748,78359700,0.749,37764100,0.75,39464900,68,100,0
sh513130,09:30:57,1765243857502,5658.01,0.9084,2.8437,0.746,0.7459,0.0134,2694200,2009864,0.746,0.745,14234900,0.744,62287300,0.743,86849300,0.742,66134300,0.741,46731500,0.746,53077700,0.747,83400400,0.748,90357300,0.749,43615700,0.75,39464900,113,100,0
sh513130,09:30:59,1765243862523,5656.99,0.9084,6.1539,0.746,0.7459,0.0134,3619100,2698815,0.7457,0.745,25775400,0.744,74584900,0.743,77430200,0.742,66134300,0.741,46736500,0.746,51560100,0.747,83420900,0.748,90457300,0.749,48871700,0.75,39484900,13,100,0
sh513130,09:31:02,1765243864512,5658.76,0.9084,4.4371,0.745,0.7459,-0.1207,13900,10368,0.7459,0.745,35899000,0.744,74841100,0.743,76401400,0.742,56164300,0.741,46756400,0.746,26424000,0.747,83460900,0.748,90116900,0.749,48877700,0.75,39494900,6,100,0
sh513130,09:31:05,1765243867516,5658.51,0.9084,4.7329,0.746,0.7452,0.1074,1033400,770756,0.7458,0.745,36103200,0.744,75955100,0.743,77406800,0.742,65194300,0.741,46806400,0.746,53828600,0.747,84030500,0.748,90126900,0.749,48877700,0.75,39500900,1003,100,0
sh513130,09:31:09,1765243870522,5659.6,0.9084,6.4095,0.746,0.7452,0.1074,137500,102550,0.7458,0.745,46652800,0.744,75968100,0.743,77406800,0.742,55196300,0.741,46809400,0.746,54520800,0.747,84130500,0.748,90148100,0.749,48877700,0.75,39500900,48,100,0
sh513130,09:31:11,1765243873530,5659.9,0.9084,7.1187,0.746,0.7452,0.1074,1121800,835826,0.7451,0.745,30857200,0.744,84407600,0.743,77406800,0.742,65196300,0.741,46829400,0.746,63788600,0.747,84019200,0.748,90198100,0.749,48897700,0.75,39513100,1067,100,0
sh513130,09:31:14,1765243877552,5661.17,0.9084,5.4986,0.746,0.7452,0.1074,502800,375000,0.7458,0.745,63781600,0.744,76018000,0.743,77447200,0.742,48816300,0.741,46839400,0.746,51460200,0.747,83012700,0.748,90338100,0.749,49888700,0.75,51760700,803,100,0
sh513130,09:31:17,1765243879532,5660.18,0.9084,5.9249,0.746,0.7452,0.1074,128400,95728,0.7455,0.745,57645200,0.744,76018000,0.743,76853600,0.742,55216300,0.741,47039400,0.746,52454200,0.747,84129700,0.748,90388100,0.749,48898700,0.75,51881200,638,100,0
sh513130,09:31:20,1765243882528,5659.33,0.9084,2.5907,0.746,0.7459,0.0134,33000,24618,0.746,0.745,59296200,0.744,75108400,0.743,76873600,0.742,56211300,0.741,47052800,0.746,51759700,0.747,83152400,0.748,90423400,0.749,48898700,0.75,51897200,32,100,0
sh513130,09:31:23,1765243886540,5661.36,0.9084,2.4982,0.746,0.7459,0.0134,757300,564931,0.746,0.745,67844900,0.744,77456400,0.743,76877600,0.742,47841300,0.741,47057800,0.746,22196000,0.747,91709900,0.748,90423400,0.749,64013900,0.75,50892200,52,100,0
sh513130,09:31:27,1765243888539,5659.45,0.9084,3.4716,0.745,0.7459,-0.1207,1024700,764357,0.7459,0.745,68160700,0.744,77456400,0.743,77344200,0.742,47841300,0.741,47057800,0.746,32580500,0.747,84315000,0.748,90423400,0.749,64013900,0.75,51902200,82,100,0
sh513130,09:31:30,1765243891547,5658.03,0.9084,2.756,0.745,0.7459,-0.1207,2947900,2199132,0.746,0.745,64206300,0.744,76655800,0.743,77344200,0.742,51813200,0.741,47071800,0.746,47702200,0.747,83305000,0.748,90423400,0.749,49063900,0.75,51922200,1086,100,0
sh513130,09:31:33,1765243894551,5656.4,0.9084,3.1601,0.746,0.7459,0.0134,50800,37887,0.7458,0.745,36492200,0.744,85145900,0.743,76344200,0.742,66193200,0.741,47079700,0.746,62843000,0.747,84346800,0.748,90423500,0.749,49061300,0.75,39924600,77,100,0
sh513130,09:31:36,1765243898553,5655.58,0.9084,1.6609,0.746,0.7459,0.0134,8574900,6388398,0.745,0.745,9989800,0.744,85100000,0.743,76354200,0.742,66223200,0.741,47079700,0.746,63644900,0.747,84349800,0.748,90455400,0.749,39305300,0.75,40134000,95,100,0
sh513130,09:31:38,1765243900569,5654.6,0.9084,1.4309,0.745,0.7452,-0.0268,10383500,7735707,0.745,0.744,73114000,0.743,76354200,0.742,66263700,0.741,47089700,0.74,50108000,0.745,941500,0.746,63787100,0.747,84413100,0.748,90456400,0.749,39399100,5,100,0
sh513130,09:31:42,1765243903563,5654.27,0.9084,1.566,0.745,0.7452,-0.0268,8471300,6311119,0.745,0.744,73091100,0.743,76564200,0.742,66404400,0.741,47089700,0.74,50102100,0.745,17659800,0.746,71922400,0.747,84562000,0.748,72459500,0.749,39498700,1018,100,0
sh513130,09:31:45,1765243906562,5653.0,0.9084,1.4009,0.745,0.7446,0.0537,7888800,5877156,0.745,0.744,75668000,0.743,76554600,0.742,66404400,0.741,47089700,0.74,38124500,0.745,38118900,0.746,74498900,0.747,84680700,0.748,57484200,0.749,27501100,109,100,0
sh513130,09:31:47,1765243909568,5652.61,0.9084,4.4488,0.744,0.7446,-0.0806,148900,110812,0.7442,0.744,67931200,0.743,76830500,0.742,65404400,0.741,57559700,0.74,50128300,0.745,68299900,0.746,67748400,0.747,84826500,0.748,56499400,0.749,27501100,583,100,0
sh513130,09:31:50,1765243912567,5652.57,0.9084,5.9306,0.744,0.7445,-0.0672,344500,256437,0.7444,0.744,72226700,0.743,76978500,0.742,66223700,0.741,53195400,0.74,50129700,0.745,68230100,0.746,67670700,0.747,84730500,0.748,56513100,0.749,27491100,81,100,0
sh513130,09:31:53,1765243914570,5652.18,0.9084,5.8249,0.744,0.7445,-0.0672,286400,213102,0.7441,0.744,58032500,0.743,77099800,0.742,66339000,0.741,67653200,0.74,50130900,0.745,76799600,0.746,75440800,0.747,89737800,0.748,56523400,0.749,27470900,19,100,0
sh513130,09:31:56,1765243919580,5651.7,0.9084,3.8353,0.744,0.7445,-0.0672,1227400,913185,0.744,0.744,59571000,0.743,76222600,0.742,67339000,0.741,68745500,0.74,50143800,0.745,77225600,0.746,74880000,0.747,89262900,0.748,56574800,0.749,27472900,1019,100,0
sh513130,09:31:59,1765243922588,5651.22,0.9084,2.9983,0.745,0.7445,0.0672,175500,130682,0.7446,0.744,59007900,0.743,76337600,0.742,68349200,0.741,58930200,0.74,50153800,0.745,72236100,0.746,74851100,0.747,89375600,0.748,56574800,0.749,27472900,114,100,0
sh513130,09:32:02,1765243924588,5651.52,0.9084,5.4397,0.744,0.7445,-0.0672,826100,614629,0.744,0.744,58618600,0.743,77339500,0.742,68401200,0.741,67940200,0.74,50965300,0.745,77814200,0.746,75625600,0.747,89291900,0.748,56774800,0.749,27482900,126,100,0
sh513130,09:32:06,1765243926590,5652.06,0.9084,7.4682,0.744,0.7445,-0.0672,1767600,1315272,0.7441,0.744,87646500,0.743,78799400,0.742,68429500,0.741,50610200,0.74,39042800,0.745,32550100,0.746,82986400,0.747,91552900,0.748,78771800,0.749,39500500,113,100,0
sh513130,09:32:08,1765243930603,5652.12,0.9084,6.0628,0.744,0.7446,-0.0806,904900,673384,0.7442,0.744,74946700,0.743,78500300,0.742,68802700,0.741,50610200,0.74,51201400,0.745,66963200,0.746,83009900,0.747,91742900,0.748,58774800,0.749,27517900,60,100,0
sh513130,09:32:12,1765243933616,5652.16,0.9084,4.5103,0.744,0.7446,-0.0806,243300,181152,0.7446,0.744,73061000,0.743,78541500,0.742,68742700,0.741,53452500,0.74,51456800,0.745,64158000,0.746,83064500,0.747,91780700,0.748,58774800,0.749,27517900,915,100,0
sh513130,09:32:15,1765243935612,5648.65,0.9084,4.5267,0.744,0.7446,-0.0806,2443300,1817815,0.744,0.744,52126300,0.743,77390000,0.742,87040900,0.741,69832600,0.74,51462400,0.745,77382300,0.746,75352200,0.747,90790700,0.748,51986900,0.749,27517900,752,100,0
sh513130,09:32:18,1765243940615,5645.8,0.9084,7.2655,0.744,0.7446,-0.0806,24492800,18221994,0.744,0.743,87356300,0.742,86355600,0.741,69927000,0.74,51561000,0.739,26644000,0.744,52882400,0.745,84217500,0.746,75051200,0.747,67863400,0.748,36958100,73,100,0
sh513130,09:32:20,1765243941629,5645.8,0.9084,5.2663,0.744,0.7439,0.0134,178400,132727,0.744,0.743,87583900,0.742,86651400,0.741,70194400,0.74,51720900,0.739,26775500,0.744,25419600,0.745,82942100,0.746,74981900,0.747,67785100,0.748,48955700,302,100,0
sh513130,09:32:23,1765243946623,5649.77,0.9084,4.8747,0.744,0.7432,0.1076,21660500,16115369,0.744,0.744,42566200,0.743,79559200,0.742,86930700,0.741,70210400,0.74,51734400,0.745,78629400,0.746,75051200,0.747,67785100,0.748,52655900,0.749,27514000,160,100,0
sh513130,09:32:27,1765243948618,5650.01,0.9084,3.4236,0.744,0.7432,0.1076,428000,318434,0.744,0.744,53669900,0.743,80710800,0.742,87138200,0.741,59223400,0.74,51736500,0.745,73427800,0.746,75297000,0.747,72808700,0.748,57911900,0.749,27514000,149,100,0
sh513130,09:32:30,1765243952629,5651.25,0.9084,3.8656,0.745,0.7439,0.1479,540100,401845,0.744,0.744,43916600,0.743,81037000,0.742,87186400,0.741,67903800,0.74,53543500,0.745,83324500,0.746,75443200,0.747,67904000,0.748,51165900,0.749,27524000,159,100,0
sh513130,09:32:32,1765243953631,5651.25,0.9084,3.7247,0.744,0.7439,0.0134,182200,135676,0.7447,0.744,60381900,0.743,81090800,0.742,87252700,0.741,53581900,0.74,53573400,0.745,76245400,0.746,74993500,0.747,72901000,0.748,57921900,0.749,27524000,1161,100,0
sh513130,09:32:32,1765243955632,5652.1,0.9084,3.3985,0.744,0.7439,0.0134,182200,135676,0.7447,0.744,60381900,0.743,81090800,0.742,87252700,0.741,53581900,0.74,53573400,0.745,76245400,0.746,74993500,0.747,72901000,0.748,57921900,0.749,27524000,1161,100,0
sh513130,09:32:35,1765243956633,5652.57,0.9084,2.1733,0.744,0.7439,0.0134,185000,137640,0.744,0.744,61931100,0.743,81144400,0.742,87242200,0.741,51880100,0.74,55177600,0.745,51796200,0.746,82403500,0.747,73981000,0.748,72911900,0.749,27544000,163,100,0
sh513130,09:32:38,1765243959643,5651.87,0.9084,1.3365,0.744,0.7446,-0.0806,137200,102104,0.7442,0.744,46657600,0.743,81404400,0.742,87250200,0.741,66298800,0.74,55356600,0.745,80495200,0.746,75002300,0.747,68984000,0.748,57861900,0.749,27544000,1113,100,0
sh513130,09:32:41,1765243963648,5649.57,0.9084,0.7563,0.744,0.7446,-0.0806,163400,121591,0.7441,0.744,17045600,0.743,89449800,0.742,86331200,0.741,66306800,0.74,56766000,0.745,80818800,0.746,75493800,0.747,69504000,0.748,57965400,0.749,27544000,808,100,0
sh513130,09:32:44,1765243966665,5647.3,0.9084,-0.5997,0.744,0.7446,-0.0806,13595900,10115350,0.744,0.743,77202700,0.742,86341200,0.741,67299800,0.74,58065700,0.739,39467600,0.744,63105500,0.745,89771300,0.746,75493800,0.747,54522200,0.748,36211800,125,100,0
sh513130,09:32:47,1765243970647,5647.29,0.9084,0.1774,0.744,0.7446,-0.0806,150800,112195,0.744,0.743,91357900,0.742,87361200,0.741,67493800,0.74,57068700,0.739,27470000,0.744,29629000,0.745,83831000,0.746,75517300,0.747,69626900,0.748,51219400,192,100,0
sh513130,09:32:50,1765243972665,5648.55,0.9084,3.3313,0.744,0.7439,0.0134,6991300,5201418,0.744,0.744,124900,0.743,93206800,0.742,87516100,0.741,67513800,0.74,57088700,0.745,83651600,0.746,76032300,0.747,69626900,0.748,51219400,0.749,27544000,185,100,0
sh513130,09:32:53,1765243976664,5648.54,0.9084,2.2426,0.744,0.7439,0.0134,1295600,963968,0.744,0.744,41226500,0.743,85860800,0.742,87526100,0.741,67563800,0.74,57435700,0.745,81917000,0.746,76482300,0.747,69624800,0.748,57975400,0.749,27545300,133,100,0
sh513130,09:32:57,1765243978672,5649.74,0.9084,2.8378,0.744,0.7439,0.0134,1273900,947781,0.744,0.744,50569200,0.743,86529500,0.742,87529100,0.741,58281100,0.74,57569500,0.745,82492900,0.746,76487300,0.747,69624800,0.748,58048400,0.749,27545300,107,100,0
sh513130,09:33:00,1765243982666,5650.79,0.9084,3.5826,0.744,0.7439,0.0134,368500,274218,0.7441,0.744,60589100,0.743,88403500,0.742,87609100,0.741,49936100,0.74,57620500,0.745,68360900,0.746,84107300,0.747,74701800,0.748,57996400,0.749,27545300,115,100,0
sh513130,09:33:02,1765243984674,5650.74,0.9084,2.1654,0.744,0.7439,0.0134,98800,73507,0.744,0.744,54943600,0.743,87548600,0.742,87659100,0.741,57316100,0.74,57613300,0.745,82009500,0.746,77674600,0.747,69704800,0.748,57996400,0.749,27569200,210,100,0
sh513130,09:33:05,1765243987681,5651.02,0.9084,3.5609,0.744,0.7446,-0.0806,1101100,819219,0.744,0.744,61304800,0.743,88256800,0.742,87679100,0.741,51039800,0.74,57736300,0.745,82322900,0.746,77817600,0.747,69904800,0.748,57996400,0.749,27579200,1151,100,0
sh513130,09:33:08,1765243991672,5652.39,0.9084,6.7754,0.744,0.7446,-0.0806,104600,77827,0.744,0.744,65529200,0.743,88940800,0.742,87791800,0.741,50118800,0.74,57731300,0.745,74067800,0.746,85217600,0.747,69840200,0.748,58016200,0.749,27579200,827,100,0
sh513130,09:33:11,1765243993688,5653.1,0.9084,4.7764,0.744,0.7446,-0.0806,1277700,950649,0.744,0.744,77531900,0.743,88899400,0.742,87812000,0.741,50165100,0.74,45883700,0.745,55617000,0.746,85237600,0.747,76397200,0.748,73069400,0.749,27579200,692,100,0
sh513130,09:33:15,1765243996693,5654.06,0.9084,3.9483,0.744,0.7446,-0.0806,147500,109771,0.7442,0.744,77493600,0.743,89039400,0.742,87812000,0.741,50185300,0.74,46073700,0.745,58228300,0.746,86010300,0.747,76397200,0.748,73069400,0.749,27509200,237,100,0
sh513130,09:33:17,1765243999689,5653.07,0.9084,3.6924,0.744,0.7446,-0.0806,108900,81130,0.745,0.744,68178900,0.743,88652900,0.742,86817000,0.741,50187500,0.74,58154100,0.745,89201000,0.746,78610300,0.747,71400200,0.748,58069400,0.749,27509200,223,100,0
sh513130,09:33:21,1765244002699,5651.34,0.9084,2.9638,0.744,0.7446,-0.0806,1282700,954566,0.7442,0.744,51099500,0.743,88981900,0.742,86922000,0.741,67599000,0.74,58171300,0.745,92440300,0.746,78640300,0.747,70330700,0.748,52852400,0.749,27608900,216,100,0
sh513130,09:33:24,1765244005705,5651.16,0.9084,2.2929,0.744,0.7439,0.0134,460200,342438,0.7441,0.744,38591800,0.743,99280300,0.742,86922000,0.741,67600800,0.74,58206500,0.745,97048700,0.746,79102700,0.747,70330800,0.748,48372400,0.749,27549000,1242,100,0
sh513130,09:33:26,1765244008703,5650.48,0.9084,3.7896,0.744,0.7439,0.0134,148000,110162,0.7443,0.744,38412000,0.743,100360400,0.742,86955300,0.741,66600800,0.74,58225800,0.745,98482700,0.746,79202700,0.747,70345800,0.748,48372500,0.749,27549000,199,100,0
sh513130,09:33:30,1765244011706,5650.42,0.9084,3.5588,0.744,0.7439,0.0134,104300,77634,0.7443,0.744,47249200,0.743,93975200,0.742,88396100,0.741,67600800,0.74,58293800,0.745,100210700,0.746,79486600,0.747,70800800,0.748,48378500,0.749,27628500,1215,100,0
sh513130,09:33:32,1765244014711,5649.47,0.9084,2.8125,0.744,0.7439,0.0134,19413700,14443793,0.744,0.744,1780500,0.743,102122600,0.742,89406100,0.741,69047200,0.74,58305600,0.745,103216800,0.746,79571600,0.747,70800900,0.748,48677500,0.749,27628500,178,100,0
sh513130,09:33:35,1765244018707,5649.58,0.9084,2.2904,0.744,0.7439,0.0134,306000,227664,0.744,0.744,40571500,0.743,95956300,0.742,89717800,0.741,69033200,0.74,58305600,0.745,104335400,0.746,80279700,0.747,70800900,0.748,48677600,0.749,27649000,174,100,0
sh513130,09:33:38,1765244020713,5648.04,0.9084,3.1474,0.744,0.7439,0.0134,1822000,1355610,0.744,0.744,1587300,0.743,108259500,0.742,92718300,0.741,72031400,0.74,61518600,0.745,105279300,0.746,80279700,0.747,70880600,0.748,48524700,0.749,27699000,256,100,0
sh513130,09:33:41,1765244024723,5649.18,0.9084,2.7065,0.744,0.7439,0.0134,6418900,4775670,0.744,0.744,11377100,0.743,109250300,0.742,92806300,0.741,72057600,0.74,61595900,0.745,106245100,0.746,80187000,0.747,71250500,0.748,48534700,0.749,27699000,252,100,0
sh513130,09:33:44,1765244026724,5648.3,0.9084,3.3249,0.744,0.7439,0.0134,1032700,768341,0.744,0.744,8039000,0.743,110396500,0.742,92825900,0.741,72112800,0.74,61815800,0.745,107965800,0.746,80254600,0.747,72449900,0.748,48564700,0.749,27699000,206,100,0
sh513130,09:33:47,1765244029729,5647.89,0.9084,2.2335,0.745,0.7439,0.1479,758100,564131,0.7441,0.744,4500400,0.743,111282900,0.742,92826100,0.741,72182800,0.74,61825800,0.745,108733500,0.746,80428000,0.747,72497200,0.748,48564700,0.749,27819900,23,100,0
sh513130,09:33:50,1765244032730,5648.77,0.9084,1.3479,0.745,0.7439,0.1479,637200,474091,0.744,0.744,1544800,0.743,112322200,0.742,92840900,0.741,72182900,0.74,61838400,0.745,109865800,0.746,80428000,0.747,72497200,0.748,48564700,0.749,27819900,236,100,0
sh513130,09:33:54,1765244035733,5649.15,0.9084,3.0863,0.745,0.7439,0.1479,1495800,1112881,0.744,0.744,49081200,0.743,105158700,0.742,92850900,0.741,72266900,0.74,61733500,0.745,110881800,0.746,80752700,0.747,72497200,0.748,48564700,0.749,27826800,1261,100,0
sh513130,09:33:57,1765244038750,5649.79,0.9084,4.9762,0.744,0.7439,0.0134,313000,233072,0.7446,0.744,44350200,0.743,107142800,0.742,92841500,0.741,71280900,0.74,61749200,0.745,110935700,0.746,80752700,0.747,72076600,0.748,48564700,0.749,27826800,166,100,0
sh513130,09:33:59,1765244041745,5650.26,0.9084,6.049,0.744,0.7439,0.0134,607400,451912,0.744,0.744,2739100,0.743,118070100,0.742,92762100,0.741,71324600,0.74,61773500,0.745,111672300,0.746,80902700,0.747,72076600,0.748,48620700,0.749,27826800,1274,100,0
sh513130,09:34:02,1765244044745,5648.56,0.9084,5.675,0.744,0.7439,0.0134,3937700,2929649,0.744,0.743,107374300,0.742,91921400,0.741,72313700,0.74,61874200,0.739,42865400,0.744,66377400,0.745,110340500,0.746,77108300,0.747,55921200,0.748,36790900,263,100,0
sh513130,09:34:05,1765244047743,5646.88,0.9084,3.8839,0.744,0.7439,0.0134,4409400,3280593,0.744,0.743,107869400,0.742,91966300,0.741,72362700,0.74,61887200,0.739,42865400,0.744,77088900,0.745,97949900,0.746,76385100,0.747,55711700,0.748,36795900,784,100,0
sh513130,09:34:08,1765244050748,5645.14,0.9084,4.6906,0.744,0.7438,0.0269,720100,535220,0.7433,0.743,109579900,0.742,92026400,0.741,72361700,0.74,61948400,0.739,42873400,0.744,84248100,0.745,96127300,0.746,76385100,0.747,50461400,0.748,36795900,253,100,0
sh513130,09:34:11,1765244054747,5645.84,0.9084,5.152,0.744,0.7438,0.0269,193600,143996,0.7438,0.743,102132200,0.742,97005900,0.741,77363100,0.74,62007100,0.739,42886900,0.744,85750200,0.745,99420500,0.746,81365100,0.747,51481400,0.748,36796400,243,100,0
sh513130,09:34:14,1765244056753,5643.96,0.9084,5.1021,0.744,0.7432,0.1076,306900,228323,0.744,0.743,101859400,0.742,97883900,0.741,77462800,0.74,62978500,0.739,42953300,0.744,92338700,0.745,98108100,0.746,81365100,0.747,50581500,0.748,36796400,244,100,0
sh513130,09:34:17,1765244059761,5642.81,0.9084,4.6875,0.743,0.7432,-0.0269,640600,476590,0.744,0.743,90843600,0.742,97993200,0.741,77940700,0.74,69761500,0.739,42953300,0.744,94665800,0.745,97092100,0.746,81370100,0.747,49081500,0.748,36796400,1271,100,0
sh513130,09:34:20,1765244062767,5643.84,0.9084,3.3839,0.743,0.7432,-0.0269,1301700,968048,0.7437,0.743,72024800,0.742,107373700,0.741,81245400,0.74,79728100,0.739,42953300,0.744,97517600,0.745,95592500,0.746,81370100,0.747,46081500,0.748,35643500,240,100,0
sh513130,09:34:23,1765244065763,5642.33,0.9084,4.8903,0.744,0.7432,0.1076,236500,175892,0.7437,0.743,56389200,0.742,108181700,0.741,98210800,0.74,79728100,0.739,42953300,0.744,98919400,0.745,87926200,0.746,81770100,0.747,46135100,0.748,36643500,1292,100,0
sh513130,09:34:26,1765244069767,5641.14,0.9084,2.6591,0.743,0.7432,-0.0269,1059300,787193,0.7431,0.743,49224900,0.742,107869200,0.741,98858700,0.74,85754900,0.739,42963300,0.744,100250200,0.745,87021800,0.746,81771100,0.747,46135100,0.748,36643500,1213,100,0
sh513130,09:34:29,1765244072769,5640.67,0.9084,2.826,0.743,0.7432,-0.0269,4803200,3568884,0.743,0.743,43591300,0.742,108786700,0.741,98978700,0.74,85759900,0.739,42966300,0.744,100186100,0.745,86810000,0.746,81741100,0.747,46328000,0.748,36648500,1,100,0
sh513130,09:34:32,1765244075785,5640.76,0.9084,4.0503,0.743,0.7432,-0.0269,568500,422571,0.7433,0.743,67792300,0.742,108633300,0.741,98978700,0.74,85851400,0.739,43025000,0.744,103871200,0.745,86521000,0.746,81753600,0.747,46361400,0.748,36655500,872,100,0
sh513130,09:34:35,1765244077785,5640.28,0.9084,4.0133,0.743,0.7432,-0.0269,395600,293958,0.7431,0.743,66805400,0.742,110437200,0.741,99066900,0.74,84928100,0.739,43036800,0.744,106872400,0.745,86970200,0.746,81808100,0.747,46413200,0.748,36657500,717,100,0
sh513130,09:34:38,1765244080786,5639.57,0.9084,5.1768,0.743,0.7432,-0.0269,3457500,2568924,0.743,0.743,35641900,0.742,112815700,0.741,99066900,0.74,86096000,0.739,43136800,0.744,107131300,0.745,86949500,0.746,81830400,0.747,46413200,0.748,36660500,258,100,0
sh513130,09:34:41,1765244083784,5639.6,0.9084,3.0315,0.743,0.7432,-0.0269,4048100,3007783,0.743,0.743,32600100,0.742,113864000,0.741,99077000,0.74,86187200,0.739,43166800,0.744,108857600,0.745,86754400,0.746,81672600,0.747,46475500,0.748,36360500,239,100,0
sh513130,09:34:44,1765244086788,5638.67,0.9084,2.3695,0.743,0.7432,-0.0269,10085500,7493567,0.743,0.743,22723900,0.742,114151600,0.741,99077000,0.74,86475400,0.739,43181100,0.744,106751200,0.745,84516400,0.746,81005500,0.747,46495000,0.748,37163300,257,100,0
sh513130,09:34:47,1765244088793,5638.78,0.9084,2.343,0.743,0.7432,-0.0269,2718900,2020154,0.743,0.743,22813000,0.742,115536700,0.741,100079500,0.74,86723900,0.739,43182600,0.744,106590000,0.745,84593000,0.746,80995500,0.747,46388800,0.748,37369400,300,100,0
sh513130,09:34:47,1765244090794,5639.11,0.9084,2.1517,0.743,0.7432,-0.0269,2718900,2020154,0.743,0.743,22813000,0.742,115536700,0.741,100079500,0.74,86723900,0.739,43182600,0.744,106590000,0.745,84593000,0.746,80995500,0.747,46388800,0.748,37369400,319,100,0
sh513130,09:34:50,1765244092798,5639.66,0.9084,1.8052,0.743,0.7425,0.0673,14317300,10637994,0.743,0.743,13428400,0.742,117587900,0.741,100079500,0.74,85788700,0.739,43202600,0.744,106909800,0.745,84584600,0.746,80307400,0.747,46389000,0.748,37369400,312,100,0
sh513130,09:34:53,1765244096803,5639.58,0.9084,2.8126,0.743,0.7425,0.0673,2805300,2084351,0.743,0.743,7479700,0.742,119585600,0.741,100088000,0.74,85975300,0.739,43202600,0.744,108675100,0.745,84658800,0.746,80307400,0.747,46439000,0.748,37369500,327,100,0
sh513130,09:34:56,1765244098803,5639.88,0.9084,2.5212,0.743,0.7425,0.0673,1025900,762244,0.743,0.743,7620000,0.742,120757700,0.741,100128300,0.74,86158600,0.739,43585000,0.744,109027000,0.745,84717400,0.746,80307400,0.747,47389100,0.748,37479600,170,100,0
sh513130,09:34:59,1765244102809,5639.97,0.9084,3.2661,0.743,0.7425,0.0673,4533700,3368562,0.743,0.743,5912300,0.742,122519600,0.741,100093200,0.74,86199800,0.739,43715000,0.744,111441600,0.745,85054200,0.746,80237500,0.747,47289100,0.748,37390100,291,100,0
sh513130,09:35:03,1765244104811,5640.13,0.9084,1.6497,0.743,0.7425,0.0673,8276400,6149381,0.743,0.742,133661800,0.741,110239500,0.74,86309400,0.739,43740000,0.738,33099400,0.743,47710800,0.744,122762900,0.745,94833400,0.746,73360900,0.747,35291500,274,100,0
sh513130,09:35:05,1765244107852,5639.92,0.9084,0.7256,0.743,0.7425,0.0673,8615400,6401302,0.743,0.743,95096700,0.742,126315100,0.741,111739500,0.74,75513400,0.739,43784100,0.744,119103000,0.745,93868700,0.746,72462300,0.747,44289400,0.748,34266400,582,100,0
sh513130,09:35:08,1765244110827,5640.65,0.9084,2.4836,0.744,0.7425,0.202,522100,388030,0.7432,0.743,85379600,0.742,135783700,0.741,110954500,0.74,74139000,0.739,43784100,0.744,119961800,0.745,95319300,0.746,72462300,0.747,44289400,0.748,34433900,324,100,0
sh513130,09:35:12,1765244112823,5641.3,0.9084,2.1957,0.743,0.7425,0.0673,283400,210570,0.743,0.743,94606300,0.742,129949300,0.741,110954500,0.74,74189000,0.739,43865500,0.744,122389400,0.745,95319300,0.746,72462300,0.747,44289400,0.748,34431900,55,100,0
sh513130,09:35:15,1765244116828,5641.74,0.9084,2.9369,0.744,0.7432,0.1076,600200,446027,0.7431,0.743,107732600,0.742,129917800,0.741,111004500,0.74,64439000,0.739,43978500,0.744,125826100,0.745,94392900,0.746,72462300,0.747,43919600,0.748,34456400,342,100,0
sh513130,09:35:18,1765244119825,5642.98,0.9084,5.0539,0.743,0.7432,-0.0269,89700,66657,0.7431,0.743,106244800,0.742,130762200,0.741,111053100,0.74,66463600,0.739,44008500,0.744,126217800,0.745,95445700,0.746,72472300,0.747,44255500,0.748,34486400,1313,100,0
sh513130,09:35:20,1765244122838,5643.47,0.9084,2.8053,0.744,0.7432,0.1076,341100,253654,0.7436,0.743,103468100,0.742,126898800,0.741,106117600,0.74,64483600,0.739,44009000,0.744,121746200,0.745,90448200,0.746,67545000,0.747,44255500,0.748,34486400,309,100,0
sh513130,09:35:23,1765244126844,5641.8,0.9084,2.6218,0.743,0.7432,-0.0269,482300,358425,0.7432,0.743,93282600,0.742,128594200,0.741,106348400,0.74,74539300,0.739,44308500,0.744,122702300,0.745,90455700,0.746,67545000,0.747,44265500,0.748,34486400,192,100,0
sh513130,09:35:27,1765244128852,5641.66,0.9084,2.4655,0.743,0.7432,-0.0269,244500,181667,0.743,0.743,17597000,0.742,136973600,0.741,106207000,0.74,82456000,0.739,44335100,0.744,123780300,0.745,91711200,0.746,67914200,0.747,44265500,0.748,34491400,42,100,0
sh513130,09:35:29,1765244132847,5639.56,0.9084,3.0371,0.743,0.7425,0.0673,2313700,1719656,0.7432,0.743,25140100,0.742,137159900,0.741,107165600,0.74,82476500,0.739,44335300,0.744,123703200,0.745,91710200,0.746,67914200,0.747,44594700,0.748,34494400,365,100,0
sh513130,09:35:32,1765244135847,5641.01,0.9084,2.7596,0.743,0.7425,0.0673,948400,704696,0.743,0.743,16738900,0.742,137283800,0.741,108027200,0.74,82503300,0.739,44543500,0.744,124271200,0.745,91416800,0.746,67924200,0.747,44694700,0.748,34494400,568,100,0
sh513130,09:35:35,1765244137847,5641.39,0.9084,3.2948,0.744,0.7432,0.1076,2760300,2051078,0.7431,0.743,26789600,0.742,137598800,0.741,108965800,0.74,80523300,0.739,44570100,0.744,124220500,0.745,91416800,0.746,68004200,0.747,44683100,0.748,34847400,422,100,0
sh513130,09:35:39,1765244140860,5640.88,0.9084,3.6857,0.744,0.7425,0.202,522300,388079,0.743,0.743,58851700,0.742,138127200,0.741,109834400,0.74,79106600,0.739,44570100,0.744,125251600,0.745,91426800,0.746,68004300,0.747,44683100,0.748,34947400,383,100,0
sh513130,09:35:42,1765244144857,5640.65,0.9084,4.4931,0.743,0.7425,0.0673,313300,232812,0.7431,0.743,20706000,0.742,138178700,0.741,110754300,0.74,82518600,0.739,44570100,0.744,124874300,0.745,91636800,0.746,68004300,0.747,44656500,0.748,34937400,354,100,0
sh513130,09:35:44,1765244146860,5641.48,0.9084,6.7652,0.744,0.7425,0.202,7292100,5418047,0.743,0.743,58428600,0.742,138272200,0.741,111626900,0.74,74942300,0.739,44526600,0.744,124338900,0.745,91337200,0.746,68002400,0.747,44656500,0.748,34937400,323,100,0
sh513130,09:35:47,1765244150861,5641.34,0.9084,4.4445,0.743,0.7425,0.0673,99300,73780,0.743,0.743,64947900,0.742,144296000,0.741,117517900,0.74,74966700,0.739,44526900,0.744,130342600,0.745,96437200,0.746,68032400,0.747,44656500,0.748,34937400,393,100,0
sh513130,09:35:50,1765244152862,5640.03,0.9084,4.9903,0.743,0.7432,-0.0269,1742300,1295258,0.7434,0.743,9069500,0.742,144966100,0.741,118406500,0.74,82776700,0.739,44527400,0.744,129678700,0.745,96596500,0.746,68043400,0.747,44656500,0.748,34942400,371,100,0
sh513130,09:35:53,1765244154868,5640.36,0.9084,4.0508,0.744,0.7432,0.1076,1225100,910609,0.7433,0.743,27225000,0.742,145828500,0.741,118406500,0.74,87794100,0.739,44536100,0.744,129644900,0.745,96646500,0.746,73044000,0.747,44666500,0.748,34942400,218,100,0
sh513130,09:35:56,1765244157881,5641.17,0.9084,3.8692,0.744,0.7432,0.1076,1235800,918277,0.7431,0.743,43186000,0.742,145957100,0.741,118430300,0.74,82880400,0.739,44546100,0.744,129918600,0.745,96620200,0.746,73021700,0.747,44941500,0.748,35012400,1075,100,0
sh513130,09:35:59,1765244161881,5641.42,0.9084,3.0662,0.743,0.7425,0.0673,547000,406493,0.7431,0.743,64177300,0.742,144062100,0.741,116525500,0.74,73953700,0.739,44547100,0.744,131979900,0.745,96841700,0.746,73143200,0.747,44953500,0.748,35013400,774,100,0
sh513130,09:36:02,1765244164881,5640.89,0.9084,2.4112,0.743,0.7425,0.0673,3028800,2250414,0.743,0.743,8649900,0.742,144565100,0.741,117065900,0.74,84972300,0.739,44747100,0.744,135145700,0.745,96766600,0.746,73246400,0.747,44953500,0.748,35034900,374,100,0
sh513130,09:36:05,1765244167887,5641.04,0.9084,1.4913,0.743,0.7425,0.0673,1147700,852750,0.743,0.743,14167500,0.742,144572800,0.741,117095900,0.74,84983000,0.739,44991300,0.744,134792300,0.745,96873800,0.746,73246400,0.747,44953500,0.748,35034900,316,100,0
sh513130,09:36:08,1765244170905,5638.42,0.9084,3.7223,0.743,0.7425,0.0673,17800,13225,0.743,0.743,9142800,0.742,144748500,0.741,117096400,0.74,85393000,0.739,44991300,0.744,135694800,0.745,96862800,0.746,73429700,0.747,44953500,0.748,35034900,359,100,0
sh513130,09:36:11,1765244174903,5634.85,0.9084,3.3291,0.743,0.7425,0.0673,10992700,8167576,0.743,0.742,55219800,0.741,126721000,0.74,115434800,0.739,60771300,0.738,55156100,0.743,109983200,0.744,121661000,0.745,91844800,0.746,46168600,0.747,32706300,441,100,0
sh513130,09:36:15,1765244176904,5635.18,0.9084,2.2268,0.743,0.7418,0.1618,1036200,769410,0.7425,0.742,55783800,0.741,127604600,0.74,116615300,0.739,65771300,0.738,55156600,0.743,115526600,0.744,119731200,0.745,92044800,0.746,41447100,0.747,33294800,373,100,0
sh513130,09:36:17,1765244179901,5636.35,0.9084,5.6724,0.743,0.7418,0.1618,195200,145033,0.743,0.742,87787900,0.741,128806500,0.74,115682300,0.739,63371300,0.738,55161600,0.743,116361500,0.744,119051500,0.745,92157100,0.746,41447100,0.747,33300800,1391,100,0
sh513130,09:36:20,1765244183906,5634.93,0.9084,2.8807,0.742,0.7418,0.027,158500,117698,0.7426,0.742,52628000,0.741,129667200,0.74,115725600,0.739,64378300,0.738,55201100,0.743,121392100,0.744,119014500,0.745,92206700,0.746,41447100,0.747,33300800,1224,100,0
sh513130,09:36:24,1765244185911,5635.44,0.9084,1.2392,0.743,0.7418,0.1618,1203200,893670,0.7427,0.742,50875100,0.741,130559700,0.74,115762200,0.739,65780500,0.738,55251200,0.743,120921000,0.744,108741000,0.745,92223500,0.746,41467100,0.747,33301400,1081,100,0
sh513130,09:36:27,1765244188911,5634.46,0.9084,2.6242,0.743,0.7418,0.1618,12090000,8970883,0.742,0.742,29776900,0.741,133772400,0.74,115806700,0.739,66881500,0.738,55251200,0.743,121934100,0.744,106538800,0.745,91784700,0.746,41186000,0.747,33401400,375,100,0
sh513130,09:36:29,1765244191916,5634.96,0.9084,5.3879,0.742,0.7411,0.1214,1155600,857599,0.7421,0.742,76490300,0.741,133792700,0.74,116963000,0.739,60154500,0.738,55198400,0.743,121304800,0.744,103830000,0.745,91818300,0.746,41192800,0.747,33401400,597,100,0
sh513130,09:36:32,1765244194927,5633.63,0.9084,2.6169,0.742,0.7411,0.1214,447300,331948,0.7421,0.742,59707200,0.741,139517200,0.74,119973200,0.739,70649000,0.738,59274900,0.743,128680800,0.744,107220900,0.745,95890900,0.746,45210900,0.747,33471800,423,100,0
sh513130,09:36:35,1765244198927,5633.65,0.9084,3.5787,0.743,0.7418,0.1618,77500,57565,0.7428,0.742,36272800,0.741,140164700,0.74,120093200,0.739,71049000,0.738,59278200,0.743,133377900,0.744,105510200,0.745,95884700,0.746,45213900,0.747,33473700,462,100,0
sh513130,09:36:38,1765244200944,5634.22,0.9084,2.2907,0.743,0.7418,0.1618,298100,221199,0.742,0.742,36670100,0.741,141269800,0.74,120121100,0.739,71407600,0.738,59298200,0.743,132882200,0.744,104401600,0.745,95891700,0.746,45213900,0.747,33488700,393,100,0
sh513130,09:36:42,1765244204927,5631.73,0.9084,1.1424,0.742,0.7418,0.027,30495600,22627839,0.742,0.742,2262100,0.741,126311500,0.74,120068100,0.739,71406600,0.738,59418200,0.743,136805700,0.744,104455400,0.745,95913700,0.746,45223900,0.747,33592500,416,100,0
sh513130,09:36:44,1765244205931,5631.73,0.9084,0.8999,0.742,0.7418,0.027,3570300,2649162,0.742,0.741,129300100,0.74,122276900,0.739,71418900,0.738,59449200,0.737,54376300,0.742,80730000,0.743,132570600,0.744,99016800,0.745,73655600,0.746,28945100,1420,100,0
sh513130,09:36:48,1765244209943,5631.65,0.9084,1.7603,0.742,0.7418,0.027,12238300,9080751,0.742,0.741,113531700,0.74,122343600,0.739,71712200,0.738,59469300,0.737,54378400,0.742,88807800,0.743,122738200,0.744,97719100,0.745,78542600,0.746,28845100,1302,100,0
sh513130,09:36:50,1765244211946,5631.47,0.9084,2.6581,0.742,0.7412,0.1079,655800,486604,0.742,0.741,131260100,0.74,123424800,0.739,71752500,0.738,60469300,0.737,38381600,0.742,87112200,0.743,135153800,0.744,97390800,0.745,76386600,0.746,28845400,1145,100,0
sh513130,09:36:50,1765244214943,5630.7,0.9084,1.8835,0.742,0.7412,0.1079,655800,486604,0.742,0.741,131260100,0.74,123424800,0.739,71752500,0.738,60469300,0.737,38381600,0.742,87112200,0.743,135153800,0.744,97390800,0.745,76386600,0.746,28845400,440,100,0
sh513130,09:36:53,1765244215945,5630.7,0.9084,1.9562,0.742,0.7411,0.1214,354000,262641,0.7419,0.741,132440900,0.74,123592400,0.739,71844700,0.738,60481300,0.737,38396600,0.742,51491500,0.743,136479400,0.744,101397900,0.745,77496000,0.746,57160600,833,100,0
sh513130,09:36:57,1765244218961,5631.25,0.9084,1.3737,0.742,0.7411,0.1214,21321800,15820682,0.742,0.742,16254100,0.741,135018900,0.74,122629000,0.739,71978800,0.738,60561700,0.743,139239500,0.744,103390900,0.745,82009200,0.746,57338400,0.747,33758900,496,100,0
sh513130,09:37:00,1765244221945,5631.37,0.9084,5.1251,0.741,0.7412,-0.027,2297400,1704650,0.742,0.741,121016300,0.74,123920300,0.739,72166700,0.738,60992900,0.737,38431600,0.742,58946800,0.743,143666500,0.744,100811400,0.745,78590900,0.746,41845200,348,100,0
sh513130,09:37:02,1765244224959,5632.06,0.9084,2.2019,0.742,0.7412,0.1079,5090900,3776344,0.7418,0.741,136362500,0.74,124377800,0.739,72176700,0.738,61097700,0.737,38869000,0.742,3053600,0.743,142804300,0.744,104849000,0.745,81943700,0.746,41850100,418,100,0
sh513130,09:37:06,1765244227950,5631.49,0.9084,3.6837,0.742,0.7418,0.027,3116200,2312171,0.742,0.742,9613200,0.741,137771100,0.74,124626300,0.739,72192700,0.738,60837800,0.743,142782700,0.744,104876000,0.745,82882200,0.746,57866900,0.747,32758900,1473,100,0
sh513130,09:37:08,1765244230961,5633.11,0.9084,2.7011,0.743,0.7418,0.1618,1878700,1393997,0.742,0.742,79207400,0.741,130337600,0.74,127031000,0.739,51507300,0.738,60908900,0.743,145665400,0.744,104815600,0.745,82899100,0.746,57866900,0.747,33858900,425,100,0
sh513130,09:37:11,1765244233962,5635.03,0.9084,3.1745,0.742,0.7418,0.027,986900,732565,0.7423,0.742,80791500,0.741,131821100,0.74,126378600,0.739,51537300,0.738,60928900,0.743,146551400,0.744,104967600,0.745,83155300,0.746,57866900,0.747,33858900,1452,100,0
sh513130,09:37:14,1765244235971,5634.3,0.9084,2.8087,0.742,0.7418,0.027,1028700,763318,0.742,0.742,80317200,0.741,133087600,0.74,126446300,0.739,51540600,0.738,61316300,0.743,147784700,0.744,104968900,0.745,83394400,0.746,57866900,0.747,33858900,1431,100,0
sh513130,09:37:14,1765244237973,5634.53,0.9084,2.5449,0.742,0.7418,0.027,1028700,763318,0.742,0.742,80317200,0.741,133087600,0.74,126446300,0.739,51540600,0.738,61316300,0.743,147784700,0.744,104968900,0.745,83394400,0.746,57866900,0.747,33858900,1279,100,0
sh513130,09:37:17,1765244239966,5635.44,0.9084,2.8554,0.743,0.7418,0.1618,25300,18795,0.7429,0.742,81403000,0.741,134367400,0.74,126514800,0.739,51656900,0.738,61355500,0.743,149236000,0.744,105120900,0.745,82878700,0.746,58067100,0.747,33721700,1121,100,0
sh513130,09:37:20,1765244242984,5635.11,0.9084,2.0592,0.742,0.7418,0.027,731600,543048,0.7423,0.742,65614600,0.741,143967600,0.74,125732200,0.739,59571600,0.738,61325300,0.743,151219200,0.744,105034900,0.745,82878900,0.746,58062100,0.747,33788000,505,100,0
sh513130,09:37:23,1765244246987,5634.28,0.9084,0.7658,0.743,0.7419,0.1483,294900,219021,0.7427,0.742,66294000,0.741,144044900,0.74,125641300,0.739,59614600,0.738,61367100,0.743,153208100,0.744,105589000,0.745,82977900,0.746,57988700,0.747,33809900,483,100,0
sh513130,09:37:27,1765244248991,5632.75,0.9084,2.0413,0.743,0.7419,0.1483,94500,70211,0.743,0.742,53580800,0.741,146350200,0.74,127776100,0.739,67079700,0.738,61367100,0.743,154568900,0.744,105612300,0.745,82987400,0.746,57988700,0.747,33809900,481,100,0
sh513130,09:37:27,1765244251001,5632.39,0.9084,1.3361,0.743,0.7419,0.1483,94500,70211,0.743,0.742,53580800,0.741,146350200,0.74,127776100,0.739,67079700,0.738,61367100,0.743,154568900,0.744,105612300,0.745,82987400,0.746,57988700,0.747,33809900,523,100,0
sh513130,09:37:29,1765244251996,5632.39,0.9084,1.6312,0.742,0.7418,0.027,10573200,7845315,0.742,0.741,147618900,0.74,128592900,0.739,72079700,0.738,61610700,0.737,39450500,0.742,20715800,0.743,149214300,0.744,104592300,0.745,83227400,0.746,41991900,175,100,0
sh513130,09:37:33,1765244253995,5631.82,0.9084,1.5706,0.742,0.7418,0.027,1168200,866804,0.742,0.741,150390600,0.74,128744000,0.739,72555300,0.738,61645700,0.737,39450500,0.742,68964700,0.743,141427200,0.744,100569400,0.745,80773600,0.746,41991900,24,100,0
sh513130,09:37:36,1765244257008,5632.56,0.9084,2.1126,0.742,0.7418,0.027,1422000,1055122,0.742,0.741,151368600,0.74,128621200,0.739,72829500,0.738,61665700,0.737,39460500,0.742,21192100,0.743,142063900,0.744,104528100,0.745,81801900,0.746,42099100,547,100,0
sh513130,09:37:38,1765244260011,5633.09,0.9084,2.0474,0.742,0.7412,0.1079,12817200,9510372,0.742,0.742,59338900,0.741,150835400,0.74,129444400,0.739,70870200,0.738,62110000,0.743,141062100,0.744,105268600,0.745,84658300,0.746,58196000,0.747,33728100,1534,100,0
sh513130,09:37:41,1765244263015,5634.15,0.9084,2.0348,0.742,0.7412,0.1079,105700,78438,0.7421,0.742,74941100,0.741,143692200,0.74,129693000,0.739,65267800,0.738,62104000,0.743,140839200,0.744,105316800,0.745,84515100,0.746,58150300,0.747,33728100,419,100,0
sh513130,09:37:44,1765244267019,5634.01,0.9084,3.5949,0.742,0.7418,0.027,76700,56922,0.7421,0.742,69839400,0.741,153467700,0.74,130193600,0.739,60271800,0.738,62206100,0.743,142250600,0.744,105366800,0.745,84545100,0.746,58150300,0.747,33758100,110,100,0
sh513130,09:37:48,1765244270028,5634.38,0.9084,3.101,0.742,0.7418,0.027,60100,44647,0.7429,0.742,89093300,0.741,146243700,0.74,130420100,0.739,52271800,0.738,62390500,0.743,142494100,0.744,105966800,0.745,85070100,0.746,58162700,0.747,33728100,965,100,0
sh513130,09:37:51,1765244273036,5634.06,0.9084,4.5084,0.742,0.7418,0.027,225900,167622,0.742,0.742,50921700,0.741,155610000,0.74,130576900,0.739,67746800,0.738,62392700,0.743,142579100,0.744,105966800,0.745,85073900,0.746,58162700,0.747,33794400,560,100,0
sh513130,09:37:53,1765244276046,5633.45,0.9084,4.9871,0.742,0.7419,0.0135,911300,676330,0.7422,0.742,56750100,0.741,156727900,0.74,130976100,0.739,65786800,0.738,62465700,0.743,143632600,0.744,106141000,0.745,85073900,0.746,58162700,0.747,33810300,513,100,0
sh513130,09:37:56,1765244279046,5632.99,0.9084,4.2003,0.743,0.7419,0.1483,738700,548156,0.7421,0.742,10711200,0.741,157623400,0.74,130318800,0.739,67786800,0.738,62776500,0.743,145880800,0.744,106232500,0.745,85204800,0.746,58280200,0.747,33877300,544,100,0
sh513130,09:38:00,1765244282055,5633.16,0.9084,3.8564,0.742,0.7419,0.0135,10585400,7854365,0.742,0.741,143104300,0.74,131584000,0.739,73302900,0.738,62830000,0.737,55925800,0.742,90495000,0.743,140947100,0.744,100235000,0.745,78705400,0.746,30364200,30,100,0
sh513130,09:38:03,1765244286072,5631.97,0.9084,4.9244,0.742,0.7419,0.0135,799700,593307,0.7419,0.741,144632200,0.74,132614800,0.739,73631700,0.738,62889000,0.737,55925800,0.742,122759600,0.743,129386900,0.744,101226200,0.745,58377400,0.746,30375600,1530,100,0
sh513130,09:38:05,1765244288066,5631.89,0.9084,3.4149,0.742,0.7419,0.0135,365400,271119,0.742,0.741,145363600,0.74,133581600,0.739,73671900,0.738,63236100,0.737,55925800,0.742,124420500,0.743,125867100,0.744,101226200,0.745,58377400,0.746,41028800,1578,100,0
sh513130,09:38:09,1765244291083,5631.51,0.9084,4.8607,0.741,0.7419,-0.1213,318400,236093,0.7415,0.741,161237800,0.74,134911000,0.739,73743900,0.738,63293200,0.737,39954400,0.742,58215100,0.743,134755800,0.744,101056100,0.745,73377400,0.746,41028800,436,100,0
sh513130,09:38:11,1765244293080,5630.65,0.9084,4.759,0.742,0.7419,0.0135,314400,233217,0.7418,0.741,161396800,0.74,136715000,0.739,74151400,0.738,63343200,0.737,39954600,0.742,58835700,0.743,134951800,0.744,105093700,0.745,74376800,0.746,41028800,276,100,0
sh513130,09:38:14,1765244297085,5630.68,0.9084,4.3235,0.742,0.7412,0.1079,1105200,819712,0.7417,0.741,161105400,0.74,137778500,0.739,74381700,0.738,63411700,0.737,39954600,0.742,51741300,0.743,135628300,0.744,104103700,0.745,77326900,0.746,41028800,578,100,0
sh513130,09:38:17,1765244300093,5629.34,0.9084,2.7477,0.741,0.7412,-0.027,340100,252237,0.7417,0.741,146090900,0.74,139148600,0.739,74471300,0.738,63672500,0.737,56113000,0.742,76441400,0.743,135587700,0.744,101096100,0.745,73833800,0.746,41028800,825,100,0
sh513130,09:38:20,1765244303109,5630.62,0.9084,2.5614,0.742,0.7412,0.1079,79000,58610,0.7419,0.741,147455100,0.74,141186700,0.739,74603900,0.738,63672500,0.737,56113000,0.742,93788800,0.743,126465200,0.744,100165400,0.745,73933800,0.746,40928800,607,100,0
sh513130,09:38:23,1765244306109,5629.42,0.9084,4.7031,0.742,0.7412,0.1079,344400,255207,0.741,0.741,148007300,0.74,142293700,0.739,74404900,0.738,63702500,0.737,56113000,0.742,99003300,0.743,126392000,0.744,100685400,0.745,73933800,0.746,40928800,366,100,0
sh513130,09:38:26,1765244309112,5628.9,0.9084,3.6761,0.742,0.7412,0.1079,1188200,881546,0.7419,0.741,148137300,0.74,142349500,0.739,74444500,0.738,63746600,0.737,56129000,0.742,117719200,0.743,125579300,0.744,100965400,0.745,58933800,0.746,40928800,648,100,0
sh513130,09:38:29,1765244312123,5629.41,0.9084,5.1048,0.742,0.7412,0.1079,524400,388861,0.7415,0.741,131084300,0.74,142916100,0.739,74494500,0.738,64178000,0.737,56309000,0.742,103050200,0.743,124158100,0.744,100965400,0.745,58911900,0.746,40928800,1631,100,0
sh513130,09:38:32,1765244315122,5628.63,0.9084,2.1633,0.742,0.7412,0.1079,137200,101728,0.7415,0.741,113235800,0.74,151387000,0.739,73706900,0.738,72195600,0.737,56446000,0.742,121864900,0.743,123039800,0.744,100968400,0.745,58911900,0.746,40988800,630,100,0
sh513130,09:38:35,1765244318137,5626.61,0.9084,2.4284,0.742,0.7412,0.1079,1663700,1234311,0.7419,0.741,89954300,0.74,151635700,0.739,85705700,0.738,79628600,0.737,56571900,0.742,120488900,0.743,122467000,0.744,100968400,0.745,58916400,0.746,41058800,1613,100,0
sh513130,09:38:38,1765244321130,5626.87,0.9084,3.0634,0.742,0.7412,0.1079,150800,111834,0.7416,0.741,86930000,0.74,151923700,0.739,86761100,0.738,79653600,0.737,56572600,0.742,121287900,0.743,115065300,0.744,100968400,0.745,58955700,0.746,41058800,293,100,0
sh513130,09:38:41,1765244324141,5625.54,0.9084,3.2172,0.742,0.7412,0.1079,39700,29452,0.7419,0.741,80574700,0.74,152197700,0.739,86761100,0.738,79633600,0.737,56620000,0.742,121547700,0.743,114359200,0.744,100959300,0.745,58955700,0.746,41058800,1143,100,0
sh513130,09:38:44,1765244327146,5625.9,0.9084,3.2156,0.742,0.7412,0.1079,1442300,1068909,0.7411,0.741,88956500,0.74,152700900,0.739,86762500,0.738,79633600,0.737,56719800,0.742,126083100,0.743,113543100,0.744,100959300,0.745,58955700,0.746,41058800,644,100,0
sh513130,09:38:47,1765244330152,5625.55,0.9084,2.0904,0.741,0.7412,-0.027,169700,125876,0.7418,0.741,76961500,0.74,152809700,0.739,86801900,0.738,79746600,0.737,56724800,0.742,126046000,0.743,113544000,0.744,100960300,0.745,58955700,0.746,41058800,690,100,0
sh513130,09:38:50,1765244332158,5625.71,0.9084,0.1478,0.742,0.7405,0.2026,233600,173106,0.741,0.741,78602400,0.74,153669800,0.739,86922900,0.738,84767400,0.737,56627000,0.742,128871500,0.743,113564000,0.744,100960300,0.745,58955700,0.746,41058800,546,100,0
sh513130,09:38:53,1765244337171,5624.9,0.9084,2.2308,0.742,0.7405,0.2026,75200,55796,0.742,0.741,94338900,0.74,153830800,0.739,87017900,0.738,84805200,0.737,56627000,0.742,129704600,0.743,113564000,0.744,100960300,0.745,58926700,0.746,41058800,640,100,0
sh513130,09:38:56,1765244338183,5624.9,0.9084,2.7285,0.742,0.7405,0.2026,92000,68257,0.7419,0.741,111500200,0.74,146158500,0.739,86949900,0.738,77430100,0.737,56707000,0.742,130581000,0.743,113564000,0.744,100968300,0.745,58886700,0.746,41058800,102,100,0
sh513130,09:38:59,1765244341185,5623.79,0.9084,1.0339,0.742,0.7405,0.2026,164600,122105,0.7418,0.741,92388800,0.74,155635400,0.739,86968200,0.738,79810100,0.737,56807800,0.742,132217100,0.743,113583200,0.744,100968300,0.745,58727900,0.746,41058800,707,100,0
sh513130,09:39:02,1765244344183,5623.93,0.9084,1.9406,0.742,0.7405,0.2026,1027700,761683,0.7412,0.741,59302000,0.74,157222100,0.739,105824400,0.738,79828100,0.737,56828200,0.742,134280800,0.743,113589200,0.744,99968300,0.745,58706000,0.746,41059800,1120,100,0
sh513130,09:39:02,1765244346184,5623.34,0.9084,3.1788,0.742,0.7405,0.2026,1027700,761683,0.7412,0.741,59302000,0.74,157222100,0.739,105824400,0.738,79828100,0.737,56828200,0.742,134280800,0.743,113589200,0.744,99968300,0.745,58706000,0.746,41059800,1641,100,0
sh513130,09:39:05,1765244347185,5622.51,0.9084,3.2901,0.741,0.7405,0.0675,54352300,40275099,0.741,0.74,161219900,0.739,107245000,0.738,85316700,0.737,56957900,0.736,22225000,0.741,43406800,0.742,124496800,0.743,104645200,0.744,95628900,0.745,41665400,475,100,0
sh513130,09:39:08,1765244350192,5622.51,0.9084,1.763,0.741,0.7405,0.0675,869900,644596,0.741,0.74,165948200,0.739,107542000,0.738,85326700,0.737,56957900,0.736,22225000,0.741,33265200,0.742,123399000,0.743,105644300,0.744,88972900,0.745,42684400,1335,100,0
sh513130,09:39:11,1765244354200,5623.28,0.9084,5.0353,0.741,0.7405,0.0675,619200,458584,0.7406,0.74,166819600,0.739,107538500,0.738,85376700,0.737,56977900,0.736,22304100,0.741,47280100,0.742,123425600,0.743,99744600,0.744,79233200,0.745,42684400,1016,100,0
sh513130,09:39:14,1765244358207,5623.49,0.9084,2.873,0.741,0.7412,-0.027,14526900,10764389,0.741,0.741,10666400,0.74,169103800,0.739,107533700,0.738,85313700,0.737,56977900,0.742,125630300,0.743,105984300,0.744,88790700,0.745,58681200,0.746,41043800,719,100,0
sh513130,09:39:18,1765244360207,5623.38,0.9084,2.1732,0.741,0.7412,-0.027,372000,275716,0.7412,0.741,54215200,0.74,170750300,0.739,106537700,0.738,83943700,0.737,56977900,0.742,125716300,0.743,106084300,0.744,88795700,0.745,58681200,0.746,41668900,567,100,0
sh513130,09:39:20,1765244363204,5623.44,0.9084,1.8296,0.742,0.7405,0.2026,500100,370680,0.7412,0.741,27248900,0.74,171898400,0.739,106577200,0.738,85358700,0.737,56977900,0.742,127764800,0.743,106122400,0.744,88823400,0.745,58709500,0.746,41983200,702,100,0
sh513130,09:39:23,1765244365206,5623.02,0.9084,1.2383,0.741,0.7406,0.054,4368600,3237141,0.741,0.74,173018200,0.739,107699600,0.738,85478800,0.737,57104900,0.736,22306100,0.741,846400,0.742,128262700,0.743,106728100,0.744,88845700,0.745,42708200,671,100,0
sh513130,09:39:23,1765244367211,5623.72,0.9084,1.1281,0.741,0.7406,0.054,4368600,3237141,0.741,0.74,173018200,0.739,107699600,0.738,85478800,0.737,57104900,0.736,22306100,0.741,846400,0.742,128262700,0.743,106728100,0.744,88845700,0.745,42708200,646,100,0
sh513130,09:39:26,1765244369200,5624.18,0.9084,0.87,0.74,0.7406,-0.081,1701400,1260697,0.741,0.74,173919900,0.739,107829800,0.738,85484800,0.737,57209000,0.736,22311100,0.741,56394900,0.742,127158600,0.743,101689200,0.744,82295200,0.745,42708200,685,100,0
sh513130,09:39:29,1765244372215,5622.98,0.9084,4.0165,0.741,0.7406,0.054,1583500,1173231,0.7409,0.74,175182800,0.739,107809900,0.738,85636200,0.737,57229600,0.736,22311200,0.741,59866200,0.742,128335600,0.743,101977600,0.744,79282800,0.745,42708200,1699,100,0
sh513130,09:39:32,1765244375211,5622.55,0.9084,5.9607,0.741,0.7406,0.054,694900,514850,0.7409,0.74,159705000,0.739,108946900,0.738,85771400,0.737,57629600,0.736,22311200,0.741,65309600,0.742,124364500,0.743,101363900,0.744,81776800,0.745,42678200,480,100,0
sh513130,09:39:35,1765244377225,5622.12,0.9084,7.0866,0.741,0.7406,0.054,8102000,6003471,0.741,0.741,2262400,0.74,176007000,0.739,110968200,0.738,85776700,0.737,57779600,0.742,123604900,0.743,106350500,0.744,91223200,0.745,59125000,0.746,42324600,331,100,0
sh513130,09:39:38,1765244380225,5623.32,0.9084,4.4473,0.741,0.7406,0.054,2018500,1496943,0.7416,0.741,27528500,0.74,176479000,0.739,111144600,0.738,85645100,0.737,57781700,0.742,122041900,0.743,107363500,0.744,91319000,0.745,59639500,0.746,41650800,1182,100,0
sh513130,09:39:42,1765244383230,5623.11,0.9084,2.8508,0.741,0.7406,0.054,11486700,8511605,0.741,0.741,10744300,0.74,176621300,0.739,112025400,0.738,86052100,0.737,57781700,0.742,123213900,0.743,107332700,0.744,86386700,0.745,43629100,0.746,41624000,703,100,0
sh513130,09:39:44,1765244387230,5622.75,0.9084,4.6357,0.742,0.7413,0.0944,17965100,13312777,0.741,0.741,4001800,0.74,178657900,0.739,113008500,0.738,86104700,0.737,57823000,0.742,124525400,0.743,107491300,0.744,86586700,0.745,59525900,0.746,41624000,728,100,0
sh513130,09:39:48,1765244389244,5623.24,0.9084,3.4024,0.742,0.7413,0.0944,176600,130872,0.7411,0.741,14811000,0.74,170228000,0.739,114166200,0.738,86280600,0.737,57870400,0.742,125501800,0.743,107490500,0.744,87766800,0.745,59531900,0.746,41624000,733,100,0
sh513130,09:39:51,1765244392241,5623.24,0.9084,1.8098,0.741,0.7413,-0.0405,1191900,884206,0.7418,0.741,6133300,0.74,178844600,0.739,112263400,0.738,86370800,0.737,57870800,0.742,126434600,0.743,107506400,0.744,87766800,0.745,59531900,0.746,41624000,272,100,0
sh513130,09:39:53,1765244395251,5624.58,0.9084,3.8068,0.741,0.7412,-0.027,329900,244612,0.7415,0.741,89273500,0.74,170624700,0.739,114132500,0.738,66018800,0.737,57900800,0.742,130330400,0.743,107491300,0.744,87766800,0.745,59381900,0.746,41624000,721,100,0
sh513130,09:39:56,1765244398249,5624.08,0.9084,1.7333,0.741,0.7412,-0.027,379800,281673,0.7416,0.741,90238600,0.74,171397800,0.739,113809900,0.738,66057100,0.737,57903400,0.742,132158500,0.743,107491300,0.744,87766800,0.745,59437900,0.746,41624000,1740,100,0
sh513130,09:39:59,1765244401246,5625.33,0.9084,0.3287,0.742,0.7406,0.189,352400,261411,0.7418,0.741,90610700,0.74,171836600,0.739,115562400,0.738,66082600,0.737,57908400,0.742,133989200,0.743,107554600,0.744,87766800,0.745,59431900,0.746,41654000,611,100,0
sh513130,09:40:02,1765244405258,5624.96,0.9084,1.176,0.742,0.7406,0.189,735900,545520,0.7413,0.741,91017300,0.74,173083900,0.739,116546600,0.738,66193300,0.737,57936400,0.742,131800400,0.743,110409600,0.744,87666800,0.745,59498900,0.746,41664000,302,100,0
sh513130,09:40:06,1765244408297,5625.24,0.9084,1.0671,0.742,0.7406,0.189,385900,286226,0.7417,0.741,68381700,0.74,172718400,0.739,117450700,0.738,76325800,0.737,57960400,0.742,137357900,0.743,107420800,0.744,87666800,0.745,60949000,0.746,41664000,1182,100,0
sh513130,09:40:09,1765244410262,5624.56,0.9084,3.2395,0.742,0.7412,0.1079,142400,105651,0.7419,0.741,81200500,0.74,173173300,0.739,117469500,0.738,66325800,0.737,57960400,0.742,138203300,0.743,107420900,0.744,87916800,0.745,61009000,0.746,41840500,981,100,0
sh513130,09:40:11,1765244414263,5625.58,0.9084,5.0624,0.742,0.7412,0.1079,89800,66632,0.742,0.741,74296300,0.74,172949500,0.739,116250000,0.738,74455700,0.737,57999400,0.742,138902900,0.743,107420900,0.744,88152800,0.745,61039100,0.746,41843100,663,100,0
sh513130,09:40:14,1765244416267,5625.14,0.9084,4.3784,0.742,0.7412,0.1079,455000,337325,0.7414,0.741,56675600,0.74,181709300,0.739,116249600,0.738,81944000,0.737,57999400,0.742,140979500,0.743,107450200,0.744,89152800,0.745,61062600,0.746,41843100,502,100,0
sh513130,09:40:14,1765244418268,5624.64,0.9084,4.3491,0.742,0.7412,0.1079,455000,337325,0.7414,0.741,56675600,0.74,181709300,0.739,116249600,0.738,81944000,0.737,57999400,0.742,140979500,0.743,107450200,0.744,89152800,0.745,61062600,0.746,41843100,344,100,0
sh513130,09:40:17,1765244419275,5624.93,0.9084,4.5192,0.741,0.7412,-0.027,603000,447137,0.7415,0.741,31773500,0.74,181856300,0.739,116305600,0.738,81974000,0.737,57999600,0.742,142295800,0.743,108450200,0.744,89152800,0.745,61122100,0.746,41843100,689,100,0
sh513130,09:40:20,1765244422278,5624.77,0.9084,3.9608,0.741,0.7412,-0.027,1214100,899820,0.7411,0.741,55284100,0.74,182076100,0.739,117323800,0.738,81975200,0.737,58019600,0.742,143517100,0.743,108431600,0.744,89291000,0.745,61423300,0.746,41843100,39,100,0
sh513130,09:40:23,1765244426281,5623.82,0.9084,2.2813,0.741,0.7412,-0.027,1072700,794944,0.7411,0.741,51850500,0.74,182164800,0.739,117365400,0.738,81975200,0.737,58019600,0.742,145042700,0.743,108445600,0.744,89268700,0.745,61433300,0.746,41843100,1735,100,0
sh513130,09:40:27,1765244429279,5625.85,0.9084,6.1208,0.742,0.7412,0.1079,118100,87534,0.7412,0.741,80743200,0.74,173937700,0.739,118356100,0.738,66674200,0.737,58019600,0.742,146113800,0.743,108143000,0.744,89268700,0.745,61439200,0.746,41893100,583,100,0
sh513130,09:40:29,1765244431277,5625.3,0.9084,4.3356,0.741,0.7406,0.054,228300,169382,0.7419,0.741,83483500,0.74,174212200,0.739,117478700,0.738,66696200,0.737,58021300,0.742,142879900,0.743,110999400,0.744,89268700,0.745,61439200,0.746,41893100,418,100,0
sh513130,09:40:32,1765244435291,5626.25,0.9084,3.5973,0.741,0.7406,0.054,47000,34854,0.7416,0.741,86573600,0.74,174537100,0.739,117485000,0.738,66696600,0.737,58033300,0.742,141935700,0.743,111863800,0.744,89287300,0.745,61439200,0.746,41893100,114,100,0
sh513130,09:40:35,1765244438294,5627.16,0.9084,3.1039,0.742,0.7413,0.0944,134600,99873,0.742,0.741,87497500,0.74,175200800,0.739,117444100,0.738,65844000,0.737,58033300,0.742,125708100,0.743,112708300,0.744,89288300,0.745,76894700,0.746,41896100,964,100,0
sh513130,09:40:39,1765244441300,5627.76,0.9084,2.8451,0.742,0.7419,0.0135,103000,76397,0.7417,0.741,89347500,0.74,175462000,0.739,117461100,0.738,66467800,0.737,58053300,0.742,125898600,0.743,113709700,0.744,89288600,0.745,76894700,0.746,42079000,719,100,0
sh513130,09:40:41,1765244443308,5628.29,0.9084,3.2075,0.742,0.7419,0.0135,90800,67358,0.7418,0.741,91647000,0.74,176438900,0.739,117361200,0.738,66497200,0.737,58058300,0.742,126378500,0.743,114567100,0.744,89288600,0.745,76881400,0.746,42553600,799,100,0
sh513130,09:40:44,1765244446297,5627.89,0.9084,2.988,0.742,0.7419,0.0135,155400,115192,0.7413,0.741,93899700,0.74,176969400,0.739,117363200,0.738,66611400,0.737,58078300,0.742,129132500,0.743,115428500,0.744,95812400,0.745,76912600,0.746,42563600,345,100,0
sh513130,09:40:47,1765244450309,5626.68,0.9084,5.1234,0.742,0.7419,0.0135,173600,128722,0.7415,0.741,94121100,0.74,177651500,0.739,117373200,0.738,66450100,0.737,58128200,0.742,148856300,0.743,114939400,0.744,95812400,0.745,61919400,0.746,42563600,43,100,0
sh513130,09:40:51,1765244453320,5628.01,0.9084,4.6646,0.742,0.7419,0.0135,1046400,775404,0.741,0.741,94770900,0.74,177770500,0.739,119503800,0.738,66688100,0.737,58129200,0.742,131346300,0.743,118795800,0.744,95884400,0.745,76909400,0.746,42668600,798,100,0
sh513130,09:40:54,1765244456319,5627.17,0.9084,6.1086,0.741,0.7412,-0.027,549200,407363,0.7417,0.741,93419700,0.74,178215800,0.739,116739700,0.738,68701100,0.737,58144400,0.742,150831100,0.743,115830500,0.744,95909400,0.745,61909400,0.746,42668600,1737,100,0
sh513130,09:40:56,1765244459325,5626.2,0.9084,3.7793,0.741,0.7412,-0.027,123300,91376,0.7411,0.741,81032200,0.74,178680400,0.739,116860200,0.738,82173800,0.737,58195000,0.742,151945400,0.743,115830500,0.744,95847400,0.745,61966700,0.746,42668600,444,100,0
sh513130,09:41:00,1765244462325,5626.18,0.9084,1.5184,0.741,0.7413,-0.0405,97300,72186,0.7419,0.741,82869700,0.74,178995600,0.739,117080000,0.738,82255500,0.737,58198300,0.742,152935000,0.743,115690700,0.744,95857400,0.745,61995300,0.746,42693600,1278,100,0
sh513130,09:41:02,1765244465325,5625.53,0.9084,0.9632,0.741,0.7413,-0.0405,73600,54581,0.7416,0.741,83546400,0.74,180002200,0.739,117203900,0.738,82355500,0.737,58205400,0.742,152963700,0.743,115690700,0.744,95793500,0.745,62005300,0.746,42693600,744,100,0
sh513130,09:41:05,1765244468330,5626.48,0.9084,3.7834,0.741,0.7413,-0.0405,422300,312946,0.7411,0.741,90591000,0.74,179214500,0.739,119338900,0.738,74361700,0.737,58205400,0.742,153036900,0.743,115690700,0.744,95793500,0.745,62005300,0.746,42693600,802,100,0
sh513130,09:41:08,1765244471350,5626.85,0.9084,7.9147,0.742,0.7406,0.189,102000,75682,0.742,0.741,99425800,0.74,179404700,0.739,119348900,0.738,66008800,0.737,58206400,0.742,152798800,0.743,115703700,0.744,95788500,0.745,62010300,0.746,42727700,810,100,0
sh513130,09:41:11,1765244473343,5628.18,0.9084,8.2778,0.742,0.7406,0.189,113800,84397,0.7416,0.741,104599600,0.74,179552300,0.739,118359300,0.738,66659200,0.737,61226400,0.742,132414200,0.743,117703700,0.744,95792700,0.745,77010300,0.746,42727700,841,100,0
sh513130,09:41:14,1765244477344,5628.78,0.9084,7.5794,0.742,0.7412,0.1079,360300,267061,0.7412,0.741,107092700,0.74,179925700,0.739,118418500,0.738,66689200,0.737,61226400,0.742,133216800,0.743,118703700,0.744,95792700,0.745,77010300,0.746,42727700,2813,100,0
sh513130,09:41:17,1765244479350,5628.78,0.9084,6.2785,0.742,0.7412,0.1079,103300,76644,0.742,0.741,107116200,0.74,179959300,0.739,118440400,0.738,69209200,0.737,59226400,0.742,134328400,0.743,118823700,0.744,95792700,0.745,77271700,0.746,42727700,4819,100,0
sh513130,09:41:20,1765244482342,5629.93,0.9084,8.7134,0.741,0.7419,-0.1213,146600,108752,0.7418,0.741,108703100,0.74,179943200,0.739,118497400,0.738,68777000,0.737,59226400,0.742,133404400,0.743,118823700,0.744,96882700,0.745,77521700,0.746,42727700,557,100,0
sh513130,09:41:23,1765244486388,5630.12,0.9084,6.734,0.741,0.7419,-0.1213,680600,504940,0.7419,0.741,110371300,0.74,180072700,0.739,120619400,0.738,66832000,0.737,59229400,0.742,133457700,0.743,118796800,0.744,96869300,0.745,77539000,0.746,42737700,264,100,0
sh513130,09:41:26,1765244489365,5631.68,0.9084,4.9305,0.742,0.7419,0.0135,286300,212340,0.7417,0.741,127403400,0.74,170435300,0.739,112994000,0.738,66907000,0.737,43242600,0.742,112131600,0.743,118824800,0.744,100866900,0.745,82515500,0.746,42737700,840,100,0
sh513130,09:41:29,1765244491368,5631.4,0.9084,4.7602,0.742,0.7419,0.0135,385800,285907,0.7411,0.741,109818800,0.74,170543500,0.739,112991300,0.738,67307000,0.737,59140000,0.742,152168000,0.743,115824800,0.744,96892800,0.745,62515500,0.746,42737700,884,100,0
sh513130,09:41:32,1765244495360,5631.05,0.9084,3.7894,0.742,0.7419,0.0135,59700,44295,0.742,0.741,111101200,0.74,171589700,0.739,113024300,0.738,67357000,0.737,59220700,0.742,134602800,0.743,118854800,0.744,97092800,0.745,77545500,0.746,42757700,609,100,0
sh513130,09:41:35,1765244497369,5631.95,0.9084,2.5588,0.742,0.7419,0.0135,730600,542068,0.7419,0.741,113922100,0.74,170838000,0.739,113139600,0.738,66991700,0.737,43303900,0.742,128475000,0.743,118854800,0.744,97107300,0.745,77575500,0.746,42764700,454,100,0
sh513130,09:41:38,1765244501360,5631.55,0.9084,2.5833,0.742,0.7419,0.0135,423900,314234,0.7413,0.741,115108000,0.74,171879200,0.739,113069600,0.738,67001700,0.737,59303700,0.742,128466400,0.743,118854800,0.744,97107300,0.745,77575500,0.746,42668400,130,100,0
sh513130,09:41:41,1765244505385,5631.28,0.9084,2.5752,0.742,0.7419,0.0135,807000,598767,0.742,0.741,116345700,0.74,172109900,0.739,113114500,0.738,66996700,0.737,59303700,0.742,129453800,0.743,119104800,0.744,97113300,0.745,77705100,0.746,43076700,835,100,0
sh513130,09:41:44,1765244507383,5630.72,0.9084,1.5258,0.742,0.7419,0.0135,144400,107095,0.7417,0.741,116549700,0.74,172885300,0.739,113209500,0.738,67432600,0.737,59304300,0.742,134397900,0.743,119107300,0.744,97113300,0.745,77728400,0.746,43076700,838,100,0
sh513130,09:41:48,1765244509383,5630.25,0.9084,2.931,0.742,0.7419,0.0135,139100,103209,0.742,0.741,116148200,0.74,174668100,0.739,113257500,0.738,67505200,0.737,59303800,0.742,155035900,0.743,116107300,0.744,97126700,0.745,62728400,0.746,43103400,872,100,0
sh513130,09:41:50,1765244512391,5629.73,0.9084,2.3691,0.742,0.7419,0.0135,354500,262874,0.7415,0.741,116414700,0.74,175826300,0.739,113257600,0.738,67611800,0.737,59303800,0.742,137294000,0.743,119207300,0.744,97099500,0.745,77756400,0.746,43103400,337,100,0
sh513130,09:41:53,1765244515395,5629.54,0.9084,1.2691,0.742,0.7419,0.0135,423800,314459,0.742,0.741,118338700,0.74,177805300,0.739,114270300,0.738,68613200,0.737,60303200,0.742,136050700,0.743,119207300,0.744,96898000,0.745,77756400,0.746,43103400,882,100,0
sh513130,09:41:57,1765244519395,5628.53,0.9084,0.6783,0.742,0.7419,0.0135,265800,197214,0.742,0.741,118791400,0.74,179105800,0.739,114301300,0.738,68613200,0.737,60300200,0.742,150026600,0.743,119287300,0.744,96898000,0.745,62759300,0.746,43103400,721,100,0
sh513130,09:41:59,1765244521388,5628.39,0.9084,2.0851,0.742,0.7412,0.1079,367900,272982,0.742,0.741,118587500,0.74,180103700,0.739,112358300,0.738,70668200,0.737,60320500,0.742,138305600,0.743,119287300,0.744,95928000,0.745,77801300,0.746,43003400,682,100,0
sh513130,09:42:02,1765244525424,5628.36,0.9084,1.4153,0.742,0.7412,0.1079,557000,413123,0.7417,0.741,120350400,0.74,181080700,0.739,112260200,0.738,70671200,0.737,60320500,0.742,137157000,0.743,119944100,0.744,96828200,0.745,77801300,0.746,42976900,397,100,0
sh513130,09:42:06,1765244528399,5627.76,0.9084,4.9092,0.742,0.7412,0.1079,666300,494325,0.7419,0.741,119561200,0.74,181834200,0.739,111247500,0.738,68671100,0.737,62320500,0.742,156896200,0.743,116914100,0.744,96026300,0.745,62801300,0.746,42976900,1205,100,0
sh513130,09:42:09,1765244530399,5627.25,0.9084,5.1821,0.741,0.7412,-0.027,1631600,1209323,0.7412,0.741,110421900,0.74,183167600,0.739,111497500,0.738,76108800,0.737,60320500,0.742,155147700,0.743,116914100,0.744,96026300,0.745,62967500,0.746,42986900,1035,100,0
sh513130,09:42:12,1765244533424,5627.14,0.9084,3.1901,0.741,0.7412,-0.027,1781400,1320535,0.7413,0.741,114833900,0.74,183772700,0.739,111497500,0.738,70767500,0.737,60323500,0.742,156886400,0.743,116886100,0.744,96026300,0.745,62967500,0.746,42986900,898,100,0
sh513130,09:42:14,1765244536409,5627.07,0.9084,0.4315,0.741,0.7412,-0.027,170200,126283,0.742,0.741,115205400,0.74,185035100,0.739,111537500,0.738,69797500,0.737,59327500,0.742,155736700,0.743,115984300,0.744,95026300,0.745,61967600,0.746,41986900,535,100,0
sh513130,09:42:17,1765244539429,5626.99,0.9084,1.8349,0.741,0.7412,-0.027,419500,311193,0.7418,0.741,115437700,0.74,185063300,0.739,112629100,0.738,69802500,0.737,59327500,0.742,156603500,0.743,115934300,0.744,95053000,0.745,61967600,0.746,41961900,919,100,0
sh513130,09:42:20,1765244543425,5625.54,0.9084,0.6772,0.742,0.7412,0.1079,2720000,2015541,0.741,0.741,97019800,0.74,185131200,0.739,113507000,0.738,85238900,0.737,59377500,0.742,158304400,0.743,115934300,0.744,95053000,0.745,61998700,0.746,41961900,898,100,0
sh513130,09:42:24,1765244546422,5626.94,0.9084,3.5225,0.742,0.7412,0.1079,21200,15729,0.7419,0.741,105279500,0.74,185895800,0.739,115249000,0.738,77338900,0.737,59377500,0.742,158494100,0.743,115956100,0.744,95081000,0.745,62096600,0.746,41961900,1897,100,0
sh513130,09:42:27,1765244549425,5625.8,0.9084,2.7536,0.742,0.7412,0.1079,105500,78257,0.7418,0.741,112718600,0.74,186097700,0.739,116110000,0.738,69973900,0.737,60260400,0.742,158668500,0.743,115967100,0.744,95281000,0.745,62096600,0.746,41961900,576,100,0
sh513130,09:42:29,1765244552423,5627.1,0.9084,1.4804,0.741,0.7412,-0.027,344400,255403,0.7416,0.741,125143900,0.74,186255000,0.739,116981000,0.738,69975000,0.737,60260400,0.742,139014900,0.743,118967100,0.744,95281000,0.745,76822600,0.746,41961900,1417,100,0
sh513130,09:42:32,1765244554425,5628.18,0.9084,3.2478,0.741,0.7412,-0.027,698100,517464,0.7412,0.741,127037300,0.74,186279200,0.739,117895500,0.738,69975000,0.737,60340400,0.742,138044600,0.743,118967100,0.744,95281000,0.745,76863900,0.746,41778600,1253,100,0
sh513130,09:42:36,1765244558438,5628.93,0.9084,2.4709,0.742,0.7412,0.1079,166000,123137,0.7418,0.741,127494600,0.74,186481800,0.739,118794100,0.738,69697700,0.737,60366300,0.742,138131400,0.743,118967100,0.744,95550800,0.745,76863900,0.746,41778600,933,100,0
sh513130,09:42:39,1765244560426,5629.66,0.9084,3.3441,0.741,0.7412,-0.027,170400,126386,0.7417,0.741,128027300,0.74,177707900,0.739,117065700,0.738,69751000,0.737,60418500,0.742,132079800,0.743,118967100,0.744,96540800,0.745,76863900,0.746,41778600,750,100,0
sh513130,09:42:41,1765244563435,5628.38,0.9084,3.8531,0.742,0.7412,0.1079,235300,174576,0.7419,0.741,127746200,0.74,178556000,0.739,117066700,0.738,69751000,0.737,60453800,0.742,156927800,0.743,115967100,0.744,96755100,0.745,61888900,0.746,41778600,934,100,0
sh513130,09:42:44,1765244566427,5626.73,0.9084,0.7352,0.742,0.7419,0.0135,75600,56042,0.7413,0.741,88540700,0.74,188238700,0.739,116886800,0.738,83531000,0.737,62577600,0.742,160131700,0.743,116026900,0.744,95765100,0.745,61938900,0.746,41778600,17,100,0
sh513130,09:42:47,1765244569439,5624.8,0.9084,1.7975,0.741,0.7419,-0.1213,64120500,47513294,0.741,0.74,189692100,0.739,120926800,0.738,83535000,0.737,60589600,0.736,22770500,0.741,65254700,0.742,157384600,0.743,104178100,0.744,90265700,0.745,46250200,884,100,0
sh513130,09:42:50,1765244572439,5623.68,0.9084,0.8367,0.741,0.7412,-0.027,604100,447638,0.741,0.74,174412500,0.739,121260100,0.738,88535000,0.737,61224300,0.736,38767300,0.741,71501000,0.742,153667500,0.743,102331700,0.744,84835300,0.745,46250200,12,100,0
sh513130,09:42:54,1765244576447,5623.82,0.9084,1.932,0.741,0.7412,-0.027,2037000,1509404,0.741,0.74,175491800,0.739,119231800,0.738,88965800,0.737,63226300,0.736,38767300,0.741,72604700,0.742,152828500,0.743,102831700,0.744,84831100,0.745,46251200,16,100,0
sh513130,09:42:56,1765244579443,5623.48,0.9084,1.5402,0.741,0.7412,-0.027,444000,328975,0.7409,0.74,178618700,0.739,119231800,0.738,90975800,0.737,61567700,0.736,22820500,0.741,73516100,0.742,134724200,0.743,102831700,0.744,85356200,0.745,46271200,302,100,0
sh513130,09:43:00,1765244581446,5623.97,0.9084,2.4133,0.741,0.7405,0.0675,1071400,793792,0.7409,0.74,179743800,0.739,119305700,0.738,90997700,0.737,61167700,0.736,22820500,0.741,52529500,0.742,130182100,0.743,106829300,0.744,86355600,0.745,46271200,144,100,0
sh513130,09:43:03,1765244585443,5622.95,0.9084,2.4628,0.741,0.7405,0.0675,1493600,1106550,0.7409,0.74,180706500,0.739,119327200,0.738,91002700,0.737,61167700,0.736,22820500,0.741,67783800,0.742,127575600,0.743,102881700,0.744,86342900,0.745,46271200,938,100,0
sh513130,09:43:05,1765244587460,5622.67,0.9084,2.7477,0.741,0.7405,0.0675,1479200,1095976,0.7409,0.74,166697500,0.739,123530000,0.738,93190100,0.737,67567900,0.736,42816500,0.741,88368600,0.742,127608100,0.743,102871700,0.744,71342900,0.745,46254300,950,100,0
sh513130,09:43:08,1765244591460,5623.69,0.9084,4.2757,0.741,0.7405,0.0675,270800,200581,0.7407,0.74,164148100,0.739,123573000,0.738,93201100,0.737,67567900,0.736,42816500,0.741,79132200,0.742,129780200,0.743,106870900,0.744,90462100,0.745,46264300,905,100,0
sh513130,09:43:11,1765244593462,5623.55,0.9084,3.9845,0.741,0.7405,0.0675,3742900,2773384,0.741,0.74,185501500,0.739,123600100,0.738,95203100,0.737,65167900,0.736,22820500,0.741,30002800,0.742,130959200,0.743,110798600,0.744,100951900,0.745,47304300,936,100,0
sh513130,09:43:15,1765244597475,5625.98,0.9084,5.1308,0.741,0.7405,0.0675,10516000,7792310,0.741,0.741,110069800,0.74,176607800,0.739,122613300,0.738,77826200,0.737,67501200,0.742,134280800,0.743,112728600,0.744,101774200,0.745,67500300,0.746,41865000,824,100,0
sh513130,09:43:17,1765244599462,5625.46,0.9084,4.284,0.741,0.7405,0.0675,250600,185703,0.741,0.741,109487100,0.74,177746100,0.739,122804900,0.738,79596400,0.737,65499200,0.742,131992700,0.743,112758600,0.744,101774200,0.745,67500300,0.746,41891900,847,100,0
sh513130,09:43:20,1765244603489,5624.63,0.9084,1.5137,0.741,0.7412,-0.027,2148300,1591915,0.741,0.741,64484900,0.74,179381400,0.739,122813600,0.738,92962900,0.737,67439200,0.742,135427700,0.743,112125900,0.744,101774200,0.745,67529600,0.746,41891900,560,100,0
sh513130,09:43:23,1765244605483,5625.09,0.9084,1.5379,0.741,0.7412,-0.027,1018900,755273,0.7413,0.741,34701100,0.74,188895300,0.739,123410800,0.738,95077900,0.737,65441000,0.742,136392000,0.743,112225900,0.744,101774200,0.745,67529600,0.746,42051200,386,100,0
sh513130,09:43:26,1765244608506,5625.13,0.9084,1.8854,0.742,0.7412,0.1079,271200,200960,0.741,0.741,64065200,0.74,181012100,0.739,123420800,0.738,95082900,0.737,65441000,0.742,138366300,0.743,112225900,0.744,102774200,0.745,67529600,0.746,42051200,66,100,0
sh513130,09:43:29,1765244612482,5625.33,0.9084,2.3125,0.742,0.7412,0.1079,59800,44320,0.7411,0.741,64495500,0.74,182184700,0.739,124560200,0.738,95112900,0.737,65518400,0.742,143317000,0.743,112440900,0.744,102774600,0.745,67553000,0.746,42151200,44,100,0
sh513130,09:43:32,1765244615482,5626.14,0.9084,3.3305,0.741,0.7412,-0.027,127600,94572,0.7412,0.741,84310200,0.74,183164000,0.739,123650200,0.738,75833700,0.737,65518400,0.742,145379800,0.743,112440900,0.744,103408300,0.745,67553400,0.746,42211200,979,100,0
sh513130,09:43:35,1765244617482,5625.55,0.9084,3.1201,0.741,0.7412,-0.027,70300,52110,0.7413,0.741,76578300,0.74,183965400,0.739,123652200,0.738,88553700,0.737,65671400,0.742,146358600,0.743,112440900,0.744,103408300,0.745,67773900,0.746,42211600,1006,100,0
sh513130,09:43:39,1765244621496,5625.61,0.9084,1.4286,0.741,0.7412,-0.027,44700,33157,0.7418,0.741,75232300,0.74,185027800,0.739,123679300,0.738,90637300,0.737,65676400,0.742,147536300,0.743,112440900,0.744,103408300,0.745,67786900,0.746,42211600,974,100,0
sh513130,09:43:42,1765244624488,5625.56,0.9084,1.1773,0.741,0.7412,-0.027,135500,100537,0.742,0.741,71471100,0.74,186428600,0.739,123698700,0.738,90589700,0.737,65671400,0.742,150464200,0.743,110442300,0.744,103408300,0.745,67786900,0.746,42211600,31,100,0
sh513130,09:43:44,1765244627498,5625.86,0.9084,1.2968,0.742,0.7412,0.1079,225500,167263,0.7417,0.741,74365400,0.74,188237800,0.739,123804700,0.738,88590700,0.737,65684900,0.742,152474400,0.743,110442300,0.744,103408300,0.745,67786900,0.746,44210200,712,100,0
sh513130,09:43:47,1765244630500,5625.74,0.9084,3.1067,0.741,0.7412,-0.027,189300,140301,0.7412,0.741,78317400,0.74,190143400,0.739,123833600,0.738,90590700,0.737,65736700,0.742,154329800,0.743,110442300,0.744,103408300,0.745,67882900,0.746,44210200,1541,100,0
sh513130,09:43:50,1765244632505,5626.47,0.9084,2.1986,0.741,0.7412,-0.027,144600,107149,0.741,0.741,79667600,0.74,191854500,0.739,123794100,0.738,90621500,0.737,65776800,0.742,156268700,0.743,110442300,0.744,103448700,0.745,67882900,0.746,44210200,56,100,0
sh513130,09:43:53,1765244635507,5626.28,0.9084,3.0599,0.742,0.7412,0.1079,68900,51124,0.742,0.741,83081600,0.74,192370500,0.739,123824100,0.738,88637500,0.737,66776800,0.742,158212100,0.743,110942300,0.744,103948700,0.745,67901800,0.746,44210200,47,100,0
sh513130,09:43:56,1765244638504,5623.95,0.9084,3.3839,0.742,0.7412,0.1079,108800,80698,0.7417,0.741,27724500,0.74,201749300,0.739,123895100,0.738,90637500,0.737,66826800,0.742,159058100,0.743,110934300,0.744,103963700,0.745,67892000,0.746,44210200,80,100,0
sh513130,09:44:00,1765244642527,5622.53,0.9084,0.7184,0.741,0.7412,-0.027,26747500,19819898,0.741,0.74,169766000,0.739,124952900,0.738,89025500,0.737,68826800,0.736,43156200,0.741,87975200,0.742,145280000,0.743,105936700,0.744,78533900,0.745,47896000,69,100,0
sh513130,09:44:03,1765244644524,5623.24,0.9084,3.0842,0.741,0.7412,-0.027,5374000,3982134,0.741,0.74,171165600,0.739,124942900,0.738,96057700,0.737,66969900,0.736,43156200,0.741,85685800,0.742,146456100,0.743,104901800,0.744,88153900,0.745,47999200,21,100,0
sh513130,09:44:05,1765244646517,5622.75,0.9084,1.7825,0.741,0.7405,0.0675,689100,510515,0.7408,0.74,171169000,0.739,125844900,0.738,96148600,0.737,66969900,0.736,43156200,0.741,82012900,0.742,145778300,0.743,104931800,0.744,88153900,0.745,47999200,2,100,0
sh513130,09:44:08,1765244651527,5621.65,0.9084,2.1614,0.741,0.7405,0.0675,286300,212148,0.741,0.74,192102300,0.739,125859500,0.738,96158600,0.737,66970800,0.736,23160200,0.741,75848400,0.742,143659000,0.743,105131800,0.744,88153900,0.745,47989200,905,100,0
sh513130,09:44:11,1765244653529,5621.54,0.9084,1.3646,0.741,0.7405,0.0675,1926500,1427286,0.7409,0.74,172937600,0.739,125838500,0.738,97178600,0.737,66970800,0.736,43176200,0.741,75281300,0.742,143653400,0.743,106131800,0.744,93221100,0.745,47989200,725,100,0
sh513130,09:44:15,1765244656527,5620.43,0.9084,3.1955,0.741,0.7412,-0.027,867700,642966,0.741,0.74,171897800,0.739,125748500,0.738,95211300,0.737,66975800,0.736,45176200,0.741,96544800,0.742,142742600,0.743,105141800,0.744,78221100,0.745,47989200,54,100,0
sh513130,09:44:17,1765244659540,5620.07,0.9084,4.4191,0.741,0.7412,-0.027,387700,287269,0.741,0.74,172534100,0.739,125921600,0.738,97213300,0.737,66975800,0.736,43176200,0.741,101989900,0.742,141501800,0.743,105141800,0.744,73221200,0.745,48014600,232,100,0
sh513130,09:44:21,1765244663538,5620.92,0.9084,3.375,0.741,0.7405,0.0675,1035400,767091,0.7409,0.74,172739500,0.739,127106800,0.738,97213300,0.737,66950800,0.736,43312100,0.741,87582300,0.742,138430700,0.743,105141800,0.744,88262200,0.745,48557600,984,100,0
sh513130,09:44:23,1765244665538,5620.72,0.9084,3.6582,0.741,0.7405,0.0675,782500,579832,0.741,0.74,172790700,0.739,127974100,0.738,97371700,0.737,66950800,0.736,43312400,0.741,89374100,0.742,136580100,0.743,105141800,0.744,87628500,0.745,48557600,1019,100,0
sh513130,09:44:27,1765244669538,5620.58,0.9084,5.0833,0.741,0.7405,0.0675,59300,43942,0.741,0.74,172924300,0.739,128172900,0.738,98025400,0.737,66953800,0.736,43313400,0.741,81091100,0.742,135863200,0.743,105141800,0.744,87628500,0.745,48557600,998,100,0
sh513130,09:44:29,1765244671544,5620.44,0.9084,4.2017,0.74,0.7405,-0.0675,248400,184024,0.7408,0.74,173042900,0.739,129034600,0.738,96061900,0.737,66970300,0.736,45320400,0.741,102635500,0.742,134179000,0.743,105141800,0.744,72628500,0.745,48562600,992,100,0
sh513130,09:44:33,1765244675554,5621.32,0.9084,2.9878,0.74,0.7405,-0.0675,593000,438913,0.7402,0.74,172751900,0.739,130052500,0.738,96062900,0.737,68970300,0.736,43320400,0.741,95732000,0.742,133195900,0.743,105191800,0.744,87628500,0.745,48562600,1017,100,0
sh513130,09:44:36,1765244677560,5620.5,0.9084,3.71,0.74,0.7405,-0.0675,233100,172581,0.7404,0.74,175390700,0.739,128318900,0.738,98074900,0.737,66980300,0.736,43326400,0.741,47986900,0.742,133195900,0.743,109221000,0.744,96627900,0.745,48562600,904,100,0
sh513130,09:44:38,1765244681558,5621.19,0.9084,3.9105,0.741,0.7412,-0.027,186800,138365,0.7407,0.74,196104700,0.739,128288500,0.738,96171800,0.737,69016300,0.736,23386400,0.741,58667400,0.742,132888400,0.743,109221000,0.744,93624900,0.745,49196300,572,100,0
sh513130,09:44:41,1765244683570,5620.98,0.9084,2.7081,0.741,0.7412,-0.027,199200,147530,0.7406,0.74,177319300,0.739,128296300,0.738,98338300,0.737,67016300,0.736,43388200,0.741,86422000,0.742,132971600,0.743,105223400,0.744,92769900,0.745,49246300,417,100,0
sh513130,09:44:44,1765244686574,5621.25,0.9084,2.1614,0.74,0.7412,-0.1619,232400,171998,0.7401,0.74,178484500,0.739,128151000,0.738,98363400,0.737,67134300,0.736,43393200,0.741,100565500,0.742,132971500,0.743,105223400,0.744,92872000,0.745,49123100,127,100,0
sh513130,09:44:47,1765244690577,5621.08,0.9084,1.863,0.74,0.7412,-0.1619,113500,84030,0.7404,0.74,177926700,0.739,128101000,0.738,98624000,0.737,67337300,0.736,43394200,0.741,88899300,0.742,132941300,0.743,105223400,0.744,92952000,0.745,49123100,69,100,0
sh513130,09:44:50,1765244692576,5620.62,0.9084,0.8529,0.74,0.7405,-0.0675,44000,32568,0.7402,0.74,179202900,0.739,128548000,0.738,98721500,0.737,67317300,0.736,43394200,0.741,90732200,0.742,133094800,0.743,105223400,0.744,93951000,0.745,49113100,45,100,0
sh513130,09:44:53,1765244695572,5620.56,0.9084,2.9573,0.741,0.7412,-0.027,89100,65967,0.7404,0.74,200302000,0.739,128541300,0.738,96738500,0.737,69427200,0.736,23422000,0.741,87022900,0.742,133095800,0.743,109304200,0.744,94950400,0.745,49486500,1060,100,0
sh513130,09:44:56,1765244699585,5621.09,0.9084,3.3449,0.741,0.7412,-0.027,19400,14359,0.7402,0.74,202392300,0.739,128428400,0.738,97385800,0.737,67421200,0.736,23423000,0.741,57635900,0.742,133095800,0.743,109304200,0.744,104512400,0.745,49486500,1066,100,0
sh513130,09:44:59,1765244702585,5620.77,0.9084,3.9033,0.74,0.7405,-0.0675,374600,277548,0.7409,0.74,183567500,0.739,128447000,0.738,99385800,0.737,67441200,0.736,43493300,0.741,75647400,0.742,132995800,0.743,105340400,0.744,93990300,0.745,49266000,76,100,0
sh513130,09:45:03,1765244706588,5620.54,0.9084,3.7109,0.741,0.7405,0.0675,1528400,1132446,0.7409,0.74,175531500,0.739,128489200,0.738,97328900,0.737,69445100,0.736,43578700,0.741,127234300,0.742,129738700,0.743,105382900,0.744,79006400,0.745,49166000,52,100,0
sh513130,09:45:06,1765244707584,5620.54,0.9084,2.5442,0.741,0.7412,-0.027,221800,164259,0.7406,0.74,177374400,0.739,129423400,0.738,97362100,0.737,69475100,0.736,43578700,0.741,109477000,0.742,132623800,0.743,105505500,0.744,94006400,0.745,49020300,576,100,0
sh513130,09:45:08,1765244709601,5621.73,0.9084,4.5893,0.74,0.7405,-0.0675,1047100,775869,0.741,0.74,157728100,0.739,131076700,0.738,99373100,0.737,82855100,0.736,43582900,0.741,129686100,0.742,129466300,0.743,105605500,0.744,79006400,0.745,49020300,423,100,0
sh513130,09:45:08,1765244712603,5619.09,0.9084,5.0788,0.74,0.7405,-0.0675,1047100,775869,0.741,0.74,157728100,0.739,131076700,0.738,99373100,0.737,82855100,0.736,43582900,0.741,129686100,0.742,129466300,0.743,105605500,0.744,79006400,0.745,49020300,64,100,0
sh513130,09:45:11,1765244713587,5619.09,0.9084,3.8945,0.741,0.7405,0.0675,66000,48852,0.7402,0.74,130016300,0.739,135029900,0.738,109487500,0.737,85256000,0.736,43582900,0.741,134975100,0.742,129510300,0.743,105605500,0.744,74006400,0.745,49020300,53,100,0
sh513130,09:45:14,1765244716595,5619.23,0.9084,4.1036,0.74,0.7398,0.027,162100,119989,0.7402,0.74,142384800,0.739,142859700,0.738,112620900,0.737,83256000,0.736,43582900,0.741,136901100,0.742,129623600,0.743,105605500,0.744,73996400,0.745,48020300,85,100,0
sh513130,09:45:17,1765244719600,5618.28,0.9084,2.3124,0.74,0.7398,0.027,845900,626545,0.7407,0.74,168749300,0.739,135412000,0.738,110628900,0.737,75856000,0.736,43850400,0.741,141723600,0.742,129560800,0.743,105605800,0.744,72449700,0.745,47989200,1099,100,0
sh513130,09:45:20,1765244721597,5618.98,0.9084,1.6247,0.741,0.7398,0.1622,15400,11412,0.741,0.74,175851200,0.739,136516700,0.738,110683900,0.737,69489600,0.736,43915900,0.741,142638000,0.742,129550800,0.743,105615800,0.744,72449700,0.745,47989200,1048,100,0
sh513130,09:45:24,1765244725601,5619.35,0.9084,3.7298,0.741,0.7398,0.1622,495300,366889,0.7407,0.74,178978300,0.739,137432500,0.738,109809500,0.737,69530800,0.736,44020800,0.741,124184500,0.742,132072500,0.743,105615800,0.744,87449700,0.745,47989200,1076,100,0
sh513130,09:45:26,1765244727603,5620.01,0.9084,2.7921,0.74,0.7398,0.027,298100,220892,0.741,0.74,178629500,0.739,138740900,0.738,110002400,0.737,67530800,0.736,46020800,0.741,113787200,0.742,132299700,0.743,105611900,0.744,87449700,0.745,48015200,1066,100,0
sh513130,09:45:29,1765244731602,5621.76,0.9084,2.6808,0.741,0.7405,0.0675,143800,106546,0.7409,0.74,198890000,0.739,131952900,0.738,110127400,0.737,69531800,0.736,24025800,0.741,79017100,0.742,132281000,0.743,109552800,0.744,91449100,0.745,48015200,750,100,0
sh513130,09:45:32,1765244734617,5622.73,0.9084,4.785,0.741,0.7405,0.0675,30731400,22771968,0.741,0.741,52723000,0.74,196001900,0.739,131047200,0.738,112238900,0.737,67577400,0.742,134243400,0.743,116614300,0.744,103379500,0.745,67941200,0.746,45877000,91,100,0
sh513130,09:45:32,1765244736616,5624.0,0.9084,4.2321,0.741,0.7405,0.0675,30731400,22771968,0.741,0.741,52723000,0.74,196001900,0.739,131047200,0.738,112238900,0.737,67577400,0.742,134243400,0.743,116614300,0.744,103379500,0.745,67941200,0.746,45877000,90,100,0
sh513130,09:45:35,1765244737616,5624.0,0.9084,4.0309,0.741,0.7405,0.0675,45800,33938,0.741,0.741,56379500,0.74,198109000,0.739,131226800,0.738,111900600,0.737,67576200,0.742,136329400,0.743,117389400,0.744,103344800,0.745,67941200,0.746,45877000,257,100,0
sh513130,09:45:38,1765244740622,5623.52,0.9084,3.1682,0.741,0.7405,0.0675,196000,145236,0.741,0.741,56836200,0.74,199420200,0.739,131312000,0.738,111963000,0.737,67576800,0.742,136308800,0.743,117492800,0.744,103344800,0.745,67941200,0.746,45877000,95,100,0
sh513130,09:45:41,1765244743634,5624.31,0.9084,2.8511,0.742,0.7405,0.2026,196000,145297,0.7413,0.741,53979000,0.74,200910200,0.739,131323600,0.738,111928200,0.737,67666800,0.742,136098900,0.743,117592800,0.744,103344800,0.745,68325600,0.746,45877000,1108,100,0
sh513130,09:45:45,1765244747634,5625.34,0.9084,3.6125,0.741,0.7405,0.0675,483500,358287,0.741,0.741,64377400,0.74,202581800,0.739,131367200,0.738,96830200,0.737,67696800,0.742,136825800,0.743,117592900,0.744,103344800,0.745,68425600,0.746,45877000,1137,100,0
sh513130,09:45:48,1765244748630,5625.76,0.9084,4.0633,0.742,0.7405,0.2026,43000,31897,0.7418,0.741,78753800,0.74,204153700,0.739,131600000,0.738,89791100,0.737,70706800,0.742,137868600,0.743,113592900,0.744,103344800,0.745,68425600,0.746,45877000,133,100,0
sh513130,09:45:50,1765244753637,5624.99,0.9084,3.7945,0.742,0.7405,0.2026,521900,386748,0.741,0.741,65985400,0.74,205355600,0.739,131521300,0.738,103291100,0.737,70707800,0.742,141900800,0.743,113627600,0.744,103344800,0.745,67425600,0.746,45877000,1106,100,0
sh513130,09:45:53,1765244756637,5625.77,0.9084,1.1888,0.742,0.7412,0.1079,1012200,750052,0.741,0.741,71882100,0.74,206392100,0.739,131554200,0.738,98025100,0.737,70707800,0.742,143154800,0.743,113627600,0.744,103344800,0.745,67425600,0.746,45877000,144,100,0
sh513130,09:45:56,1765244758655,5625.25,0.9084,3.817,0.742,0.7412,0.1079,394200,292456,0.7419,0.741,64935800,0.74,207420900,0.739,131057200,0.738,107595400,0.737,68707800,0.742,139658000,0.743,113627600,0.744,103344800,0.745,67475600,0.746,45877000,155,100,0
sh513130,09:45:59,1765244760655,5625.87,0.9084,3.5231,0.741,0.7412,-0.027,336500,249556,0.7416,0.741,67284100,0.74,208924000,0.739,131946100,0.738,105615400,0.737,68707800,0.742,140272300,0.743,117627900,0.744,103350800,0.745,67894100,0.746,45877000,160,100,0
sh513130,09:46:02,1765244764654,5624.86,0.9084,3.6729,0.742,0.7412,0.1079,1203300,891648,0.741,0.741,84035300,0.74,206368900,0.739,131946100,0.738,92249400,0.737,68722800,0.742,140111500,0.743,117669100,0.744,103350800,0.745,68044100,0.746,45877000,154,100,0
sh513130,09:46:05,1765244767649,5625.85,0.9084,3.8319,0.742,0.7412,0.1079,878200,650782,0.741,0.741,85608700,0.74,208153000,0.739,132093500,0.738,92260700,0.737,68737800,0.742,140848500,0.743,117669100,0.744,103400800,0.745,68044100,0.746,45877000,1179,100,0
sh513130,09:46:08,1765244770659,5625.88,0.9084,3.653,0.742,0.7412,0.1079,340500,252463,0.7414,0.741,68122500,0.74,213191000,0.739,131993500,0.738,105609900,0.737,68737800,0.742,141738600,0.743,117669100,0.744,103400800,0.745,68044100,0.746,45877000,180,100,0
sh513130,09:46:11,1765244773670,5625.2,0.9084,7.2516,0.742,0.7412,0.1079,111600,82759,0.7416,0.741,86331200,0.74,214501900,0.739,132516500,0.738,92171700,0.737,68747800,0.742,141731400,0.743,118169100,0.744,104436800,0.745,67533800,0.746,45877000,1153,100,0
sh513130,09:46:14,1765244776671,5626.44,0.9084,6.6044,0.742,0.7412,0.1079,277700,206006,0.7418,0.741,93026200,0.74,211339600,0.739,131512300,0.738,92206500,0.737,68747900,0.742,142360100,0.743,118169100,0.744,104360600,0.745,67533800,0.746,45898000,170,100,0
sh513130,09:46:17,1765244779666,5626.63,0.9084,5.275,0.742,0.7412,0.1079,283800,210421,0.7414,0.741,80578000,0.74,216456200,0.739,131402500,0.738,100226100,0.737,68817900,0.742,142415400,0.743,117229100,0.744,104360600,0.745,67533800,0.746,45898000,1123,100,0
sh513130,09:46:21,1765244783682,5626.82,0.9084,2.4658,0.742,0.7412,0.1079,1273500,944734,0.7418,0.741,80368600,0.74,217888600,0.739,131408400,0.738,100226100,0.737,68817900,0.742,142127800,0.743,117229100,0.744,104360600,0.745,67533800,0.746,45898000,811,100,0
sh513130,09:46:23,1765244785682,5626.74,0.9084,1.9543,0.742,0.7412,0.1079,750900,556483,0.7411,0.741,73514900,0.74,219634400,0.739,131408400,0.738,107607100,0.737,68817900,0.742,142492000,0.743,117229100,0.744,104360600,0.745,67533800,0.746,45898000,651,100,0
sh513130,09:46:27,1765244788692,5626.84,0.9084,3.1659,0.741,0.7412,-0.027,1425800,1057923,0.742,0.741,74821400,0.74,220684800,0.739,132577400,0.738,105580000,0.737,68750400,0.742,142169900,0.743,117282300,0.744,104830300,0.745,67595400,0.746,45909200,161,100,0
sh513130,09:46:29,1765244791693,5627.37,0.9084,4.58,0.742,0.7412,0.1079,72900,54092,0.742,0.741,80635800,0.74,222398700,0.739,132578100,0.738,100266300,0.737,68720400,0.742,142942000,0.743,117282300,0.744,104792700,0.745,67595400,0.746,45909200,171,100,0
sh513130,09:46:32,1765244794690,5628.03,0.9084,6.928,0.742,0.7412,0.1079,70400,52174,0.7411,0.741,95620200,0.74,218509200,0.739,131618100,0.738,92234800,0.737,68720400,0.742,143416400,0.743,117310000,0.744,104792700,0.745,67565600,0.746,45909200,66,100,0
sh513130,09:46:35,1765244797683,5628.56,0.9084,7.2829,0.742,0.7412,0.1079,46900,34779,0.7416,0.741,96620100,0.74,218431600,0.739,124423300,0.738,92321800,0.737,68701400,0.742,112804000,0.743,120240000,0.744,104792700,0.745,82950200,0.746,45909200,1160,100,0
sh513130,09:46:38,1765244800699,5628.23,0.9084,4.6462,0.742,0.7412,0.1079,309800,229872,0.742,0.741,97066700,0.74,208271000,0.739,124426300,0.738,92346800,0.737,68701400,0.742,138063400,0.743,117115500,0.744,105807600,0.745,67950200,0.746,45909200,227,100,0
sh513130,09:46:42,1765244802766,5626.36,0.9084,4.4122,0.742,0.7412,0.1079,1160400,859969,0.7411,0.741,41277600,0.74,214004500,0.739,124466900,0.738,112731800,0.737,68802700,0.742,144586500,0.743,117117500,0.744,105809600,0.745,67552200,0.746,45909200,264,100,0
sh513130,09:46:45,1765244806711,5627.29,0.9084,2.1948,0.742,0.7412,0.1079,294700,218666,0.742,0.741,59811900,0.74,214897800,0.739,125479900,0.738,112511000,0.737,68814900,0.742,144410700,0.743,117117500,0.744,105809600,0.745,67552200,0.746,45909200,76,100,0
sh513130,09:46:47,1765244808799,5627.15,0.9084,1.9573,0.742,0.7412,0.1079,545900,404691,0.7413,0.741,66642700,0.74,215723200,0.739,125479900,0.738,105511000,0.737,68824900,0.742,144167700,0.743,117267500,0.744,105914500,0.745,67652200,0.746,45909200,1,100,0
sh513130,09:46:47,1765244810768,5627.14,0.9084,3.4134,0.742,0.7412,0.1079,545900,404691,0.7413,0.741,66642700,0.74,215723200,0.739,125479900,0.738,105511000,0.737,68824900,0.742,144167700,0.743,117267500,0.744,105914500,0.745,67652200,0.746,45909200,316,100,0
sh513130,09:46:50,1765244812764,5627.28,0.9084,2.608,0.742,0.7412,0.1079,1104200,819294,0.742,0.741,83967400,0.74,215945600,0.739,125482900,0.738,92144600,0.737,69423700,0.742,143140000,0.743,117757100,0.744,105914500,0.745,67652200,0.746,45920700,298,100,0
sh513130,09:46:53,1765244814715,5627.04,0.9084,1.8228,0.742,0.7412,0.1079,1122200,832672,0.742,0.741,89115400,0.74,213012000,0.739,124492900,0.738,92152900,0.737,69461100,0.742,142054700,0.743,117757100,0.744,105934500,0.745,67822200,0.746,45920700,266,100,0
sh513130,09:46:56,1765244818734,5627.44,0.9084,1.2327,0.742,0.7412,0.1079,661300,490685,0.742,0.741,77239500,0.74,217705200,0.739,124503500,0.738,100165900,0.737,69461100,0.742,141406700,0.743,117619400,0.744,105934500,0.745,67822200,0.746,45968700,253,100,0
sh513130,09:47:00,1765244821732,5627.45,0.9084,2.4755,0.741,0.7412,-0.027,582200,431952,0.7419,0.741,73322900,0.74,218728800,0.739,124503500,0.738,105595900,0.737,69474600,0.742,141061100,0.743,117619400,0.744,105934500,0.745,67822200,0.746,45968700,1266,100,0
sh513130,09:47:03,1765244824735,5626.92,0.9084,1.9934,0.741,0.7412,-0.027,140800,104340,0.7411,0.741,62481100,0.74,219858800,0.739,125493500,0.738,112575900,0.737,69474600,0.742,141006800,0.743,117626400,0.744,105934500,0.745,67800900,0.746,45968700,253,100,0
sh513130,09:47:06,1765244827733,5627.99,0.9084,2.7908,0.741,0.7412,-0.027,1054200,781202,0.741,0.741,88567500,0.74,216693700,0.739,124503500,0.738,97155900,0.737,69477600,0.742,140955300,0.743,117680500,0.744,105934500,0.745,67800900,0.746,46068700,1241,100,0
sh513130,09:47:08,1765244830751,5627.56,0.9084,2.1276,0.741,0.7412,-0.027,103500,76778,0.7418,0.741,93844800,0.74,219104400,0.739,124416300,0.738,92255200,0.737,69482700,0.742,140906400,0.743,117684400,0.744,105944900,0.745,67800900,0.746,46068700,209,100,0
sh513130,09:47:11,1765244833773,5628.4,0.9084,6.2927,0.742,0.7412,0.1079,74100,54969,0.7418,0.741,94305700,0.74,220192100,0.739,124517800,0.738,92267700,0.737,69487700,0.742,140886400,0.743,117673200,0.744,105944900,0.745,67796300,0.746,45827900,1221,100,0
sh513130,09:47:14,1765244836761,5629.4,0.9084,4.7038,0.742,0.7412,0.1079,58600,43445,0.7414,0.741,95456900,0.74,221013000,0.739,124453400,0.738,92267700,0.737,69691200,0.742,141890700,0.743,117673200,0.744,105944900,0.745,67816300,0.746,45827900,294,100,0
sh513130,09:47:17,1765244839749,5629.36,0.9084,2.5407,0.742,0.7412,0.1079,389700,289150,0.742,0.741,95672900,0.74,221286200,0.739,125277300,0.738,92267700,0.737,69691200,0.742,142463400,0.743,117673200,0.744,105977700,0.745,67816300,0.746,45877900,720,100,0
sh513130,09:47:20,1765244842767,5629.66,0.9084,2.2646,0.742,0.7412,0.1079,500400,371278,0.742,0.741,95693900,0.74,211060200,0.739,124409100,0.738,92279600,0.737,69763200,0.742,127491700,0.743,117673200,0.744,105977700,0.745,83202900,0.746,45877900,319,100,0
sh513130,09:47:23,1765244845745,5629.41,0.9084,1.587,0.742,0.7412,0.1079,138300,102564,0.7416,0.741,97418300,0.74,212052600,0.739,124409100,0.738,92252700,0.737,69763200,0.742,142349400,0.743,117659400,0.744,105977700,0.745,68205700,0.746,45852900,211,100,0
sh513130,09:47:26,1765244848768,5629.5,0.9084,2.2705,0.742,0.7412,0.1079,370600,274949,0.7419,0.741,97915400,0.74,213014900,0.739,124472100,0.738,92252700,0.737,69768200,0.742,142081400,0.743,117659400,0.744,106477700,0.745,68205700,0.746,45852900,310,100,0
sh513130,09:47:29,1765244851760,5630.03,0.9084,1.3391,0.742,0.7412,0.1079,165300,122583,0.7416,0.741,98367600,0.74,214736400,0.739,124350000,0.738,92257900,0.737,69768200,0.742,143545200,0.743,117719400,0.744,106446700,0.745,68205700,0.746,45852900,1263,100,0
sh513130,09:47:33,1765244854766,5630.64,0.9084,3.1266,0.742,0.7412,0.1079,240200,178228,0.742,0.741,102463800,0.74,211503100,0.739,124350000,0.738,92261900,0.737,69768200,0.742,124883200,0.743,120719400,0.744,107436700,0.745,83205700,0.746,45871300,267,100,0
sh513130,09:47:36,1765244857774,5629.9,0.9084,4.8186,0.742,0.7412,0.1079,175100,129844,0.7415,0.741,103142300,0.74,211511800,0.739,124235600,0.738,92282400,0.737,69768200,0.742,143338300,0.743,117732300,0.744,107436700,0.745,68205700,0.746,45871300,1282,100,0
sh513130,09:47:38,1765244860781,5628.34,0.9084,3.5201,0.742,0.7412,0.1079,989700,734352,0.742,0.741,89831100,0.74,215222700,0.739,124292000,0.738,100063600,0.737,69768200,0.742,143913200,0.743,118588600,0.744,106446700,0.745,67805700,0.746,45871300,117,100,0
sh513130,09:47:41,1765244864781,5626.78,0.9084,6.0604,0.742,0.7412,0.1079,274500,203668,0.742,0.741,83077300,0.74,216147600,0.739,124313700,0.738,108448500,0.737,69778200,0.742,143989600,0.743,119341700,0.744,106546700,0.745,67826000,0.746,45871300,306,100,0
sh513130,09:47:45,1765244866775,5626.6,0.9084,3.5365,0.741,0.7412,-0.027,107900,79983,0.7413,0.741,82007800,0.74,216977500,0.739,125317200,0.738,108444500,0.737,69768200,0.742,143950400,0.743,120198000,0.744,106880400,0.745,68668100,0.746,45871300,320,100,0
sh513130,09:47:47,1765244870783,5626.88,0.9084,3.3002,0.741,0.7412,-0.027,134200,99575,0.742,0.741,89499400,0.74,217224600,0.739,125364100,0.738,101064500,0.737,69848200,0.742,144038100,0.743,121054300,0.744,106880400,0.745,68818100,0.746,45871300,323,100,0
sh513130,09:47:50,1765244872781,5627.17,0.9084,2.7425,0.742,0.7412,0.1079,23600,17511,0.742,0.741,102507600,0.74,214292300,0.739,125364100,0.738,94066500,0.737,69848200,0.742,144012100,0.743,121910600,0.744,106880400,0.745,69094200,0.746,45871300,299,100,0
sh513130,09:47:53,1765244875802,5626.99,0.9084,2.1104,0.742,0.7412,0.1079,144100,106868,0.7416,0.741,103108300,0.74,215614400,0.739,125366100,0.738,94066500,0.737,69848200,0.742,143922300,0.743,122766900,0.744,106880400,0.745,69310700,0.746,45871300,6,100,0
sh513130,09:47:56,1765244878799,5627.57,0.9084,4.2008,0.742,0.7412,0.1079,195200,144810,0.7419,0.741,105794200,0.74,216552000,0.739,124376100,0.738,93031400,0.737,69858600,0.742,143805000,0.743,122843300,0.744,106880400,0.745,69310700,0.746,45871300,320,100,0
sh513130,09:47:59,1765244881815,5627.65,0.9084,3.015,0.742,0.7412,0.1079,240600,178520,0.742,0.741,107063200,0.74,217583800,0.739,124385100,0.738,93044900,0.737,70636300,0.742,143320400,0.743,122857900,0.744,106606700,0.745,69360700,0.746,45871300,1230,100,0
sh513130,09:48:02,1765244884815,5628.25,0.9084,3.4652,0.742,0.7412,0.1079,61600,45707,0.742,0.741,106441400,0.74,218346300,0.739,124385500,0.738,93046400,0.737,70636300,0.742,146234200,0.743,123814200,0.744,106606700,0.745,69817300,0.746,45871300,284,100,0
sh513130,09:48:05,1765244887806,5626.89,0.9084,2.5916,0.742,0.7412,0.1079,426600,316518,0.742,0.741,86632600,0.74,223190400,0.739,126427300,0.738,108426400,0.737,70636300,0.742,146376200,0.743,124696500,0.744,106626700,0.745,69424900,0.746,45871300,1197,100,0
sh513130,09:48:08,1765244890816,5627.02,0.9084,4.039,0.742,0.7412,0.1079,836500,619908,0.7411,0.741,62510400,0.74,224317700,0.739,126427300,0.738,113426400,0.737,70632500,0.742,146374800,0.743,125194100,0.744,106626700,0.745,69424900,0.746,46027800,349,100,0
sh513130,09:48:11,1765244892819,5623.65,0.9084,5.1706,0.741,0.7412,-0.027,47236100,35002168,0.741,0.74,204201500,0.739,127260700,0.738,113913500,0.737,70630400,0.736,44810800,0.741,120706700,0.742,145793800,0.743,113346100,0.744,86127300,0.745,49728900,135,100,0
sh513130,09:48:11,1765244894833,5621.73,0.9084,3.4373,0.741,0.7412,-0.027,47236100,35002168,0.741,0.74,204201500,0.739,127260700,0.738,113913500,0.737,70630400,0.736,44810800,0.741,120706700,0.742,145793800,0.743,113346100,0.744,86127300,0.745,49728900,335,100,0
sh513130,09:48:15,1765244897818,5622.46,0.9084,3.4272,0.741,0.7412,-0.027,987300,731589,0.741,0.74,186997500,0.739,127262400,0.738,111913500,0.737,72700400,0.736,44810800,0.741,116681000,0.742,135059800,0.743,108368400,0.744,90696900,0.745,49743800,381,100,0
sh513130,09:48:17,1765244899823,5621.77,0.9084,3.4411,0.741,0.7412,-0.027,133000,98553,0.741,0.74,187455700,0.739,128128400,0.738,113913500,0.737,70700500,0.736,44810800,0.741,125617400,0.742,131240000,0.743,108368400,0.744,75668900,0.745,49964300,220,100,0
sh513130,09:48:20,1765244902835,5621.08,0.9084,3.7209,0.741,0.7405,0.0675,1678000,1242398,0.7404,0.74,181980000,0.739,128992200,0.738,113913500,0.737,75080500,0.736,44810800,0.741,124889600,0.742,131251000,0.743,112368400,0.744,75524900,0.745,50283000,322,100,0
sh513130,09:48:23,1765244904831,5621.6,0.9084,3.5093,0.741,0.7405,0.0675,208600,154494,0.7406,0.74,186552900,0.739,130157000,0.738,112213500,0.737,72700500,0.736,44810800,0.741,125210800,0.742,131552100,0.743,108678400,0.744,75569200,0.745,50306000,328,100,0
sh513130,09:48:27,1765244907834,5621.26,0.9084,3.4222,0.741,0.7405,0.0675,200500,148568,0.741,0.74,186598000,0.739,131184600,0.738,112163900,0.737,72700500,0.736,44810800,0.741,127151600,0.742,135734600,0.743,108717400,0.744,75569200,0.745,50306000,1354,100,0
sh513130,09:48:27,1765244909837,5620.92,0.9084,3.2134,0.741,0.7405,0.0675,200500,148568,0.741,0.74,186598000,0.739,131184600,0.738,112163900,0.737,72700500,0.736,44810800,0.741,127151600,0.742,135734600,0.743,108717400,0.744,75569200,0.745,50306000,1289,100,0
sh513130,09:48:30,1765244911837,5621.0,0.9084,2.9652,0.741,0.7405,0.0675,113100,83776,0.7407,0.74,185995900,0.739,132123200,0.738,114187900,0.737,70700500,0.736,44810800,0.741,127349900,0.742,132107100,0.743,108754800,0.744,75569200,0.745,50206000,1396,100,0
sh513130,09:48:32,1765244914846,5620.45,0.9084,3.5757,0.741,0.7405,0.0675,32400,24008,0.741,0.74,186066500,0.739,133218000,0.738,112187900,0.737,72715100,0.736,44810800,0.741,128227000,0.742,132228500,0.743,108754800,0.744,75569200,0.745,50184200,122,100,0
sh513130,09:48:35,1765244918858,5620.06,0.9084,3.6322,0.741,0.7405,0.0675,994000,736554,0.741,0.74,187298800,0.739,134079000,0.738,112168500,0.737,72665100,0.736,44811300,0.741,130312500,0.742,136153700,0.743,108755400,0.744,75509200,0.745,50184200,366,100,0
sh513130,09:48:39,1765244921858,5619.9,0.9084,3.4922,0.741,0.7405,0.0675,80300,59496,0.7409,0.74,187355800,0.739,135014000,0.738,112238500,0.737,72670100,0.736,44811300,0.741,132551200,0.742,136227900,0.743,109079500,0.744,75573500,0.745,50136100,639,100,0
sh513130,09:48:42,1765244924853,5619.83,0.9084,3.8225,0.741,0.7405,0.0675,65400,48446,0.7408,0.74,187680200,0.739,135750700,0.738,112248500,0.737,72670100,0.736,44821300,0.741,133030900,0.742,136590400,0.743,109316200,0.744,75673500,0.745,50256100,388,100,0
sh513130,09:48:44,1765244926868,5619.89,0.9084,4.0458,0.74,0.7405,-0.0675,187600,138846,0.7401,0.74,187819900,0.739,136645100,0.738,112240200,0.737,72670100,0.736,44822300,0.741,134122000,0.742,136906600,0.743,109336200,0.744,75970900,0.745,50251100,353,100,0
