symbol,tx_server_time,tx_local_time,index_price,fx_rate,sentiment,price,iopv,premium_rate,tick_vol,tick_amt,tick_vwap,bp1,bv1,bp2,bv2,bp3,bv3,bp4,bv4,bp5,bv5,sp1,sv1,sp2,sv2,sp3,sv3,sp4,sv4,sp5,sv5,idx_delay_ms,fut_delay_ms,data_flags
sh513130,09:30:07,1765416609245,5612.65,0.9075,4.831,0.738,0.7392,-0.1623,5546500,4091832,0.7377,0.737,18907900,0.736,42158500,0.735,27560900,0.734,23703700,0.733,16450400,0.738,25095400,0.739,33430000,0.74,34761800,0.741,38979200,0.742,38094900,785,100,0
sh513130,09:30:10,1765416612241,5614.18,0.9075,4.6277,0.737,0.7379,-0.122,5181400,3819204,0.7371,0.737,20289400,0.736,47142900,0.735,37666500,0.734,27903700,0.733,17818700,0.738,29875000,0.739,43630600,0.74,46705900,0.741,52372700,0.742,42406500,441,100,0
sh513130,09:30:13,1765416615232,5619.51,0.9075,6.1731,0.738,0.7379,0.0136,4084200,3012140,0.7375,0.737,19420200,0.736,47619100,0.735,38151600,0.734,27033400,0.733,18051500,0.738,29563900,0.739,44203100,0.74,48542700,0.741,52880500,0.742,42894200,777,100,0
sh513130,09:30:16,1765416619249,5624.09,0.9075,6.3858,0.737,0.7385,-0.2031,3558500,2624391,0.7375,0.737,15370600,0.736,38558400,0.735,37969700,0.734,27351200,0.733,25340100,0.738,28283500,0.739,44357600,0.74,48797700,0.741,46538100,0.742,36089700,790,100,0
sh513130,09:30:19,1765416622256,5622.51,0.9075,4.6375,0.737,0.7385,-0.2031,2306800,1701711,0.7377,0.737,14327500,0.736,31698000,0.735,37253300,0.734,27476100,0.733,24841200,0.738,26270500,0.739,44098800,0.74,52309200,0.741,46949000,0.742,34818400,1819,100,0
sh513130,09:30:22,1765416625257,5623.53,0.9075,2.2032,0.738,0.7392,-0.1623,4221300,3112124,0.7372,0.737,18782900,0.736,22973900,0.735,38296900,0.734,23488000,0.733,24907500,0.738,25901200,0.739,43640900,0.74,53134800,0.741,46592800,0.742,32866300,538,100,0
sh513130,09:30:25,1765416627264,5626.77,0.9075,1.0861,0.737,0.7392,-0.2976,26257700,19377782,0.738,0.737,29878100,0.736,28929800,0.735,38499100,0.734,21756300,0.733,18589900,0.738,1089100,0.739,40213300,0.74,53419600,0.741,41331900,0.742,39886500,386,100,0
sh513130,09:30:28,1765416630271,5625.6,0.9075,2.6479,0.738,0.7392,-0.1623,6054200,4471169,0.7385,0.738,4999100,0.737,45727900,0.736,29212700,0.735,39658200,0.734,21780300,0.739,33684200,0.74,54296800,0.741,41818600,0.742,44241100,0.743,34861800,1249,100,0
sh513130,09:30:31,1765416634272,5625.24,0.9075,2.5442,0.738,0.7405,-0.3376,2637000,1946106,0.738,0.738,9580000,0.737,49872000,0.736,31818900,0.735,40035300,0.734,21934100,0.739,34355200,0.74,54595000,0.741,41981000,0.742,45687900,0.743,34888300,949,100,0
sh513130,09:30:34,1765416636272,5622.83,0.9075,2.2727,0.738,0.7405,-0.3376,2537000,1872355,0.738,0.738,22836800,0.737,44730300,0.736,33102200,0.735,40317300,0.734,22208100,0.739,34210900,0.74,57467500,0.741,43013800,0.742,40113200,0.743,30082300,796,100,0
sh513130,09:30:37,1765416640281,5619.03,0.9075,2.1899,0.738,0.7392,-0.1623,2857500,2108952,0.738,0.738,25163400,0.737,44074400,0.736,36208100,0.735,40540800,0.734,22192100,0.739,37827200,0.74,58564300,0.741,44380800,0.742,37330800,0.743,30292700,507,100,0
sh513130,09:30:40,1765416642271,5619.35,0.9075,-1.3612,0.738,0.7392,-0.1623,3391600,2503011,0.738,0.738,31962400,0.737,46943700,0.736,36217000,0.735,40650800,0.734,22181300,0.739,40697600,0.74,58970400,0.741,43610400,0.742,36535300,0.743,29455600,347,100,0
sh513130,09:30:43,1765416645281,5616.95,0.9075,-1.8426,0.738,0.7392,-0.1623,2394100,1767034,0.7381,0.738,40708700,0.737,47935000,0.736,36304700,0.735,40362500,0.734,23201700,0.739,49099900,0.74,59738000,0.741,43641600,0.742,36658200,0.743,30439400,816,100,0
sh513130,09:30:46,1765416648287,5615.11,0.9075,1.7684,0.738,0.7385,-0.0677,22990900,16968536,0.7381,0.738,101100,0.737,51569000,0.736,47568300,0.735,39471400,0.734,30623000,0.739,48938300,0.74,70232600,0.741,57605100,0.742,37901600,0.743,27594900,1799,100,0
sh513130,09:30:49,1765416651297,5613.34,0.9075,5.3346,0.738,0.7385,-0.0677,3044500,2246572,0.7379,0.737,38157800,0.736,48575400,0.735,40810800,0.734,29907100,0.733,19106700,0.738,25815800,0.739,52626400,0.74,71461400,0.741,52318900,0.742,36925600,773,100,0
sh513130,09:30:52,1765416654300,5614.3,0.9075,5.1641,0.738,0.7385,-0.0677,1939700,1431283,0.7379,0.737,44353100,0.736,48227800,0.735,41733100,0.734,30897100,0.733,20226700,0.738,36648300,0.739,53878100,0.74,72578200,0.741,53417600,0.742,37107200,1621,100,0
sh513130,09:30:55,1765416657305,5611.59,0.9075,3.0222,0.738,0.7378,0.0271,1424700,1051208,0.7378,0.737,36252200,0.736,48258800,0.735,40733100,0.734,30897100,0.733,20237100,0.738,41574400,0.739,55401100,0.74,72904500,0.741,52777600,0.742,38467800,316,100,0
sh513130,09:30:58,1765416660304,5612.76,0.9075,2.5849,0.738,0.7378,0.0271,1950500,1438031,0.7373,0.737,42241000,0.736,48213400,0.735,40735100,0.734,30917100,0.733,20294400,0.738,44634400,0.739,50760400,0.74,67280700,0.741,52777600,0.742,38467800,16,100,0
sh513130,09:31:01,1765416663310,5613.17,0.9075,4.6125,0.738,0.7372,0.1085,1164300,859061,0.7378,0.737,42088100,0.736,48166000,0.735,41741000,0.734,31022500,0.733,20308400,0.738,46793900,0.739,53524200,0.74,67074400,0.741,53789100,0.742,38492800,848,100,0
sh513130,09:31:04,1765416667321,5613.4,0.9075,3.7312,0.738,0.7372,0.1085,1744000,1286986,0.738,0.737,41946800,0.736,48375700,0.735,41741000,0.734,31027300,0.733,20298400,0.738,50573800,0.739,53911000,0.74,67339700,0.741,52653400,0.742,38819600,865,100,0
sh513130,09:31:07,1765416669337,5613.86,0.9075,3.2449,0.738,0.7378,0.0271,38047500,28077926,0.738,0.737,56512100,0.736,49382600,0.735,40751000,0.734,24395300,0.733,20298400,0.738,2395900,0.739,62316000,0.74,60212200,0.741,53875100,0.742,50881200,856,100,0
sh513130,09:31:10,1765416672331,5612.04,0.9075,1.9616,0.737,0.7385,-0.2031,1978900,1459942,0.7378,0.737,48652100,0.736,48305100,0.735,41581800,0.734,30775300,0.733,20268400,0.738,20889500,0.739,53285700,0.74,72290900,0.741,53877400,0.742,38935500,229,100,0
sh513130,09:31:13,1765416675344,5613.32,0.9075,4.1699,0.737,0.7385,-0.2031,2436600,1798146,0.738,0.737,53397300,0.736,48291100,0.735,41497300,0.734,30775300,0.733,20268400,0.738,15982800,0.739,61780100,0.74,72311000,0.741,54027400,0.742,38975500,873,100,0
sh513130,09:31:16,1765416679338,5613.69,0.9075,3.3787,0.737,0.7385,-0.2031,1531300,1128826,0.7372,0.737,51503200,0.736,49211800,0.735,42492300,0.734,30858200,0.733,20260400,0.738,26450800,0.739,53755100,0.74,72417300,0.741,54102600,0.742,39214100,765,100,0
sh513130,09:31:19,1765416681340,5613.06,0.9075,2.3967,0.737,0.7385,-0.2031,2204600,1625475,0.7373,0.737,41848200,0.736,50633000,0.735,41947700,0.734,31158900,0.733,20223100,0.738,37631400,0.739,53033300,0.74,71423200,0.741,53104200,0.742,39244100,630,100,0
sh513130,09:31:22,1765416684356,5613.99,0.9075,3.757,0.737,0.7385,-0.2031,196800,145042,0.737,0.737,50567000,0.736,49379300,0.735,42018300,0.734,31158900,0.733,20227100,0.738,39950900,0.739,53531000,0.74,71160400,0.741,54133500,0.742,39254400,1494,100,0
sh513130,09:31:25,1765416686353,5614.87,0.9075,5.9338,0.737,0.7385,-0.2031,25167400,18572491,0.738,0.737,38688100,0.736,39145400,0.735,53157900,0.734,43156500,0.733,20231100,0.738,1032400,0.739,64222400,0.74,58335600,0.741,54183500,0.742,53057900,1340,100,0
sh513130,09:31:28,1765416691354,5618.26,0.9075,3.2515,0.737,0.7385,-0.2031,1897400,1398502,0.7371,0.737,37214800,0.736,39098300,0.735,53306100,0.734,43156500,0.733,20231100,0.738,5886800,0.739,65258200,0.74,58411500,0.741,54341600,0.742,53129900,896,100,0
sh513130,09:31:31,1765416694351,5617.75,0.9075,5.2132,0.737,0.7385,-0.2031,6930800,5114097,0.7379,0.737,36945600,0.736,40006900,0.735,48514100,0.734,43361500,0.733,20243100,0.738,6352000,0.739,67216300,0.74,58483700,0.741,54404600,0.742,52929900,704,100,0
sh513130,09:31:34,1765416696369,5618.34,0.9075,2.6287,0.737,0.7385,-0.2031,990200,729927,0.7372,0.737,36550300,0.736,41162400,0.735,48516200,0.734,43361500,0.733,20263100,0.738,9207900,0.739,69170800,0.74,58778000,0.741,54549000,0.742,52940800,550,100,0
sh513130,09:31:37,1765416699362,5619.83,0.9075,3.799,0.738,0.7385,-0.0677,18789100,13865865,0.738,0.738,8805100,0.737,42949900,0.736,43022400,0.735,48380100,0.734,35986600,0.739,71018400,0.74,58824000,0.741,54561800,0.742,52953800,0.743,30969600,926,100,0
sh513130,09:31:40,1765416702371,5620.76,0.9075,4.247,0.738,0.7385,-0.0677,5279100,3896165,0.738,0.738,28192500,0.737,35364000,0.736,56257000,0.735,49667200,0.734,23988600,0.739,73522700,0.74,58061500,0.741,54983600,0.742,56095300,0.743,31337400,70,100,0
sh513130,09:31:43,1765416705371,5621.31,0.9075,6.2052,0.738,0.7385,-0.0677,1427900,1053798,0.738,0.738,31067600,0.737,35726900,0.736,55847000,0.735,48819300,0.734,23996200,0.739,73692200,0.74,58125100,0.741,55006700,0.742,56095300,0.743,31757400,921,100,0
sh513130,09:31:46,1765416708424,5622.59,0.9075,5.8788,0.739,0.7392,-0.0271,583700,430878,0.7382,0.738,32719400,0.737,36009400,0.736,55808600,0.735,48970200,0.734,24024100,0.739,65704600,0.74,66971400,0.741,43030100,0.742,56116300,0.743,43758000,34,100,0
sh513130,09:31:49,1765416712381,5622.19,0.9075,2.8607,0.738,0.7392,-0.1623,786500,580480,0.7381,0.738,35926000,0.737,36097500,0.736,56425300,0.735,48868400,0.734,24353200,0.739,66356100,0.74,67001100,0.741,54038600,0.742,56116300,0.743,33403700,1452,100,0
sh513130,09:31:52,1765416714390,5619.41,0.9075,3.311,0.738,0.7392,-0.1623,6444200,4759102,0.7385,0.738,11964000,0.737,44665200,0.736,46780500,0.735,48668200,0.734,36350800,0.739,73560900,0.74,59226800,0.741,55078600,0.742,53106300,0.743,32464700,1302,100,0
sh513130,09:31:55,1765416717393,5618.08,0.9075,3.143,0.738,0.7392,-0.1623,14708000,10856880,0.7382,0.737,40251600,0.736,47587500,0.735,48668200,0.734,42752800,0.733,20269200,0.738,9249500,0.739,72556500,0.74,59335700,0.741,55178600,0.742,53106300,2,100,0
sh513130,09:31:58,1765416721398,5616.57,0.9075,4.7029,0.738,0.7392,-0.1623,800700,590917,0.738,0.737,40119000,0.736,46587500,0.735,36657500,0.734,42752800,0.733,32266800,0.738,15140200,0.739,72623700,0.74,60497800,0.741,55205000,0.742,52287200,951,100,0
sh513130,09:32:01,1765416724410,5616.11,0.9075,4.7569,0.738,0.7385,-0.0677,1154700,852160,0.738,0.737,41712400,0.736,47155500,0.735,49035100,0.734,42722800,0.733,20229200,0.738,15304900,0.739,72933000,0.74,60474800,0.741,55253200,0.742,52317200,2,100,0
sh513130,09:32:04,1765416728413,5616.46,0.9075,3.3715,0.738,0.7385,-0.0677,149600,110405,0.738,0.737,43645000,0.736,38775800,0.735,49055100,0.734,42822800,0.733,20183400,0.738,28621600,0.739,75438300,0.74,60581800,0.741,56293200,0.742,52261200,2,100,0
sh513130,09:32:07,1765416729419,5616.46,0.9075,4.3347,0.738,0.7385,-0.0677,303900,224207,0.7378,0.737,43356500,0.736,38805500,0.735,48997100,0.734,42822300,0.733,20183800,0.738,32548000,0.739,77099100,0.74,60919900,0.741,56303200,0.742,52305600,932,100,0
sh513130,09:32:10,1765416732418,5616.17,0.9075,3.9865,0.738,0.7381,-0.0135,1133200,835349,0.7372,0.737,43354000,0.736,38829000,0.735,49871500,0.734,42778500,0.733,20183900,0.738,31483900,0.739,78519800,0.74,61080700,0.741,55526300,0.742,52305600,12,100,0
sh513130,09:32:13,1765416734417,5617.51,0.9075,2.7482,0.738,0.7381,-0.0135,22634800,16704268,0.738,0.738,5015600,0.737,42445900,0.736,38829000,0.735,50740300,0.734,35398500,0.739,77533100,0.74,61328500,0.741,57198100,0.742,52530200,0.743,33508500,10,100,0
sh513130,09:32:16,1765416738426,5617.7,0.9075,2.0939,0.738,0.7381,-0.0135,1810700,1336299,0.738,0.738,14614900,0.737,51165600,0.736,40826500,0.735,50753400,0.734,35398500,0.739,77860900,0.74,61659600,0.741,57219300,0.742,55624700,0.743,34116200,1652,100,0
sh513130,09:32:19,1765416741422,5618.83,0.9075,1.7415,0.738,0.7381,-0.0135,959100,707816,0.738,0.738,10554700,0.737,53174500,0.736,40714200,0.735,50823400,0.734,35398500,0.739,81211000,0.74,62327400,0.741,56210900,0.742,52736600,0.743,34121100,347,100,0
sh513130,09:32:22,1765416744431,5617.63,0.9075,0.4573,0.738,0.7387,-0.0948,1717000,1267146,0.738,0.738,9624100,0.737,53455300,0.736,41737900,0.735,50819400,0.734,35398500,0.739,81564600,0.74,62420300,0.741,56079100,0.742,52739600,0.743,34123100,13,100,0
sh513130,09:32:25,1765416748437,5617.86,0.9075,2.2445,0.738,0.7381,-0.0135,3248700,2397603,0.738,0.737,54817500,0.736,42601100,0.735,50962700,0.734,35398500,0.733,20139200,0.738,13723400,0.739,81731400,0.74,62652900,0.741,56082100,0.742,52793800,912,100,0
sh513130,09:32:28,1765416750442,5617.03,0.9075,4.4792,0.738,0.7381,-0.0135,407200,300513,0.738,0.737,47358700,0.736,51138300,0.735,50962700,0.734,30788800,0.733,20738600,0.738,32980000,0.739,72287300,0.74,62720800,0.741,58188200,0.742,52803800,761,100,0
sh513130,09:32:31,1765416752442,5617.03,0.9075,3.4373,0.738,0.7381,-0.0135,872700,644043,0.738,0.737,46344200,0.736,51184300,0.735,52817100,0.734,30788800,0.733,20738600,0.738,33332300,0.739,85263400,0.74,75008800,0.741,45321600,0.742,40941000,607,100,0
sh513130,09:32:34,1765416756455,5612.0,0.9075,1.1138,0.738,0.7381,-0.0135,1369400,1009607,0.7373,0.737,30984600,0.736,47632900,0.735,53115900,0.734,42786400,0.733,20738600,0.738,37131800,0.739,85643400,0.74,75103900,0.741,42467400,0.742,40951000,12,100,0
sh513130,09:32:37,1765416759440,5612.03,0.9075,1.8719,0.738,0.7381,-0.0135,198000,146013,0.7374,0.737,36448000,0.736,47320100,0.735,59876300,0.734,42786400,0.733,20746600,0.738,39042200,0.739,85210600,0.74,75030600,0.741,42522400,0.742,40971500,972,100,0
sh513130,09:32:40,1765416762452,5611.97,0.9075,1.7723,0.738,0.7381,-0.0135,1294700,955267,0.7378,0.737,37342000,0.736,59327700,0.735,60816200,0.734,30893900,0.733,20761900,0.738,38541100,0.739,86030700,0.74,75275100,0.741,45867900,0.742,40960300,15,100,0
sh513130,09:32:43,1765416765461,5611.73,0.9075,2.4253,0.737,0.7381,-0.149,897700,662122,0.7376,0.737,44915900,0.736,50907700,0.735,61701600,0.734,30893900,0.733,20762000,0.738,38832000,0.739,85671500,0.74,75312100,0.741,46139300,0.742,41214000,681,100,0
sh513130,09:32:46,1765416769470,5610.71,0.9075,4.8628,0.737,0.7381,-0.149,4003800,2950856,0.737,0.737,21858800,0.736,49104100,0.735,61571000,0.734,42991500,0.733,20762100,0.738,44576600,0.739,80544300,0.74,75352500,0.741,43191300,0.742,42104300,392,100,0
sh513130,09:32:49,1765416771477,5611.72,0.9075,4.567,0.737,0.7381,-0.149,17849400,13155388,0.737,0.737,10960000,0.736,49290800,0.735,62435400,0.734,42991500,0.733,20762100,0.738,45450800,0.739,80782300,0.74,75950600,0.741,43237600,0.742,42049300,226,100,0
sh513130,09:32:52,1765416774476,5611.83,0.9075,4.6651,0.737,0.7374,-0.0542,14488200,10677871,0.737,0.736,51493500,0.735,63399800,0.734,42954500,0.733,20782900,0.732,15776200,0.737,1440600,0.738,51219500,0.739,79602700,0.74,64123000,0.741,43235300,22,100,0
sh513130,09:32:55,1765416778477,5610.98,0.9075,3.9019,0.737,0.7374,-0.0542,986000,726682,0.737,0.736,51958000,0.735,64264200,0.734,42954500,0.733,20840900,0.732,15776300,0.737,1284700,0.738,48660500,0.739,79858700,0.74,76750500,0.741,43892900,42,100,0
sh513130,09:32:58,1765416780480,5610.14,0.9075,3.0664,0.737,0.7374,-0.0542,4018700,2961800,0.737,0.737,5541600,0.736,52362700,0.735,65137600,0.734,43081600,0.733,20843900,0.738,50371100,0.739,78437000,0.74,76810500,0.741,43472900,0.742,44397200,11,100,0
sh513130,09:33:01,1765416784481,5609.59,0.9075,4.7333,0.737,0.7374,-0.0542,3256700,2400288,0.737,0.737,2106700,0.736,52322700,0.735,66009800,0.734,43081600,0.733,20859200,0.738,64313300,0.739,79423000,0.74,65018100,0.741,43547400,0.742,44385200,26,100,0
sh513130,09:33:04,1765416786485,5609.09,0.9075,4.5958,0.737,0.7374,-0.0542,1289800,950532,0.737,0.736,51606500,0.735,55072600,0.734,43481600,0.733,21839200,0.732,15623200,0.737,23690800,0.738,63820700,0.739,79819400,0.74,59848900,0.741,43577400,6,100,0
sh513130,09:33:07,1765416789490,5607.57,0.9075,4.01,0.736,0.7374,-0.1899,345800,254798,0.7368,0.736,49186400,0.735,55106000,0.734,44347100,0.733,26171300,0.732,15623200,0.737,36469300,0.738,54355300,0.739,79871600,0.74,61142700,0.741,43827400,1032,100,0
sh513130,09:33:10,1765416793496,5606.4,0.9075,3.9291,0.736,0.7374,-0.1899,94500,69587,0.7364,0.736,60340600,0.735,60076000,0.734,50212600,0.733,20791700,0.732,15623200,0.737,36621500,0.738,69650800,0.739,84854700,0.74,60658600,0.741,43438800,722,100,0
sh513130,09:33:13,1765416794494,5606.02,0.9075,3.7521,0.737,0.7374,-0.0542,395700,291375,0.7364,0.736,62235500,0.735,60038000,0.734,51185100,0.733,20804900,0.732,15623200,0.737,38365200,0.738,70839000,0.739,85383400,0.74,60738600,0.741,43478900,7,100,0
sh513130,09:33:13,1765416796496,5606.27,0.9075,3.9531,0.737,0.7374,-0.0542,395700,291375,0.7364,0.736,62235500,0.735,60038000,0.734,51185100,0.733,20804900,0.732,15623200,0.737,38365200,0.738,70839000,0.739,85383400,0.74,60738600,0.741,43478900,34,100,0
sh513130,09:33:16,1765416797500,5606.27,0.9075,3.7753,0.736,0.7374,-0.1899,555700,409035,0.7361,0.736,62030800,0.735,60819200,0.734,52038100,0.733,19970600,0.732,15912000,0.737,39865500,0.738,59333600,0.739,85387200,0.74,72793400,0.741,43538900,414,100,0
sh513130,09:33:16,1765416799506,5605.81,0.9075,3.0031,0.736,0.7374,-0.1899,555700,409035,0.7361,0.736,62030800,0.735,60819200,0.734,52038100,0.733,19970600,0.732,15912000,0.737,39865500,0.738,59333600,0.739,85387200,0.74,72793400,0.741,43538900,269,100,0
sh513130,09:33:19,1765416802509,5605.94,0.9075,2.2425,0.737,0.7374,-0.0542,327300,240917,0.7361,0.736,59639000,0.735,60849600,0.734,52971600,0.733,26084600,0.732,15910000,0.737,49256200,0.738,63361300,0.739,85516800,0.74,60743000,0.741,43538900,50,100,0
sh513130,09:33:22,1765416804507,5606.63,0.9075,2.2098,0.736,0.7374,-0.1899,152500,112317,0.7365,0.736,62294200,0.735,60895700,0.734,53897100,0.733,23378900,0.732,19000000,0.737,43216700,0.738,60011200,0.739,85409300,0.74,72743400,0.741,43586900,56,100,0
sh513130,09:33:25,1765416807511,5606.4,0.9075,4.0903,0.736,0.7367,-0.095,1362100,1002655,0.7361,0.736,73049600,0.735,62947500,0.734,42236700,0.733,23568900,0.732,19000000,0.737,40850300,0.738,60724100,0.739,86209300,0.74,73030900,0.741,43595700,1074,100,0
sh513130,09:33:28,1765416811520,5607.57,0.9075,5.3697,0.736,0.7367,-0.095,857800,631373,0.736,0.736,72315700,0.735,65582700,0.734,42235700,0.733,23568900,0.732,18990000,0.737,29470500,0.738,60340800,0.739,85832100,0.74,76920700,0.741,43483100,1056,100,0
sh513130,09:33:31,1765416812528,5607.89,0.9075,4.8405,0.736,0.7367,-0.095,18470900,13612559,0.737,0.736,72415800,0.735,67875300,0.734,42524500,0.733,23644100,0.732,19013500,0.737,15463000,0.738,58509600,0.739,86972700,0.74,79080100,0.741,43455700,28,100,0
sh513130,09:33:34,1765416816518,5609.16,0.9075,2.6782,0.736,0.7367,-0.095,4472000,3294689,0.7367,0.736,72848900,0.735,69775800,0.734,42886200,0.733,23645100,0.732,19245200,0.737,6698300,0.738,58599700,0.739,86162600,0.74,78996700,0.741,43414900,10,100,0
sh513130,09:33:37,1765416818522,5609.77,0.9075,2.9346,0.737,0.7374,-0.0542,7715600,5686191,0.737,0.737,2515000,0.736,72890100,0.735,69735800,0.734,42909700,0.733,23696100,0.738,56824700,0.739,87211500,0.74,79150500,0.741,43414900,0.742,44416700,66,100,0
sh513130,09:33:40,1765416821529,5609.88,0.9075,1.9329,0.737,0.7374,-0.0542,2946200,2171350,0.737,0.736,75633300,0.735,69535000,0.734,46599700,0.733,23790100,0.732,19245200,0.737,1089400,0.738,58496000,0.739,87289000,0.74,79149400,0.741,43414900,745,100,0
sh513130,09:33:40,1765416824539,5609.89,0.9075,1.4019,0.737,0.7374,-0.0542,2946200,2171350,0.737,0.736,75633300,0.735,69535000,0.734,46599700,0.733,23790100,0.732,19245200,0.737,1089400,0.738,58496000,0.739,87289000,0.74,79149400,0.741,43414900,78,100,0
sh513130,09:33:43,1765416825540,5609.89,0.9075,1.3327,0.737,0.7374,-0.0542,131200,96671,0.7368,0.736,63562800,0.735,69727800,0.734,46999700,0.733,23810100,0.732,19245200,0.737,25136400,0.738,57557400,0.739,86986400,0.74,73863500,0.741,43412900,448,100,0
sh513130,09:33:46,1765416827540,5609.21,0.9075,2.3742,0.736,0.7374,-0.1899,1402700,1032777,0.7363,0.736,75058700,0.735,71945400,0.734,46943300,0.733,23810100,0.732,19238400,0.737,7343000,0.738,57849800,0.739,86031400,0.74,73849600,0.741,43385800,295,100,0
sh513130,09:33:49,1765416831550,5609.39,0.9075,3.174,0.737,0.7374,-0.0542,12692200,9354151,0.737,0.736,75555500,0.735,71968700,0.734,46943300,0.733,23813200,0.732,19238400,0.737,15140800,0.738,58397800,0.739,87125000,0.74,74329600,0.741,43395800,5,100,0
sh513130,09:33:52,1765416833551,5610.05,0.9075,3.122,0.736,0.7374,-0.1899,575500,423624,0.7361,0.736,76281600,0.735,73641600,0.734,46943300,0.733,23878200,0.732,19238400,0.737,5337500,0.738,58777600,0.739,87126000,0.74,74050600,0.741,43192200,1097,100,0
sh513130,09:33:55,1765416837556,5611.37,0.9075,2.3,0.737,0.7374,-0.0542,3535800,2605647,0.7369,0.737,12614600,0.736,76365700,0.735,75716000,0.734,46969400,0.733,23888200,0.738,58609800,0.739,85878100,0.74,74534600,0.741,43243300,0.742,44646200,1096,100,0
sh513130,09:33:58,1765416839560,5610.99,0.9075,2.592,0.737,0.7374,-0.0542,1017200,749677,0.737,0.737,24419500,0.736,68786600,0.735,76467200,0.734,46569400,0.733,23892100,0.738,57866200,0.739,87044800,0.74,74566700,0.741,46243300,0.742,44646200,1102,100,0
sh513130,09:34:01,1765416843561,5612.93,0.9075,3.2019,0.737,0.7374,-0.0542,961200,708411,0.737,0.737,30468700,0.736,68923500,0.735,75552700,0.734,46695400,0.733,23942100,0.738,58151100,0.739,86039900,0.74,79633400,0.741,45887300,0.742,44621200,280,100,0
sh513130,09:34:04,1765416846569,5611.69,0.9075,2.3309,0.736,0.7374,-0.1899,7154100,5272344,0.737,0.736,77121000,0.735,76409700,0.734,47095400,0.733,23983100,0.732,19231300,0.737,17727900,0.738,61690600,0.739,86895100,0.74,80258200,0.741,43328200,82,100,0
sh513130,09:34:07,1765416849581,5611.89,0.9075,1.5774,0.737,0.7374,-0.0542,320000,235840,0.737,0.736,77760700,0.735,78274100,0.734,47295400,0.733,23965000,0.732,19231300,0.737,7611500,0.738,60957100,0.739,86905300,0.74,79932200,0.741,43511600,784,100,0
sh513130,09:34:10,1765416851582,5611.77,0.9075,1.6056,0.737,0.7374,-0.0542,378100,278655,0.737,0.736,78472800,0.735,79150600,0.734,47322900,0.733,23945000,0.732,19231400,0.737,7473800,0.738,60700300,0.739,87143400,0.74,80943600,0.741,43511600,639,100,0
sh513130,09:34:10,1765416853587,5611.86,0.9075,1.2085,0.737,0.7374,-0.0542,378100,278655,0.737,0.736,78472800,0.735,79150600,0.734,47322900,0.733,23945000,0.732,19231400,0.737,7473800,0.738,60700300,0.739,87143400,0.74,80943600,0.741,43511600,495,100,0
sh513130,09:34:13,1765416855594,5612.39,0.9075,1.7578,0.737,0.7374,-0.0542,1421300,1047381,0.7369,0.736,79663000,0.735,80929300,0.734,47317900,0.733,24419700,0.732,19271400,0.737,7065600,0.738,61193300,0.739,87048400,0.74,81196600,0.741,43444100,332,100,0
sh513130,09:34:16,1765416858589,5613.46,0.9075,1.1487,0.737,0.7374,-0.0542,6190800,4562387,0.737,0.737,8060900,0.736,80641200,0.735,80931300,0.734,47406300,0.733,24375500,0.738,57285100,0.739,87341900,0.74,81654600,0.741,46213100,0.742,45034200,77,100,0
sh513130,09:34:19,1765416861588,5612.77,0.9075,1.8752,0.737,0.7374,-0.0542,288200,212404,0.737,0.737,25577200,0.736,67369500,0.735,76811600,0.734,42002000,0.733,24361200,0.738,53922200,0.739,82210000,0.74,76714800,0.741,46213100,0.742,45034200,1042,100,0
sh513130,09:34:22,1765416865604,5613.4,0.9075,1.0087,0.737,0.7374,-0.0542,1239900,913806,0.737,0.737,24418300,0.736,68481900,0.735,78600200,0.734,41995100,0.733,24371200,0.738,53918900,0.739,81235500,0.74,76794900,0.741,46199600,0.742,45261300,1161,100,0
sh513130,09:34:25,1765416867600,5613.77,0.9075,1.907,0.737,0.7374,-0.0542,11974500,8825508,0.737,0.737,23793100,0.736,67709200,0.735,78702200,0.734,42413100,0.733,24376200,0.738,55022500,0.739,81235500,0.74,76846800,0.741,46199600,0.742,45261300,1158,100,0
sh513130,09:34:28,1765416870615,5612.88,0.9075,2.8148,0.737,0.7374,-0.0542,792200,584395,0.7377,0.737,21515700,0.736,67236500,0.735,79630800,0.734,42453100,0.733,24669300,0.738,54473700,0.739,81250000,0.74,75870300,0.741,46215300,0.742,45261300,171,100,0
sh513130,09:34:31,1765416873614,5610.12,0.9075,0.5449,0.737,0.7374,-0.0542,882100,650108,0.737,0.737,19258300,0.736,68683600,0.735,79630800,0.734,43318600,0.733,24589800,0.738,58154500,0.739,82591900,0.74,76885300,0.741,43777100,0.742,45271300,1100,100,0
sh513130,09:34:34,1765416876618,5609.89,0.9075,5.2404,0.737,0.7374,-0.0542,10186000,7507017,0.737,0.736,55939700,0.735,60730800,0.734,56181700,0.733,27552500,0.732,19347800,0.737,34465300,0.738,51687800,0.739,83321400,0.74,75909900,0.741,43827100,144,100,0
sh513130,09:34:37,1765416880617,5607.61,0.9075,5.5303,0.737,0.7374,-0.0542,146000,107575,0.7368,0.736,70988300,0.735,60735800,0.734,45049600,0.733,24552500,0.732,19347800,0.737,34046600,0.738,51188500,0.739,83550400,0.74,75509900,0.741,43829900,152,100,0
sh513130,09:34:40,1765416882624,5609.39,0.9075,5.9719,0.736,0.7374,-0.1899,3519300,2593704,0.737,0.736,59253800,0.735,60835800,0.734,57912700,0.733,24533800,0.732,19347800,0.737,33735900,0.738,51500900,0.739,83600300,0.74,75509900,0.741,43853100,134,100,0
sh513130,09:34:43,1765416885627,5607.52,0.9075,4.485,0.737,0.7374,-0.0542,374000,275306,0.7361,0.736,58022500,0.735,60985800,0.734,58778200,0.733,24534000,0.732,19307800,0.737,33866300,0.738,51724000,0.739,84630300,0.74,75504400,0.741,44806200,188,100,0
sh513130,09:34:46,1765416888640,5609.12,0.9075,3.979,0.737,0.7367,0.0407,231300,170432,0.7368,0.736,56784400,0.735,61202900,0.734,60673700,0.733,24535000,0.732,19307800,0.737,35318800,0.738,56195800,0.739,88660300,0.74,75809200,0.741,44806200,133,100,0
sh513130,09:34:49,1765416890638,5608.11,0.9075,2.5135,0.736,0.7367,-0.095,363500,267649,0.7363,0.736,63715500,0.735,55895200,0.734,45051100,0.733,24535000,0.732,19331400,0.737,29745900,0.738,53128300,0.739,84391900,0.74,75798500,0.741,44806200,183,100,0
sh513130,09:34:49,1765416892638,5609.87,0.9075,3.8039,0.736,0.7367,-0.095,363500,267649,0.7363,0.736,63715500,0.735,55895200,0.734,45051100,0.733,24535000,0.732,19331400,0.737,29745900,0.738,53128300,0.739,84391900,0.74,75798500,0.741,44806200,160,100,0
sh513130,09:34:52,1765416894646,5609.95,0.9075,2.645,0.737,0.7367,0.0407,2048800,1508964,0.7365,0.736,71982400,0.735,56709700,0.734,44020600,0.733,24535000,0.732,19331700,0.737,32741800,0.738,53129300,0.739,84416900,0.74,75839000,0.741,44856200,201,100,0
sh513130,09:34:55,1765416897650,5608.82,0.9075,4.0091,0.737,0.7374,-0.0542,1722400,1267687,0.736,0.736,58183300,0.735,57004000,0.734,56018200,0.733,24535000,0.732,19331700,0.737,36893800,0.738,53285300,0.739,84586600,0.74,75712300,0.741,44856200,1213,100,0
sh513130,09:34:58,1765416900669,5609.13,0.9075,2.6859,0.737,0.7374,-0.0542,68800,50694,0.7368,0.736,71032300,0.735,57868900,0.734,44020600,0.733,24535000,0.732,19331700,0.737,37509200,0.738,53397800,0.739,84253100,0.74,75790100,0.741,44856200,129,100,0
sh513130,09:35:01,1765416903657,5608.98,0.9075,4.2521,0.737,0.7374,-0.0542,239500,176370,0.7364,0.736,52514300,0.735,56276000,0.734,56018200,0.733,37015000,0.732,19531700,0.737,39611500,0.738,54238800,0.739,84319100,0.74,75834100,0.741,44861200,379,100,0
sh513130,09:35:04,1765416906658,5608.08,0.9075,2.0677,0.736,0.7374,-0.1899,2329100,1716447,0.737,0.736,82752700,0.735,79563500,0.734,44121600,0.733,32640000,0.732,19533700,0.737,58270600,0.738,78072300,0.739,84309700,0.74,75840200,0.741,44841200,219,100,0
sh513130,09:35:07,1765416909665,5607.89,0.9075,1.819,0.736,0.7374,-0.1899,5340000,3935256,0.7369,0.736,82247600,0.735,79708500,0.734,56984700,0.733,32655800,0.732,19533700,0.737,53110400,0.738,77947900,0.739,84361100,0.74,75854200,0.741,44841200,502,100,0
sh513130,09:35:10,1765416911666,5607.94,0.9075,3.1996,0.736,0.7374,-0.1899,2570100,1893630,0.7368,0.736,83721800,0.735,79730500,0.734,58915700,0.733,29906800,0.732,19633700,0.737,54912500,0.738,90139000,0.739,84411100,0.74,60854600,0.741,44811200,336,100,0
sh513130,09:35:13,1765416914674,5607.56,0.9075,0.3308,0.736,0.7374,-0.1899,939500,691769,0.7363,0.736,96502800,0.735,79756100,0.734,45062600,0.733,29893200,0.732,19638700,0.737,53658400,0.738,78154400,0.739,84554400,0.74,75986400,0.741,44768200,214,100,0
sh513130,09:35:16,1765416918674,5609.68,0.9075,2.2272,0.737,0.7374,-0.0542,945500,696246,0.7364,0.736,96023100,0.735,81780400,0.734,43204100,0.733,29893200,0.732,19639700,0.737,29167600,0.738,86364500,0.739,92478200,0.74,76505400,0.741,44748200,144,100,0
sh513130,09:35:19,1765416921688,5609.59,0.9075,3.266,0.736,0.7374,-0.1899,6606700,4869108,0.737,0.736,96541200,0.735,81870900,0.734,44275100,0.733,29893200,0.732,19639700,0.737,25017800,0.738,86589600,0.739,106766700,0.74,76581100,0.741,44749200,1245,100,0
sh513130,09:35:22,1765416924685,5610.92,0.9075,1.1259,0.737,0.7374,-0.0542,5620400,4140691,0.7367,0.737,17271200,0.736,95075800,0.735,83765300,0.734,44275100,0.733,29893200,0.738,87210800,0.739,105766700,0.74,76522300,0.741,44749200,0.742,43439200,205,100,0
sh513130,09:35:25,1765416927689,5611.92,0.9075,1.9827,0.736,0.7374,-0.1899,2587900,1907279,0.737,0.736,98043800,0.735,84669700,0.734,44309000,0.733,29907900,0.732,19639700,0.737,11427700,0.738,94098400,0.739,111793700,0.74,81529300,0.741,49751200,1196,100,0
sh513130,09:35:28,1765416930704,5609.72,0.9075,2.9859,0.737,0.7374,-0.0542,2867500,2113300,0.737,0.736,98158100,0.735,84524100,0.734,44309000,0.733,29907900,0.732,19639700,0.737,36097000,0.738,92972800,0.739,110865600,0.74,81175300,0.741,49751200,2,100,0
sh513130,09:35:31,1765416932699,5608.21,0.9075,2.7548,0.737,0.7374,-0.0542,2793200,2057967,0.7368,0.736,86699000,0.735,80207100,0.734,56317400,0.733,29907900,0.732,19839700,0.737,48841600,0.738,84708300,0.739,110905600,0.74,81110300,0.741,49626100,183,100,0
sh513130,09:35:34,1765416936702,5609.47,0.9075,3.8773,0.736,0.7374,-0.1899,1128100,831337,0.7369,0.736,99085700,0.735,81104900,0.734,44319800,0.733,29907900,0.732,19839700,0.737,39315300,0.738,93026800,0.739,110973100,0.74,81120300,0.741,49746100,237,100,0
sh513130,09:35:37,1765416939706,5610.13,0.9075,3.5754,0.737,0.7374,-0.0542,1108700,816090,0.7361,0.736,98764000,0.735,82019200,0.734,44315400,0.733,29910900,0.732,19851900,0.737,38620100,0.738,93224300,0.739,109551400,0.74,81509600,0.741,49756800,388,100,0
sh513130,09:35:40,1765416943716,5610.8,0.9075,4.1658,0.737,0.7374,-0.0542,6845200,5044913,0.737,0.737,26638100,0.736,98983700,0.735,83893500,0.734,44241400,0.733,29888200,0.738,93233000,0.739,109549900,0.74,81615600,0.741,49422000,0.742,44552600,94,100,0
sh513130,09:35:43,1765416944718,5611.67,0.9075,5.2272,0.737,0.7374,-0.0542,1349400,994508,0.737,0.737,64031600,0.736,98299200,0.735,83823100,0.734,36461400,0.733,29888200,0.738,94993600,0.739,110576000,0.74,81654900,0.741,49670300,0.742,44552600,213,100,0
sh513130,09:35:46,1765416947723,5611.5,0.9075,4.3111,0.737,0.7374,-0.0542,1858700,1369861,0.737,0.737,56900400,0.736,98362900,0.735,84704400,0.734,43841400,0.733,29888200,0.738,95123300,0.739,110656000,0.74,81613400,0.741,49670300,0.742,44552600,1287,100,0
sh513130,09:35:49,1765416950727,5613.25,0.9075,4.6012,0.737,0.7374,-0.0542,225500,166224,0.7371,0.737,65300300,0.736,90062700,0.735,85565400,0.734,43841400,0.733,29888200,0.738,88633900,0.739,98794700,0.74,82611400,0.741,61667900,0.742,48551400,218,100,0
sh513130,09:35:52,1765416954731,5612.88,0.9075,3.7276,0.737,0.7374,-0.0542,461900,340529,0.7372,0.737,65265500,0.736,93587800,0.735,86412200,0.734,43841400,0.733,29888200,0.738,91378200,0.739,99008200,0.74,82625600,0.741,61667900,0.742,44697400,286,100,0
sh513130,09:35:55,1765416956735,5612.23,0.9075,1.8964,0.738,0.738,0.0,1319200,972340,0.7371,0.737,55765800,0.736,101978600,0.735,87296600,0.734,43841400,0.733,29848400,0.738,95733200,0.739,110915800,0.74,82740400,0.741,49670300,0.742,44677400,210,100,0
sh513130,09:35:58,1765416960737,5612.37,0.9075,2.1183,0.737,0.738,-0.1355,342700,252634,0.7372,0.737,55754800,0.736,102039800,0.735,88166900,0.734,43841400,0.733,29910100,0.738,95690800,0.739,111925800,0.74,82764100,0.741,49670300,0.742,44715400,300,100,0
sh513130,09:36:01,1765416963749,5612.96,0.9075,7.2127,0.737,0.738,-0.1355,82100,60552,0.7375,0.737,60966000,0.736,93673100,0.735,89056200,0.734,43841400,0.733,29910100,0.738,91876600,0.739,98927700,0.74,81786700,0.741,61827400,0.742,48806600,476,100,0
sh513130,09:36:04,1765416966749,5615.39,0.9075,5.9927,0.737,0.738,-0.1355,30165600,22262198,0.738,0.737,88573800,0.736,95023100,0.735,76084600,0.734,41284900,0.733,29910100,0.738,64210800,0.739,99140600,0.74,82616700,0.741,62227900,0.742,48858500,301,100,0
sh513130,09:36:07,1765416969759,5615.07,0.9075,4.6082,0.737,0.7381,-0.149,65800,48535,0.7376,0.737,88842400,0.736,95097600,0.735,76952900,0.734,36091900,0.733,29910100,0.738,52098300,0.739,107523500,0.74,82982700,0.741,64870900,0.742,48881300,324,100,0
sh513130,09:36:10,1765416972764,5617.27,0.9075,4.3106,0.738,0.738,0.0,31810400,23476060,0.738,0.738,12300000,0.737,94584200,0.736,94003500,0.735,77817200,0.734,30711900,0.739,109303300,0.74,112013200,0.741,64870900,0.742,48902300,0.743,33993100,333,100,0
sh513130,09:36:13,1765416975758,5618.69,0.9075,4.9597,0.738,0.738,0.0,10861700,8015934,0.738,0.737,97087600,0.736,92696300,0.735,78281500,0.734,28711900,0.733,29889100,0.738,32943100,0.739,104526100,0.74,111969100,0.741,64884900,0.742,48905100,1317,100,0
sh513130,09:36:16,1765416978767,5617.83,0.9075,4.4776,0.738,0.738,0.0,390600,288263,0.738,0.737,97366800,0.736,94582400,0.735,78314300,0.734,28727200,0.733,29889100,0.738,23173500,0.739,103842100,0.74,112618300,0.741,64451500,0.742,48905100,318,100,0
sh513130,09:36:19,1765416982775,5618.49,0.9075,2.8176,0.738,0.738,0.0,2982500,2200059,0.7377,0.737,89683100,0.736,94400700,0.735,78275200,0.734,36107200,0.733,30889100,0.738,35444100,0.739,103906300,0.74,112618300,0.741,64433400,0.742,48954100,335,100,0
sh513130,09:36:22,1765416984772,5616.97,0.9075,4.8751,0.738,0.738,0.0,137000,101051,0.7376,0.737,96718700,0.736,95340400,0.735,78245300,0.734,30727200,0.733,30881800,0.738,23825600,0.739,103865300,0.74,111577300,0.741,64400400,0.742,49114800,243,100,0
sh513130,09:36:25,1765416987782,5616.76,0.9075,3.5673,0.738,0.738,0.0,2327300,1716476,0.7375,0.737,90930700,0.736,95978300,0.735,78195000,0.734,36107200,0.733,30881800,0.738,36894800,0.739,112635300,0.74,111582300,0.741,64350400,0.742,48714800,1098,100,0
sh513130,09:36:28,1765416989773,5616.71,0.9075,3.821,0.738,0.738,0.0,7506000,5539428,0.738,0.737,92722700,0.736,97785400,0.735,78196000,0.734,36107200,0.733,31871800,0.738,28045300,0.739,113770300,0.74,111589300,0.741,64248400,0.742,48774900,919,100,0
sh513130,09:36:31,1765416993784,5617.32,0.9075,5.4427,0.738,0.7387,-0.0948,218500,161227,0.7379,0.737,102719600,0.736,109080300,0.735,88196000,0.734,36107200,0.733,31869800,0.738,28337800,0.739,121939200,0.74,120030300,0.741,72268400,0.742,49006400,615,100,0
sh513130,09:36:34,1765416996786,5615.43,0.9075,4.3728,0.737,0.7387,-0.2301,624300,460653,0.7379,0.737,103618200,0.736,109589900,0.735,88296000,0.734,36109200,0.733,31869800,0.738,30670200,0.739,121890000,0.74,120060000,0.741,72288400,0.742,49009900,344,100,0
sh513130,09:36:37,1765416999799,5615.32,0.9075,3.8803,0.737,0.7387,-0.2301,1434200,1058413,0.738,0.737,104867900,0.736,103389500,0.735,88295000,0.734,36109200,0.733,31869800,0.738,31885600,0.739,121633900,0.74,120060000,0.741,72298400,0.742,49039900,174,100,0
sh513130,09:36:40,1765417002807,5614.96,0.9075,2.705,0.738,0.738,0.0,393800,290594,0.7379,0.737,92880800,0.736,104335000,0.735,101296300,0.734,36109200,0.733,31869800,0.738,49666000,0.739,121628800,0.74,114140900,0.741,70665400,0.742,49039900,349,100,0
sh513130,09:36:43,1765417004806,5615.08,0.9075,3.5582,0.737,0.738,-0.1355,719700,531123,0.738,0.737,92497300,0.736,103354100,0.735,102063900,0.734,36109200,0.733,31879800,0.738,65862400,0.739,130996400,0.74,113773500,0.741,51049600,0.742,44992300,368,100,0
sh513130,09:36:43,1765417006814,5614.64,0.9075,1.3116,0.737,0.738,-0.1355,719700,531123,0.738,0.737,92497300,0.736,103354100,0.735,102063900,0.734,36109200,0.733,31879800,0.738,65862400,0.739,130996400,0.74,113773500,0.741,51049600,0.742,44992300,383,100,0
sh513130,09:36:46,1765417008854,5614.29,0.9075,3.2345,0.738,0.738,0.0,677700,500127,0.738,0.737,91720500,0.736,103394400,0.735,104272200,0.734,36518200,0.733,31879800,0.738,68016900,0.739,132369700,0.74,112812800,0.741,51079500,0.742,44992300,344,100,0
sh513130,09:36:49,1765417011815,5614.35,0.9075,1.5443,0.738,0.738,0.0,604800,446015,0.7375,0.737,92375100,0.736,103398900,0.735,105138500,0.734,36118200,0.733,31879800,0.738,58028100,0.739,119594200,0.74,112804800,0.741,63453900,0.742,49011900,1392,100,0
sh513130,09:36:52,1765417015828,5614.74,0.9075,2.9969,0.738,0.738,0.0,113900,84048,0.7379,0.737,92731700,0.736,103381500,0.735,105996300,0.734,36118200,0.733,31881800,0.738,57827000,0.739,119593100,0.74,112824800,0.741,71645200,0.742,49011900,1086,100,0
sh513130,09:36:55,1765417017822,5614.01,0.9075,3.8713,0.737,0.738,-0.1355,50000,36885,0.7377,0.737,105761400,0.736,104674600,0.735,94863000,0.734,36118200,0.733,31881800,0.738,43311300,0.739,122217100,0.74,113346200,0.741,71693000,0.742,49041900,921,100,0
sh513130,09:36:58,1765417019835,5614.87,0.9075,3.6582,0.738,0.738,0.0,468000,345122,0.7374,0.737,94691000,0.736,104534100,0.735,107790200,0.734,36118200,0.733,31685300,0.738,55109500,0.739,122523100,0.74,113346200,0.741,71791600,0.742,49062100,780,100,0
sh513130,09:37:01,1765417022837,5613.93,0.9075,2.44,0.737,0.738,-0.1355,489900,361239,0.7374,0.737,94418300,0.736,104450300,0.735,107667500,0.734,36118200,0.733,31685300,0.738,58484000,0.739,122649500,0.74,112364700,0.741,71805000,0.742,49062100,364,100,0
sh513130,09:37:04,1765417026838,5613.7,0.9075,3.3978,0.738,0.738,0.0,332200,245132,0.7379,0.737,94015100,0.736,103451800,0.735,108551800,0.734,36728200,0.733,31685300,0.738,72169000,0.739,121104300,0.74,112517100,0.741,52807400,0.742,45042700,395,100,0
sh513130,09:37:07,1765417030853,5612.38,0.9075,2.8425,0.738,0.738,0.0,194700,143632,0.7377,0.737,63307200,0.736,103466400,0.735,110290500,0.734,46728200,0.733,31695300,0.738,79083500,0.739,131766600,0.74,111705900,0.741,52807400,0.742,45092700,370,100,0
sh513130,09:37:10,1765417032853,5610.87,0.9075,3.5045,0.737,0.738,-0.1355,530800,391720,0.738,0.737,44812200,0.736,111923700,0.735,111175800,0.734,46728200,0.733,31701500,0.738,80956600,0.739,131703300,0.74,112994400,0.741,52809400,0.742,45094200,391,100,0
sh513130,09:37:13,1765417034848,5610.19,0.9075,2.1519,0.737,0.738,-0.1355,3231600,2381725,0.737,0.737,20096400,0.736,112058100,0.735,112358100,0.734,46728200,0.733,31706000,0.738,80490700,0.739,130862300,0.74,112982400,0.741,52839100,0.742,45094200,346,100,0
sh513130,09:37:16,1765417037846,5609.43,0.9075,1.6781,0.737,0.738,-0.1355,759100,559864,0.7375,0.737,18535100,0.736,112063500,0.735,112398100,0.734,47593700,0.733,31706000,0.738,81952400,0.739,130454200,0.74,112982400,0.741,52828400,0.742,45104900,1394,100,0
sh513130,09:37:19,1765417041854,5611.12,0.9075,0.2935,0.738,0.738,0.0,397000,292670,0.7372,0.737,55941500,0.736,112866500,0.735,112408600,0.734,47593700,0.733,31709000,0.738,81448900,0.739,130454200,0.74,113019500,0.741,52833800,0.742,45103900,1230,100,0
sh513130,09:37:22,1765417043866,5610.81,0.9075,0.0723,0.737,0.738,-0.1355,188500,138993,0.7374,0.737,55452300,0.736,112894300,0.735,112393300,0.734,48459200,0.733,31709000,0.738,83328400,0.739,130614700,0.74,112983800,0.741,52964100,0.742,45105000,1098,100,0
sh513130,09:37:25,1765417047865,5610.5,0.9075,-0.148,0.737,0.738,-0.1355,1847000,1361464,0.7371,0.737,15705700,0.736,100895300,0.735,111413300,0.734,61322300,0.733,31709000,0.738,82460500,0.739,131737800,0.74,113001400,0.741,53099100,0.742,45105000,799,100,0
sh513130,09:37:28,1765417051867,5608.62,0.9075,2.7858,0.737,0.738,-0.1355,16020600,11806967,0.737,0.736,96360100,0.735,94487100,0.734,61372300,0.733,39110000,0.732,19841800,0.737,54606700,0.738,81156100,0.739,127824800,0.74,97016700,0.741,49071500,491,100,0
sh513130,09:37:31,1765417052872,5607.85,0.9075,3.2363,0.737,0.7374,-0.0542,347600,256181,0.737,0.736,96042900,0.735,94489400,0.734,62244100,0.733,39165700,0.732,19841800,0.737,70586600,0.738,90008800,0.739,126906600,0.74,76700000,0.741,49051200,441,100,0
sh513130,09:37:34,1765417055872,5606.3,0.9075,4.0163,0.737,0.7374,-0.0542,21100,15550,0.737,0.736,82212700,0.735,107896400,0.734,68117600,0.733,54562700,0.732,24888800,0.737,73074200,0.738,91107800,0.739,126761600,0.74,76399100,0.741,49065500,179,100,0
sh513130,09:37:37,1765417058881,5605.76,0.9075,1.6846,0.736,0.7374,-0.1899,622000,458385,0.737,0.736,99654800,0.735,99570000,0.734,69983100,0.733,44592700,0.732,24888800,0.737,72712400,0.738,90759100,0.739,126712900,0.74,76336700,0.741,49065500,431,100,0
sh513130,09:37:40,1765417062887,5604.12,0.9075,1.5974,0.736,0.7367,-0.095,239800,176688,0.7368,0.736,99255200,0.735,99670000,0.734,70849100,0.733,44592700,0.732,24893800,0.737,72763000,0.738,90463600,0.739,126648900,0.74,76443900,0.741,49065500,380,100,0
sh513130,09:37:43,1765417065891,5605.6,0.9075,1.1019,0.736,0.7367,-0.095,230100,169354,0.736,0.736,98960900,0.735,100082300,0.734,71714600,0.733,44602500,0.732,24893800,0.737,72922600,0.738,91338900,0.739,126798600,0.74,76434900,0.741,49065500,1450,100,0
sh513130,09:37:46,1765417068897,5604.32,0.9075,0.4513,0.736,0.7367,-0.095,576100,424033,0.736,0.736,96482300,0.735,100256200,0.734,72580100,0.733,44202500,0.732,24893800,0.737,72830600,0.738,92404900,0.739,126927800,0.74,76344900,0.741,48828900,270,100,0
sh513130,09:37:49,1765417071903,5605.54,0.9075,0.2998,0.736,0.7367,-0.095,1107500,815124,0.736,0.736,96003500,0.735,100254200,0.734,73455600,0.733,44232000,0.732,24893800,0.737,66361100,0.738,83958900,0.739,126930100,0.74,96322500,0.741,52826500,1118,100,0
sh513130,09:37:52,1765417075916,5605.14,0.9075,1.042,0.737,0.7367,0.0407,125400,92388,0.7367,0.736,96702000,0.735,100068200,0.734,72465600,0.733,44252000,0.732,24903900,0.737,82428900,0.738,94020200,0.739,126906900,0.74,76403800,0.741,48828900,813,100,0
sh513130,09:37:55,1765417077907,5604.48,0.9075,0.9946,0.736,0.7374,-0.1899,179100,131839,0.7361,0.736,95375400,0.735,99989400,0.734,74356700,0.733,44252000,0.732,25103900,0.737,82744200,0.738,94162000,0.739,127052600,0.74,76624200,0.741,48741900,643,100,0
sh513130,09:37:58,1765417081917,5603.59,0.9075,2.0464,0.737,0.7374,-0.0542,569200,418987,0.7361,0.736,95016400,0.735,99989400,0.734,75227300,0.733,44262500,0.732,25103900,0.737,85584000,0.738,94103500,0.739,126640300,0.74,76624400,0.741,48755000,334,100,0
sh513130,09:38:01,1765417083917,5603.61,0.9075,3.5319,0.736,0.7367,-0.095,105300,77518,0.7362,0.736,84632700,0.735,100004300,0.734,76092800,0.733,54655500,0.732,25103900,0.737,86842900,0.738,93547200,0.739,125973300,0.74,76541900,0.741,48755000,185,100,0
sh513130,09:38:04,1765417086916,5602.14,0.9075,5.4331,0.736,0.7367,-0.095,937100,689716,0.736,0.736,44900800,0.735,108904300,0.734,106959200,0.733,54655500,0.732,25103900,0.737,89906900,0.738,86730700,0.739,125973300,0.74,76700800,0.741,48660200,456,100,0
sh513130,09:38:07,1765417088925,5601.52,0.9075,4.2216,0.736,0.7367,-0.095,173800,128020,0.7366,0.736,44546700,0.735,108960600,0.734,108853900,0.733,54655500,0.732,25114400,0.737,91069100,0.738,87223300,0.739,126151300,0.74,76785600,0.741,48525200,426,100,0
sh513130,09:38:10,1765417092932,5602.63,0.9075,3.312,0.736,0.7367,-0.095,1250700,920535,0.736,0.736,92600800,0.735,100566400,0.734,109743600,0.733,44405500,0.732,25115800,0.737,92709700,0.738,86880200,0.739,126218000,0.74,76634900,0.741,48532800,493,100,0
sh513130,09:38:13,1765417094928,5603.37,0.9075,2.4976,0.736,0.7367,-0.095,289300,212937,0.736,0.736,73778900,0.735,109084500,0.734,109617200,0.733,54425500,0.732,25207300,0.737,93208800,0.738,88347500,0.739,126212600,0.74,76706000,0.741,48545700,426,100,0
sh513130,09:38:16,1765417098938,5602.18,0.9075,0.807,0.736,0.7367,-0.095,928900,683706,0.736,0.736,78348000,0.735,100812600,0.734,110575700,0.733,54426000,0.732,25214200,0.737,94413400,0.738,86507600,0.739,126617600,0.74,76506600,0.741,48545700,130,100,0
sh513130,09:38:19,1765417101947,5602.28,0.9075,1.2057,0.736,0.7367,-0.095,232300,171075,0.7364,0.736,61311600,0.735,109386000,0.734,111448200,0.733,54836000,0.732,25214200,0.737,96704000,0.738,87934800,0.739,126439800,0.74,76544600,0.741,48545700,988,100,0
sh513130,09:38:22,1765417104948,5601.24,0.9075,1.7157,0.737,0.7367,0.0407,2035300,1497988,0.736,0.736,40037200,0.735,110195400,0.734,117303700,0.733,54886000,0.732,30583000,0.737,103141000,0.738,93389500,0.739,131464900,0.74,76543200,0.741,48545700,509,100,0
sh513130,09:38:25,1765417107957,5602.17,0.9075,2.9919,0.736,0.7367,-0.095,2278900,1677270,0.736,0.736,38102700,0.735,115575400,0.734,118197600,0.733,59951000,0.732,25203000,0.737,103245000,0.738,91583800,0.739,131464900,0.74,76560200,0.741,48213900,543,100,0
sh513130,09:38:28,1765417110955,5601.33,0.9075,2.4217,0.736,0.7367,-0.095,149900,110327,0.736,0.736,57216100,0.735,115577700,0.734,118934000,0.733,59941500,0.732,25254000,0.737,105006500,0.738,92004500,0.739,131525900,0.74,76593200,0.741,48213900,475,100,0
sh513130,09:38:31,1765417112956,5600.77,0.9075,-0.7123,0.736,0.7367,-0.095,350700,258165,0.7361,0.736,57156700,0.735,115710300,0.734,118653400,0.733,60808900,0.732,25254000,0.737,106021500,0.738,91843700,0.739,131365900,0.74,76519000,0.741,48213900,507,100,0
sh513130,09:38:34,1765417116964,5601.37,0.9075,1.2751,0.736,0.7367,-0.095,165400,121734,0.736,0.736,38091500,0.735,115793600,0.734,118998600,0.733,61675600,0.732,25254000,0.737,106849100,0.738,92530000,0.739,131415900,0.74,76393800,0.741,48213900,466,100,0
sh513130,09:38:37,1765417118980,5601.16,0.9075,1.7037,0.736,0.7367,-0.095,2296200,1690254,0.7361,0.736,35912900,0.735,115939500,0.734,118672400,0.733,62545300,0.732,25254000,0.737,108144900,0.738,93011800,0.739,131415900,0.74,76443800,0.741,48218000,557,100,0
sh513130,09:38:40,1765417122985,5601.4,0.9075,4.1719,0.736,0.736,0.0,1794200,1320532,0.736,0.736,80800600,0.735,107626300,0.734,118672400,0.733,53007300,0.732,25274100,0.737,109932400,0.738,92114900,0.739,131488600,0.74,76514600,0.741,48204600,467,100,0
sh513130,09:38:43,1765417125988,5601.67,0.9075,4.5178,0.737,0.736,0.1359,999800,736002,0.7361,0.736,47879800,0.735,116027900,0.734,118682400,0.733,59287300,0.732,25275100,0.737,110007300,0.738,93206300,0.739,131488000,0.74,76524600,0.741,48762500,1317,100,0
sh513130,09:38:46,1765417127990,5602.54,0.9075,6.074,0.737,0.7367,0.0407,639600,470786,0.7361,0.736,83296800,0.735,108292400,0.734,118849300,0.733,49767500,0.732,25275100,0.737,109788000,0.738,92209300,0.739,130771800,0.74,76544600,0.741,48762500,1168,100,0
sh513130,09:38:49,1765417131994,5603.07,0.9075,3.8991,0.736,0.7367,-0.095,806400,593511,0.736,0.736,82925400,0.735,108422600,0.734,117869300,0.733,50688500,0.732,25275100,0.737,109787800,0.738,92220600,0.739,130801800,0.74,76617600,0.741,48762500,863,100,0
sh513130,09:38:52,1765417134997,5603.02,0.9075,3.6558,0.736,0.7367,-0.095,124100,91338,0.736,0.736,82990200,0.735,108260100,0.734,119019300,0.733,51555100,0.732,25275100,0.737,109834200,0.738,92256200,0.739,130836700,0.74,77264300,0.741,48762500,473,100,0
sh513130,09:38:55,1765417137004,5603.68,0.9075,3.8487,0.736,0.7367,-0.095,58800,43281,0.7361,0.736,72545500,0.735,108259600,0.734,118023300,0.733,62421800,0.732,25270000,0.737,109827200,0.738,92510600,0.739,130884800,0.74,77269900,0.741,48764500,534,100,0
sh513130,09:38:58,1765417141012,5603.84,0.9075,4.3114,0.737,0.7367,0.0407,743100,547078,0.7362,0.736,82658600,0.735,108261600,0.734,119023300,0.733,52472300,0.732,25270000,0.737,110903200,0.738,92674100,0.739,132194000,0.74,77323100,0.741,48764500,527,100,0
sh513130,09:39:01,1765417143018,5604.13,0.9075,4.8872,0.736,0.7367,-0.095,46100,33930,0.736,0.736,62863600,0.735,116691600,0.734,119034700,0.733,62488200,0.732,25275000,0.737,112072400,0.738,92634500,0.739,132295000,0.74,77533100,0.741,48779500,553,100,0
sh513130,09:39:04,1765417147024,5603.41,0.9075,3.6923,0.736,0.7367,-0.095,25700,18917,0.7361,0.736,81263700,0.735,108216100,0.734,119034700,0.733,52892200,0.732,25275000,0.737,112972200,0.738,93027200,0.739,131931200,0.74,77535100,0.741,48779500,516,100,0
sh513130,09:39:07,1765417150025,5602.69,0.9075,2.6222,0.737,0.7367,0.0407,62000,45657,0.7364,0.736,25268900,0.735,116746300,0.734,119034700,0.733,67892200,0.732,25275000,0.737,114473500,0.738,95048200,0.739,131951700,0.74,78128100,0.741,48857500,1529,100,0
sh513130,09:39:10,1765417152020,5602.91,0.9075,2.9053,0.736,0.7367,-0.095,983600,723954,0.736,0.736,89195200,0.735,108618500,0.734,119036200,0.733,57492200,0.732,25280800,0.737,115246100,0.738,94339400,0.739,132146600,0.74,78229100,0.741,48857500,1499,100,0
sh513130,09:39:13,1765417156019,5603.24,0.9075,3.1914,0.736,0.7367,-0.095,107400,79046,0.736,0.736,94609100,0.735,108636300,0.734,119199400,0.733,52492200,0.732,25282800,0.737,117145900,0.738,94566600,0.739,132064700,0.74,78316200,0.741,48885200,1183,100,0
sh513130,09:39:16,1765417159034,5603.81,0.9075,2.737,0.736,0.7367,-0.095,340800,250839,0.736,0.736,99658400,0.735,108638300,0.734,119199400,0.733,47122200,0.732,25286800,0.737,107192900,0.738,82743900,0.739,132018800,0.74,98403000,0.741,52882800,584,100,0
sh513130,09:39:19,1765417161034,5604.98,0.9075,3.2255,0.736,0.7367,-0.095,282700,208328,0.7369,0.736,102297600,0.735,109938500,0.734,106859900,0.733,45122200,0.732,25286800,0.737,104469600,0.738,85763000,0.739,132060800,0.74,98489800,0.741,52902800,590,100,0
sh513130,09:39:22,1765417164042,5604.47,0.9075,2.472,0.737,0.7367,0.0407,28500,20986,0.7364,0.736,102700800,0.735,109270200,0.734,118862500,0.733,43378800,0.732,25286800,0.737,101533200,0.738,85780200,0.739,132061000,0.74,98512800,0.741,52872000,579,100,0
sh513130,09:39:25,1765417167043,5604.15,0.9075,3.424,0.736,0.7374,-0.1899,340800,250907,0.7362,0.736,102539500,0.735,110271300,0.734,118882500,0.733,44245500,0.732,25273200,0.737,102142700,0.738,85782200,0.739,132064300,0.74,98547800,0.741,52872000,572,100,0
sh513130,09:39:28,1765417170038,5604.49,0.9075,4.2954,0.737,0.7374,-0.0542,197700,145623,0.7366,0.736,114910000,0.735,110237300,0.734,106884900,0.733,37317200,0.732,25273200,0.737,94174900,0.738,85723700,0.739,132064300,0.74,101577800,0.741,52872000,113,100,0
sh513130,09:39:31,1765417174046,5605.37,0.9075,4.4705,0.736,0.7374,-0.1899,492800,362729,0.7361,0.736,114626100,0.735,109308800,0.734,106887900,0.733,38163900,0.732,25273200,0.737,98073500,0.738,85971800,0.739,132049300,0.74,98596600,0.741,52872000,1603,100,0
sh513130,09:39:34,1765417176054,5604.65,0.9075,3.8568,0.736,0.7374,-0.1899,210300,154795,0.7361,0.736,104616800,0.735,109287800,0.734,117888500,0.733,39030600,0.732,25368800,0.737,98371000,0.738,86063900,0.739,132212900,0.74,98705100,0.741,52872000,1585,100,0
sh513130,09:39:37,1765417179056,5604.92,0.9075,3.3773,0.736,0.7374,-0.1899,105700,77808,0.7361,0.736,117253500,0.735,109291800,0.734,105870900,0.733,39897300,0.732,25368800,0.737,95689600,0.738,86460200,0.739,132235900,0.74,106740000,0.741,52862000,487,100,0
sh513130,09:39:40,1765417182053,5605.91,0.9075,2.3639,0.736,0.7374,-0.1899,83900,61751,0.736,0.736,117364600,0.735,109455600,0.734,105870900,0.733,40746600,0.732,25368800,0.737,98890700,0.738,86466500,0.739,132215700,0.74,103401700,0.741,52852000,1332,100,0
sh513130,09:39:43,1765417185069,5605.69,0.9075,4.3987,0.737,0.7374,-0.0542,625000,460003,0.736,0.736,104693800,0.735,109340000,0.734,117868500,0.733,41613300,0.732,25368800,0.737,98910100,0.738,88528400,0.739,132389100,0.74,103401700,0.741,52852000,38,100,0
sh513130,09:39:46,1765417188077,5604.82,0.9075,6.2147,0.736,0.7374,-0.1899,286100,210635,0.7362,0.736,105060600,0.735,109409900,0.734,118068500,0.733,42480000,0.732,25368800,0.737,121382800,0.738,97976300,0.739,132332100,0.74,78450600,0.741,48862600,891,100,0
sh513130,09:39:49,1765417192080,5605.36,0.9075,3.5082,0.736,0.7374,-0.1899,184000,135595,0.7369,0.736,104901900,0.735,109467000,0.734,119058500,0.733,43346700,0.732,25374000,0.737,105844400,0.738,88863300,0.739,132305100,0.74,98448200,0.741,52860200,580,100,0
sh513130,09:39:52,1765417195081,5605.55,0.9075,2.5753,0.736,0.7374,-0.1899,43800,32237,0.736,0.736,104620100,0.735,109442300,0.734,119108500,0.733,44227400,0.732,25374000,0.737,121589300,0.738,98266600,0.739,132250300,0.74,78429600,0.741,48862600,617,100,0
sh513130,09:39:55,1765417197090,5605.24,0.9075,4.4201,0.736,0.7374,-0.1899,410000,301761,0.736,0.736,105182100,0.735,109342300,0.734,119122100,0.733,45094100,0.732,25377000,0.737,106135100,0.738,88962400,0.739,132277200,0.74,99068000,0.741,52881500,646,100,0
sh513130,09:39:58,1765417201084,5605.36,0.9075,3.4187,0.736,0.7374,-0.1899,333300,245356,0.7361,0.736,118469400,0.735,109341300,0.734,106151200,0.733,45107700,0.732,25391300,0.737,105962900,0.738,89563200,0.739,132527200,0.74,99028000,0.741,52881500,646,100,0
sh513130,09:40:01,1765417204099,5606.82,0.9075,3.3303,0.736,0.7374,-0.1899,244700,180150,0.7362,0.736,106915200,0.735,109353300,0.734,118150800,0.733,41640900,0.732,25391300,0.737,106300700,0.738,89783700,0.739,132141200,0.74,99630800,0.741,52905500,836,100,0
sh513130,09:40:04,1765417207102,5606.99,0.9075,2.6334,0.737,0.7374,-0.0542,996600,733568,0.7361,0.736,106149800,0.735,109353300,0.734,118050800,0.733,42567500,0.732,25426300,0.737,106304300,0.738,89789600,0.739,132269300,0.74,99730800,0.741,52905500,464,100,0
sh513130,09:40:07,1765417210105,5607.58,0.9075,4.7875,0.737,0.7374,-0.0542,40605300,29926012,0.737,0.736,118216300,0.735,111219000,0.734,95845500,0.733,37367300,0.732,25426300,0.737,210300,0.738,90201600,0.739,132265500,0.74,107730800,0.741,52905500,1312,100,0
sh513130,09:40:10,1765417213108,5606.57,0.9075,3.9096,0.736,0.7374,-0.1899,5168500,3809184,0.737,0.736,105110400,0.735,110126800,0.734,107914700,0.733,37369300,0.732,25427800,0.737,58822700,0.738,90835600,0.739,134546500,0.74,105130800,0.741,52905500,10,100,0
sh513130,09:40:13,1765417216114,5606.61,0.9075,3.2464,0.736,0.7374,-0.1899,117800,86746,0.7364,0.736,106847800,0.735,109535200,0.734,108795200,0.733,37519300,0.732,25439800,0.737,67389800,0.738,91436800,0.739,133169200,0.74,100131000,0.741,52905500,862,100,0
sh513130,09:40:16,1765417219115,5605.7,0.9075,2.3043,0.736,0.7374,-0.1899,164900,121367,0.736,0.736,107439200,0.735,109953400,0.734,109680700,0.733,37519300,0.732,25439800,0.737,75507900,0.738,90736800,0.739,133169200,0.74,92151000,0.741,52905500,601,100,0
sh513130,09:40:19,1765417222115,5606.12,0.9075,2.1006,0.737,0.7374,-0.0542,304000,224045,0.737,0.736,107535800,0.735,110068400,0.734,110546200,0.733,37519500,0.732,25439800,0.737,77857700,0.738,90798500,0.739,132039200,0.74,91751000,0.741,53142000,378,100,0
sh513130,09:40:22,1765417225121,5606.93,0.9075,2.1121,0.737,0.7374,-0.0542,85700,63091,0.7362,0.736,120121100,0.735,109789000,0.734,99444100,0.733,37469000,0.732,25439800,0.737,68665300,0.738,90828500,0.739,132016100,0.74,100332700,0.741,53074000,625,100,0
sh513130,09:40:25,1765417227118,5606.94,0.9075,2.4764,0.736,0.7374,-0.1899,184100,135504,0.736,0.736,120337800,0.735,111864200,0.734,96022000,0.733,37569000,0.732,25432900,0.737,32105600,0.738,93409700,0.739,132927700,0.74,103083100,0.741,53074000,607,100,0
sh513130,09:40:28,1765417231133,5608.62,0.9075,4.2178,0.737,0.7374,-0.0542,11468700,8452426,0.737,0.737,49659200,0.736,114609500,0.735,106728600,0.734,72028900,0.733,37619000,0.738,87176400,0.739,128901300,0.74,103103100,0.741,53072100,0.742,50298600,641,100,0
sh513130,09:40:31,1765417234134,5608.54,0.9075,3.2792,0.737,0.7374,-0.0542,8771600,6464669,0.737,0.736,116893700,0.735,107366100,0.734,71628900,0.733,37732500,0.732,25432900,0.737,20071800,0.738,88930200,0.739,129924500,0.74,102627300,0.741,53082100,1306,100,0
sh513130,09:40:34,1765417237134,5607.53,0.9075,1.8814,0.737,0.7374,-0.0542,1403400,1034306,0.737,0.736,116693200,0.735,109563000,0.734,72108900,0.733,37722500,0.732,25433000,0.737,5858300,0.738,87834300,0.739,130534500,0.74,102339500,0.741,53202100,319,100,0
sh513130,09:40:37,1765417239146,5607.27,0.9075,1.4408,0.737,0.7374,-0.0542,508200,374543,0.737,0.736,116990900,0.735,109392100,0.734,72258900,0.733,37712700,0.732,25423000,0.737,52789400,0.738,85378900,0.739,130622300,0.74,99388400,0.741,53202100,178,100,0
sh513130,09:40:40,1765417242150,5607.4,0.9075,4.1702,0.737,0.7374,-0.0542,1162800,856984,0.737,0.736,117308500,0.735,111254000,0.734,72234900,0.733,37727800,0.732,25423000,0.737,30549200,0.738,90550900,0.739,129743200,0.74,99388400,0.741,53771900,1024,100,0
sh513130,09:40:43,1765417246150,5607.54,0.9075,1.7383,0.736,0.7374,-0.1899,498900,367643,0.7369,0.736,105199600,0.735,104917600,0.734,84316600,0.733,37727800,0.732,25423000,0.737,54842500,0.738,87979700,0.739,130743200,0.74,96342400,0.741,53771900,702,100,0
sh513130,09:40:46,1765417249154,5607.32,0.9075,2.4337,0.737,0.7374,-0.0542,92500,68163,0.7369,0.736,117072900,0.735,106814900,0.734,72372800,0.733,37907700,0.732,25423000,0.737,59183200,0.738,95818800,0.739,134117000,0.74,96342400,0.741,53771900,678,100,0
sh513130,09:40:49,1765417252156,5607.42,0.9075,3.5289,0.736,0.7374,-0.1899,190000,140019,0.7369,0.736,117508100,0.735,106379700,0.734,72372800,0.733,37907700,0.732,25511200,0.737,58099300,0.738,88351600,0.739,130087000,0.74,96341000,0.741,53771900,219,100,0
sh513130,09:40:52,1765417254164,5606.72,0.9075,3.1945,0.737,0.7374,-0.0542,27700,20398,0.7364,0.736,117577700,0.735,108192900,0.734,72497100,0.733,37906200,0.732,25511200,0.737,56099700,0.738,91007000,0.739,129133400,0.74,96341000,0.741,53782300,74,100,0
sh513130,09:40:55,1765417257165,5607.89,0.9075,5.5652,0.736,0.7374,-0.1899,75600,55693,0.7367,0.736,118084100,0.735,108925500,0.734,72596000,0.733,37906200,0.732,25511700,0.737,12898900,0.738,91010400,0.739,129567300,0.74,99391000,0.741,53857800,683,100,0
sh513130,09:40:58,1765417260171,5606.85,0.9075,4.4864,0.737,0.7374,-0.0542,641200,472454,0.7368,0.736,105928900,0.735,104476700,0.734,84731100,0.733,37864500,0.732,25531700,0.737,58987900,0.738,89398700,0.739,129754400,0.74,76394400,0.741,53857800,1711,100,0
sh513130,09:41:01,1765417263182,5607.63,0.9075,2.5004,0.736,0.7374,-0.1899,180500,132988,0.7368,0.736,118071200,0.735,106336000,0.734,72753900,0.733,37864500,0.732,25541700,0.737,34752700,0.738,92537400,0.739,129844400,0.74,99407000,0.741,53857800,438,100,0
sh513130,09:41:04,1765417267194,5608.49,0.9075,1.4931,0.737,0.7374,-0.0542,241500,177986,0.737,0.736,117986300,0.735,106817100,0.734,72677900,0.733,37884500,0.732,25627900,0.737,33682700,0.738,92580900,0.739,129824400,0.74,99407000,0.741,53857800,134,100,0
sh513130,09:41:07,1765417269200,5608.3,0.9075,1.4749,0.737,0.7374,-0.0542,66900,49299,0.7369,0.736,118156900,0.735,107706400,0.734,72684500,0.733,37882900,0.732,25502000,0.737,46926000,0.738,93967600,0.739,129958900,0.74,99408000,0.741,53887800,746,100,0
sh513130,09:41:10,1765417272203,5608.99,0.9075,2.4094,0.737,0.7374,-0.0542,420900,309996,0.7365,0.736,118221400,0.735,108518600,0.734,72684500,0.733,37882900,0.732,25522000,0.737,34281700,0.738,93829800,0.739,129959200,0.74,99426200,0.741,53861400,837,100,0
sh513130,09:41:13,1765417275203,5609.33,0.9075,2.3975,0.737,0.7374,-0.0542,56000,41271,0.737,0.736,110453200,0.735,99494700,0.734,62688500,0.733,37868400,0.732,25522000,0.737,15890100,0.738,85911300,0.739,122117400,0.74,91429200,0.741,53859300,731,100,0
sh513130,09:41:16,1765417278212,5609.56,0.9075,5.497,0.736,0.7373,-0.1763,3950800,2911698,0.737,0.736,121321100,0.735,110627500,0.734,73368500,0.733,37868400,0.732,25574000,0.737,44217200,0.738,94172800,0.739,130220700,0.74,99869700,0.741,53859300,348,100,0
sh513130,09:41:19,1765417282211,5609.83,0.9075,6.6594,0.737,0.7373,-0.0407,1178500,868554,0.737,0.736,122190400,0.735,111491800,0.734,73368500,0.733,37758400,0.732,25709500,0.737,46556300,0.738,94506900,0.739,130320700,0.74,99969700,0.741,53859300,35,100,0
sh513130,09:41:22,1765417284220,5609.52,0.9075,5.0366,0.737,0.7374,-0.0542,398800,293913,0.737,0.736,123498100,0.735,112356100,0.734,73438500,0.733,37758400,0.732,25859500,0.737,9388200,0.738,94511500,0.739,130345100,0.74,99972700,0.741,54032800,1732,100,0
sh513130,09:41:25,1765417288223,5609.78,0.9075,2.2674,0.737,0.7374,-0.0542,471300,347323,0.7369,0.736,123747000,0.735,113204900,0.734,73463500,0.733,37808400,0.732,25859500,0.737,8100500,0.738,94819100,0.739,130347100,0.74,100011500,0.741,54062800,1742,100,0
sh513130,09:41:28,1765417291229,5609.97,0.9075,3.6767,0.737,0.7374,-0.0542,2967000,2186629,0.737,0.736,122888900,0.735,114089200,0.734,73463500,0.733,37818400,0.732,25859500,0.737,5814900,0.738,95719900,0.739,130347100,0.74,100001500,0.741,53524700,427,100,0
sh513130,09:41:31,1765417293238,5610.38,0.9075,1.2971,0.737,0.7374,-0.0542,329200,242487,0.7366,0.736,122805500,0.735,115233800,0.734,73463600,0.733,37828400,0.732,25916400,0.737,13878900,0.738,96112800,0.739,130244400,0.74,100032400,0.741,53474700,273,100,0
sh513130,09:41:34,1765417296238,5608.89,0.9075,1.2338,0.737,0.7374,-0.0542,149200,109954,0.737,0.736,123026200,0.735,116248000,0.734,74187100,0.733,37846000,0.732,25915000,0.737,29562300,0.738,96290700,0.739,130240200,0.74,100093200,0.741,53374700,1112,100,0
sh513130,09:41:37,1765417300241,5609.16,0.9075,0.8881,0.736,0.7374,-0.1899,42500,31285,0.7361,0.736,122997700,0.735,117022300,0.734,74187100,0.733,37846000,0.732,25915000,0.737,29633200,0.738,96626400,0.739,130699100,0.74,100083200,0.741,53374700,812,100,0
sh513130,09:41:40,1765417302248,5610.01,0.9075,1.7691,0.736,0.7374,-0.1899,116100,85523,0.7366,0.736,123298300,0.735,117916600,0.734,74198100,0.733,37846000,0.732,25915000,0.737,50899900,0.738,96606400,0.739,130562500,0.74,100086200,0.741,53379700,668,100,0
sh513130,09:41:43,1765417305252,5608.38,0.9075,1.8561,0.737,0.7374,-0.0542,224900,165719,0.7369,0.736,123202900,0.735,117780900,0.734,74248100,0.733,37846000,0.732,25915000,0.737,57330400,0.738,94156500,0.739,131567600,0.74,96686200,0.741,53359700,742,100,0
sh513130,09:41:46,1765417308253,5608.13,0.9075,2.1476,0.737,0.7374,-0.0542,143200,105466,0.7365,0.736,122583100,0.735,106687700,0.734,74248100,0.733,37846000,0.732,25915000,0.737,33866400,0.738,96732300,0.739,130587600,0.74,99804400,0.741,53359700,217,100,0
sh513130,09:41:49,1765417310257,5607.95,0.9075,2.5436,0.736,0.7374,-0.1899,258100,190041,0.7363,0.736,122602200,0.735,106552000,0.734,74248100,0.733,37851000,0.732,25915000,0.737,55018500,0.738,94474700,0.739,131577600,0.74,100211400,0.741,53359700,57,100,0
sh513130,09:41:52,1765417314261,5608.41,0.9075,1.651,0.736,0.7374,-0.1899,15600,11497,0.737,0.736,110078700,0.735,105890300,0.734,86245700,0.733,37851000,0.732,25915000,0.737,60883300,0.738,94655700,0.739,130559600,0.74,96818000,0.741,53359700,1808,100,0
sh513130,09:41:55,1765417316269,5607.57,0.9075,3.3487,0.736,0.7374,-0.1899,567500,417773,0.7362,0.736,114882200,0.735,106900300,0.734,86258700,0.733,37861000,0.732,25915000,0.737,61000300,0.738,94683900,0.739,132570100,0.74,97092400,0.741,53359700,1750,100,0
sh513130,09:41:58,1765417320270,5608.22,0.9075,3.6469,0.736,0.7374,-0.1899,113400,83462,0.736,0.736,116544100,0.735,106749600,0.734,86454200,0.733,37861000,0.732,25915000,0.737,62157900,0.738,94756400,0.739,132660600,0.74,97140700,0.741,53375300,1445,100,0
sh513130,09:42:01,1765417324276,5607.6,0.9075,4.4704,0.736,0.7374,-0.1899,41500,30544,0.736,0.736,129279200,0.735,111749600,0.734,80252100,0.733,38664200,0.732,25915000,0.737,59486900,0.738,102362800,0.739,136703200,0.74,97194200,0.741,53375300,1024,100,0
sh513130,09:42:04,1765417326292,5607.27,0.9075,4.1679,0.737,0.7374,-0.0542,223000,164164,0.7362,0.736,116469900,0.735,111425900,0.734,93131000,0.733,38664200,0.732,25915000,0.737,76750300,0.738,111969400,0.739,137628800,0.74,77230900,0.741,53375300,983,100,0
sh513130,09:42:04,1765417328291,5606.72,0.9075,3.4788,0.737,0.7374,-0.0542,223000,164164,0.7362,0.736,116469900,0.735,111425900,0.734,93131000,0.733,38664200,0.732,25915000,0.737,76750300,0.738,111969400,0.739,137628800,0.74,77230900,0.741,53375300,822,100,0
sh513130,09:42:07,1765417329280,5607.87,0.9075,4.1772,0.737,0.7374,-0.0542,76000,55967,0.7364,0.736,129259300,0.735,112425900,0.734,80923100,0.733,38598200,0.732,25915000,0.737,42322700,0.738,102287300,0.739,135605500,0.74,100227500,0.741,53375300,746,100,0
sh513130,09:42:10,1765417332289,5607.42,0.9075,5.1274,0.737,0.7374,-0.0542,28319600,20871545,0.737,0.737,20163500,0.736,129564600,0.735,112287800,0.734,80923100,0.733,38598200,0.738,104591600,0.739,137553500,0.74,105643500,0.741,53375300,0.742,51246800,505,100,0
sh513130,09:42:13,1765417336303,5607.93,0.9075,2.5519,0.737,0.7374,-0.0542,4728300,3484757,0.737,0.736,130819800,0.735,113883000,0.734,80724100,0.733,38598200,0.732,26095000,0.737,4958700,0.738,105374500,0.739,137889200,0.74,105648500,0.741,53378300,212,100,0
sh513130,09:42:16,1765417338303,5607.91,0.9075,2.0317,0.737,0.7374,-0.0542,92700,68318,0.737,0.736,131191600,0.735,115019500,0.734,82134100,0.733,39733100,0.732,26095000,0.737,1488200,0.738,104679000,0.739,138884000,0.74,106038500,0.741,53378300,51,100,0
sh513130,09:42:19,1765417341302,5607.88,0.9075,1.9303,0.736,0.7374,-0.1899,145300,106953,0.7361,0.736,131210000,0.735,116832700,0.734,82134100,0.733,39713100,0.732,26095000,0.737,3910300,0.738,105540600,0.739,137883000,0.74,106272100,0.741,54368300,775,100,0
sh513130,09:42:22,1765417344301,5607.67,0.9075,1.1219,0.737,0.7374,-0.0542,360600,265762,0.737,0.736,131111500,0.735,116747000,0.734,82083800,0.733,39713100,0.732,26107400,0.737,50127100,0.738,102955300,0.739,138906800,0.74,105272100,0.741,54368300,1725,100,0
sh513130,09:42:25,1765417347319,5607.64,0.9075,1.04,0.737,0.7374,-0.0542,543500,400560,0.737,0.736,131600100,0.735,118570300,0.734,82083800,0.733,39713100,0.732,26107400,0.737,24089400,0.738,105847100,0.739,137596000,0.74,105272100,0.741,54384600,452,100,0
sh513130,09:42:28,1765417350318,5607.75,0.9075,0.2245,0.737,0.7374,-0.0542,4500800,3317089,0.737,0.737,2700300,0.736,131240000,0.735,118432000,0.734,82112400,0.733,39718100,0.738,105516600,0.739,138591000,0.74,105249400,0.741,54384600,0.742,52508100,1296,100,0
sh513130,09:42:31,1765417354314,5608.13,0.9075,1.6818,0.737,0.7374,-0.0542,9865000,7270513,0.737,0.737,13059300,0.736,130966800,0.735,120307200,0.734,81767400,0.733,39712000,0.738,106126300,0.739,138880800,0.74,105660700,0.741,54384600,0.742,52508200,977,100,0
sh513130,09:42:34,1765417356327,5608.14,0.9075,3.3085,0.737,0.7374,-0.0542,1622700,1195893,0.737,0.736,131449500,0.735,120899300,0.734,82252400,0.733,39712000,0.732,26107400,0.737,21623900,0.738,105873700,0.739,138832200,0.74,105842100,0.741,54384600,842,100,0
sh513130,09:42:37,1765417360333,5607.62,0.9075,3.259,0.737,0.7374,-0.0542,128900,94899,0.7362,0.736,131068500,0.735,122110500,0.734,82252400,0.733,39671100,0.732,26107400,0.737,21777100,0.738,106271100,0.739,137561400,0.74,105452100,0.741,54397600,539,100,0
sh513130,09:42:40,1765417362328,5606.76,0.9075,2.9702,0.737,0.7374,-0.0542,290100,213804,0.737,0.736,119485400,0.735,122024800,0.734,94249000,0.733,39671100,0.732,26107400,0.737,50884200,0.738,103808900,0.739,138676400,0.74,102339200,0.741,54397600,371,100,0
sh513130,09:42:43,1765417366336,5607.04,0.9075,1.0221,0.737,0.7374,-0.0542,133900,98673,0.7369,0.736,131581900,0.735,112600400,0.734,82251400,0.733,39662900,0.732,26107400,0.737,51637100,0.738,103827400,0.739,138696800,0.74,102439200,0.741,54684000,81,100,0
sh513130,09:42:46,1765417369344,5606.76,0.9075,2.219,0.737,0.7374,-0.0542,23000,16951,0.737,0.736,131854800,0.735,113658900,0.734,83116900,0.733,40650100,0.732,26107400,0.737,40537200,0.738,106436100,0.739,137787200,0.74,105439200,0.741,54774700,840,100,0
sh513130,09:42:49,1765417371344,5607.07,0.9075,1.7179,0.737,0.7374,-0.0542,626600,461697,0.7368,0.736,131745800,0.735,114503200,0.734,82251400,0.733,40650100,0.732,26107400,0.737,49813400,0.738,106424100,0.739,137804400,0.74,102457800,0.741,54777900,769,100,0
sh513130,09:42:52,1765417374345,5606.56,0.9075,2.1419,0.737,0.7374,-0.0542,186300,137294,0.737,0.736,131741000,0.735,115367500,0.734,82251400,0.733,40670100,0.732,26107400,0.737,31007000,0.738,106309100,0.739,138203500,0.74,105458800,0.741,54777900,1614,100,0
sh513130,09:42:55,1765417378354,5607.53,0.9075,3.8801,0.737,0.7374,-0.0542,3283800,2420160,0.737,0.737,6212100,0.736,131740400,0.735,115328700,0.734,82251400,0.733,40670100,0.738,106198300,0.739,139052500,0.74,105752200,0.741,54777900,0.742,52540900,1313,100,0
sh513130,09:42:58,1765417381362,5609.17,0.9075,2.576,0.737,0.7374,-0.0542,151200,111435,0.737,0.737,60291500,0.736,131937900,0.735,115896800,0.734,71851400,0.733,40670100,0.738,106952600,0.739,139378000,0.74,106153600,0.741,54777900,0.742,52540900,12,100,0
sh513130,09:43:01,1765417384365,5609.89,0.9075,2.9924,0.737,0.7374,-0.0542,69700,51379,0.7371,0.737,67796000,0.736,126999400,0.735,111667500,0.734,59471400,0.733,40670100,0.738,101020700,0.739,134378000,0.74,100103600,0.741,54777900,0.742,52432200,857,100,0
sh513130,09:43:04,1765417386368,5611.44,0.9075,4.4065,0.737,0.7374,-0.0542,1369500,1009390,0.7371,0.737,77582400,0.736,119574400,0.735,111571700,0.734,59471400,0.733,40670100,0.738,102249000,0.739,122200500,0.74,100111600,0.741,66765500,0.742,52432200,714,100,0
sh513130,09:43:07,1765417390378,5612.98,0.9075,6.2533,0.738,0.738,0.0,443500,326890,0.7371,0.737,94141100,0.736,120815500,0.735,100521400,0.734,59404700,0.733,39697500,0.738,91814600,0.739,122333100,0.74,101123700,0.741,77765500,0.742,52575400,408,100,0
sh513130,09:43:10,1765417392382,5613.52,0.9075,4.6439,0.738,0.738,0.0,574200,423631,0.7378,0.737,96737700,0.736,122222100,0.735,100505900,0.734,49018700,0.733,39697500,0.738,88698500,0.739,124945900,0.74,101123700,0.741,77765500,0.742,52674100,3,100,0
sh513130,09:43:13,1765417395373,5613.97,0.9075,4.1148,0.737,0.738,-0.1355,18000,13268,0.7371,0.737,96771600,0.736,123810800,0.735,100090900,0.734,49040200,0.733,39697500,0.738,92045700,0.739,122366900,0.74,102268400,0.741,77765500,0.742,52674100,929,100,0
sh513130,09:43:16,1765417398381,5614.55,0.9075,3.388,0.737,0.738,-0.1355,32000,23587,0.7371,0.737,98013500,0.736,124664000,0.735,100778900,0.734,49046100,0.733,39697500,0.738,85043400,0.739,125019700,0.74,101273600,0.741,77675000,0.742,52674100,7,100,0
sh513130,09:43:19,1765417402392,5614.02,0.9075,1.9654,0.738,0.738,0.0,1389800,1025452,0.7378,0.737,87070700,0.736,125689800,0.735,113170900,0.734,49046100,0.733,41696100,0.738,95879000,0.739,122369700,0.74,102275600,0.741,74675000,0.742,52674100,14,100,0
sh513130,09:43:22,1765417405381,5613.99,0.9075,2.0396,0.737,0.738,-0.1355,33100,24418,0.7377,0.737,87502300,0.736,121931800,0.735,113124900,0.734,49046100,0.733,41696100,0.738,104236800,0.739,122350400,0.74,102231400,0.741,66665000,0.742,52675600,308,100,0
sh513130,09:43:25,1765417407397,5613.96,0.9075,1.4361,0.737,0.738,-0.1355,187400,138114,0.737,0.737,100639600,0.736,122190800,0.735,101167300,0.734,49046100,0.733,41696100,0.738,93381400,0.739,122391500,0.74,102268000,0.741,77665000,0.742,52735600,168,100,0
sh513130,09:43:28,1765417410398,5614.48,0.9075,0.9962,0.738,0.738,0.0,33200,24488,0.7376,0.737,103113600,0.736,122172200,0.735,102031600,0.734,49725000,0.733,41706100,0.738,94635300,0.739,125004500,0.74,102278500,0.741,74996800,0.742,52551400,1020,100,0
sh513130,09:43:31,1765417413401,5613.02,0.9075,2.6705,0.738,0.738,0.0,78100,57569,0.7371,0.737,91383400,0.736,121318700,0.735,114893500,0.734,49082500,0.733,41706100,0.738,98274300,0.739,122384700,0.74,102344900,0.741,74996800,0.742,52551400,947,100,0
sh513130,09:43:34,1765417416404,5614.09,0.9075,4.21,0.738,0.738,0.0,76800,56631,0.7374,0.737,103984400,0.736,121815500,0.735,103660200,0.734,49082500,0.733,42386100,0.738,95946100,0.739,122468800,0.74,101586600,0.741,77870700,0.742,52551400,569,100,0
sh513130,09:43:37,1765417420409,5612.97,0.9075,3.3102,0.738,0.738,0.0,177900,131290,0.738,0.737,92102900,0.736,121736800,0.735,116522100,0.734,49103000,0.733,42382100,0.738,96634100,0.739,125065600,0.74,101586600,0.741,74910700,0.742,52572400,13,100,0
sh513130,09:43:40,1765417422407,5612.0,0.9075,3.352,0.738,0.738,0.0,8800,6489,0.7374,0.737,92313900,0.736,121840400,0.735,117097400,0.734,49103000,0.733,42382100,0.738,107229300,0.739,122592300,0.74,101591600,0.741,66927300,0.742,52924700,11,100,0
sh513130,09:43:43,1765417425417,5612.37,0.9075,3.4277,0.738,0.738,0.0,404700,298559,0.7377,0.737,91435900,0.736,121817900,0.735,117962700,0.734,49113000,0.733,42387400,0.738,99580800,0.739,122211200,0.74,102798700,0.741,73977300,0.742,52924700,959,100,0
sh513130,09:43:46,1765417428427,5611.98,0.9075,2.6745,0.738,0.738,0.0,116700,86115,0.7379,0.737,91923000,0.736,121693900,0.735,118827000,0.734,49113000,0.733,42387400,0.738,107498400,0.739,123181700,0.74,101931800,0.741,66977300,0.742,52914700,24,100,0
sh513130,09:43:49,1765417430420,5612.33,0.9075,1.4782,0.738,0.738,0.0,11400,8413,0.738,0.737,91883700,0.736,120703600,0.735,119698200,0.734,49113000,0.733,42387400,0.738,108903400,0.739,135250000,0.74,101846600,0.741,54980700,0.742,52914700,35,100,0
sh513130,09:43:49,1765417432422,5612.13,0.9075,2.0066,0.738,0.738,0.0,11400,8413,0.738,0.737,91883700,0.736,120703600,0.735,119698200,0.734,49113000,0.733,42387400,0.738,108903400,0.739,135250000,0.74,101846600,0.741,54980700,0.742,52914700,4,100,0
sh513130,09:43:52,1765417434425,5612.09,0.9075,0.411,0.738,0.738,0.0,10200,7526,0.7378,0.737,92046900,0.736,120698600,0.735,120420900,0.734,49293000,0.733,42387400,0.738,109094500,0.739,123283800,0.74,101846700,0.741,66978300,0.742,52910700,9,100,0
sh513130,09:43:55,1765417437431,5612.42,0.9075,2.4691,0.738,0.7381,-0.0135,202300,149272,0.7379,0.737,91965000,0.736,120708700,0.735,121285500,0.734,49293000,0.733,42367400,0.738,108014000,0.739,123571000,0.74,101836700,0.741,66978300,0.742,52926600,20,100,0
sh513130,09:43:58,1765417440449,5611.59,0.9075,1.2831,0.738,0.7381,-0.0135,98100,72387,0.7379,0.737,91994100,0.736,120572300,0.735,121577100,0.734,49293000,0.733,42367400,0.738,108065100,0.739,123593700,0.74,102832200,0.741,66978300,0.742,52911100,887,100,0
sh513130,09:44:01,1765417443437,5612.48,0.9075,1.084,0.738,0.7387,-0.0948,97200,71733,0.738,0.737,92200300,0.736,120416300,0.735,121577100,0.734,50158500,0.733,42429400,0.738,108743300,0.739,123135300,0.74,102832200,0.741,66978300,0.742,52979500,184,100,0
sh513130,09:44:04,1765417446447,5614.0,0.9075,1.3153,0.738,0.7387,-0.0948,206000,152028,0.738,0.737,92274600,0.736,120417700,0.735,121557100,0.734,51024000,0.733,42429400,0.738,100385900,0.739,123043600,0.74,102848500,0.741,74978300,0.742,52986500,3,100,0
sh513130,09:44:07,1765417449456,5614.2,0.9075,2.6586,0.737,0.7381,-0.149,1195500,881200,0.7371,0.737,104428300,0.736,120431800,0.735,109589600,0.734,51739400,0.733,42429400,0.738,98180400,0.739,125651300,0.74,103088500,0.741,74978300,0.742,53017200,995,100,0
sh513130,09:44:10,1765417452452,5614.29,0.9075,3.5996,0.738,0.7381,-0.0135,33600,24797,0.738,0.737,104503900,0.736,121044000,0.735,104950500,0.734,49142900,0.733,42429400,0.738,95519200,0.739,125723300,0.74,102198100,0.741,77980300,0.742,53030600,50,100,0
sh513130,09:44:13,1765417455449,5614.99,0.9075,3.6188,0.738,0.7381,-0.0135,645800,476567,0.7379,0.737,104671900,0.736,121985800,0.735,104950500,0.734,49087900,0.733,42429400,0.738,78062600,0.739,125718300,0.74,103110800,0.741,78380000,0.742,53323100,804,100,0
sh513130,09:44:16,1765417458459,5614.69,0.9075,2.1879,0.738,0.7381,-0.0135,19300,14234,0.7375,0.737,104759300,0.736,122811600,0.735,104954000,0.734,49087900,0.733,42089000,0.738,96210800,0.739,125713300,0.74,103110900,0.741,78380000,0.742,53407600,41,100,0
sh513130,09:44:19,1765417461458,5614.67,0.9075,2.6876,0.738,0.7381,-0.0135,969300,715343,0.738,0.737,103801000,0.736,123677800,0.735,104944000,0.734,48972800,0.733,42079000,0.738,95874600,0.739,125881300,0.74,102116800,0.741,78100000,0.742,53307600,344,100,0
sh513130,09:44:22,1765417463465,5614.47,0.9075,1.8324,0.737,0.7381,-0.149,61000,45007,0.7378,0.737,103851900,0.736,124487800,0.735,104731700,0.734,48988800,0.733,42079000,0.738,97269700,0.739,125819900,0.74,102946000,0.741,78140000,0.742,53341400,199,100,0
sh513130,09:44:25,1765417467467,5614.26,0.9075,1.5275,0.738,0.7381,-0.0135,109400,80738,0.738,0.737,90941300,0.736,126026000,0.735,104731700,0.734,48988800,0.733,42079000,0.738,100659400,0.739,125813600,0.74,102951000,0.741,75140000,0.742,53341400,998,100,0
sh513130,09:44:28,1765417471472,5614.03,0.9075,0.8805,0.738,0.7381,-0.0135,19400,14316,0.7379,0.737,89939300,0.736,126812900,0.735,116729300,0.734,49988800,0.733,42079000,0.738,102929800,0.739,124862500,0.74,102949000,0.741,75126900,0.742,53341400,1030,100,0
sh513130,09:44:31,1765417473470,5614.33,0.9075,2.4169,0.738,0.7381,-0.0135,35100,25902,0.7379,0.737,103784600,0.736,127746600,0.735,104731700,0.734,48988800,0.733,42079000,0.738,88219900,0.739,124899400,0.74,101929000,0.741,78129900,0.742,53271400,1004,100,0
sh513130,09:44:34,1765417476470,5613.76,0.9075,-0.5166,0.738,0.7381,-0.0135,1269400,936806,0.738,0.737,90435800,0.736,129937900,0.735,116717300,0.734,48988800,0.733,42079000,0.738,106523500,0.739,122505700,0.74,102992800,0.741,75129900,0.742,53311900,24,100,0
sh513130,09:44:37,1765417480480,5613.07,0.9075,1.8878,0.737,0.7381,-0.149,19000,14003,0.737,0.737,90514800,0.736,124182200,0.735,116717300,0.734,48988800,0.733,42079000,0.738,108792000,0.739,122714100,0.74,103033700,0.741,75013400,0.742,53370100,31,100,0
sh513130,09:44:40,1765417481482,5613.07,0.9075,1.4427,0.738,0.7381,-0.0135,189100,139450,0.7374,0.737,90802000,0.736,122355400,0.735,116763800,0.734,48914500,0.733,42079000,0.738,109821000,0.739,122718100,0.74,103136700,0.741,75013400,0.742,53370100,966,100,0
sh513130,09:44:40,1765417483486,5613.63,0.9075,0.8213,0.738,0.7381,-0.0135,189100,139450,0.7374,0.737,90802000,0.736,122355400,0.735,116763800,0.734,48914500,0.733,42079000,0.738,109821000,0.739,122718100,0.74,103136700,0.741,75013400,0.742,53370100,806,100,0
sh513130,09:44:43,1765417485482,5613.46,0.9075,1.0654,0.737,0.7381,-0.149,264000,194571,0.737,0.737,90841000,0.736,122553500,0.735,117623200,0.734,48916500,0.733,42079000,0.738,110967200,0.739,122753100,0.74,103206700,0.741,74922300,0.742,53233600,646,100,0
sh513130,09:44:46,1765417489484,5612.64,0.9075,1.6623,0.738,0.7381,-0.0135,400,295,0.7375,0.737,92310900,0.736,122606300,0.735,118487600,0.734,48916500,0.733,42079000,0.738,119674200,0.739,123324800,0.74,103226700,0.741,66937300,0.742,53259100,332,100,0
sh513130,09:44:49,1765417492496,5612.47,0.9075,1.8194,0.737,0.7381,-0.149,52800,38914,0.737,0.737,92289900,0.736,122598900,0.735,119352000,0.734,48916500,0.733,42079000,0.738,111058500,0.739,124091200,0.74,102330700,0.741,74942600,0.742,53259100,21,100,0
sh513130,09:44:52,1765417495501,5611.42,0.9075,1.8241,0.737,0.7381,-0.149,106900,78806,0.7372,0.737,92831100,0.736,122623100,0.735,120227900,0.734,48916500,0.733,42019300,0.738,109021200,0.739,127669700,0.74,102567200,0.741,75398500,0.742,53260100,982,100,0
sh513130,09:44:55,1765417497507,5611.39,0.9075,2.364,0.738,0.7381,-0.0135,113500,83650,0.737,0.737,92690400,0.736,121623100,0.735,121091400,0.734,48928500,0.733,42004000,0.738,119846400,0.739,137021900,0.74,103467200,0.741,55403900,0.742,53260100,1019,100,0
sh513130,09:44:58,1765417500500,5611.14,0.9075,1.4951,0.737,0.7381,-0.149,117800,86879,0.7375,0.737,91527100,0.736,121937400,0.735,121485100,0.734,48928500,0.733,42019000,0.738,120942900,0.739,136961900,0.74,103609600,0.741,55403900,0.742,53291200,19,100,0
sh513130,09:45:01,1765417503519,5611.22,0.9075,2.6315,0.738,0.7381,-0.0135,168900,124510,0.7372,0.737,91316000,0.736,122927400,0.735,121495400,0.734,49794100,0.733,42019000,0.738,112083700,0.739,124964300,0.74,103016400,0.741,75401500,0.742,53280300,271,100,0
sh513130,09:45:04,1765417507516,5611.76,0.9075,2.7199,0.737,0.7381,-0.149,693900,511405,0.737,0.737,90749000,0.736,121907400,0.735,121334800,0.734,50659700,0.733,42019000,0.738,120116200,0.739,137444000,0.74,102134000,0.741,55403900,0.742,53283300,1050,100,0
sh513130,09:45:07,1765417509557,5610.93,0.9075,2.2315,0.737,0.7381,-0.149,226600,167005,0.737,0.737,90780700,0.736,122918100,0.735,122314800,0.734,51525300,0.733,42019000,0.738,122100800,0.739,137489100,0.74,103134000,0.741,55509200,0.742,53283300,962,100,0
sh513130,09:45:10,1765417512509,5611.31,0.9075,1.1015,0.737,0.7381,-0.149,175600,129555,0.7378,0.737,92106300,0.736,122773900,0.735,121294800,0.734,52390900,0.733,42019000,0.738,120971100,0.739,126352200,0.74,102114000,0.741,67514300,0.742,53283300,58,100,0
sh513130,09:45:13,1765417515526,5611.76,0.9075,2.7689,0.738,0.7381,-0.0135,221700,163395,0.737,0.737,91886400,0.736,122852600,0.735,121293800,0.734,53256500,0.733,42019000,0.738,114072800,0.739,126208300,0.74,102114000,0.741,76514300,0.742,53001000,464,100,0
sh513130,09:45:16,1765417518526,5612.24,0.9075,2.8473,0.738,0.7381,-0.0135,33000,24343,0.7377,0.737,92027100,0.736,123047200,0.735,121266900,0.734,54102100,0.733,42019000,0.738,123343500,0.739,126189400,0.74,102114000,0.741,68517700,0.742,53021000,47,100,0
sh513130,09:45:19,1765417521527,5611.06,0.9075,2.855,0.737,0.7381,-0.149,22800,16808,0.7372,0.737,92079800,0.736,123076600,0.735,121266900,0.734,54967700,0.733,42019000,0.738,123361000,0.739,138211000,0.74,102114000,0.741,56520100,0.742,53021000,9,100,0
sh513130,09:45:22,1765417524535,5611.41,0.9075,0.6684,0.737,0.7381,-0.149,134600,99237,0.7373,0.737,77918100,0.736,130511100,0.735,121336900,0.734,61213300,0.733,42085200,0.738,124689600,0.739,138337700,0.74,103334000,0.741,56520100,0.742,53021000,87,100,0
sh513130,09:45:25,1765417527534,5611.62,0.9075,1.876,0.738,0.7381,-0.0135,84500,62319,0.7375,0.737,64746400,0.736,130572700,0.735,122306900,0.734,74078900,0.733,42089200,0.738,125358400,0.739,138827700,0.74,103354000,0.741,56520100,0.742,53021000,1009,100,0
sh513130,09:45:28,1765417529530,5609.44,0.9075,2.2036,0.737,0.7381,-0.149,27230600,20069159,0.737,0.736,118465300,0.735,107280200,0.734,87342100,0.733,42089200,0.732,27248700,0.737,54295500,0.738,119736700,0.739,135857600,0.74,103354000,0.741,56540500,1065,100,0
sh513130,09:45:31,1765417532551,5606.64,0.9075,4.4158,0.737,0.7381,-0.149,1198400,883221,0.737,0.736,118294300,0.735,107551700,0.734,88067700,0.733,42099200,0.732,27248700,0.737,56600400,0.738,120455200,0.739,135597200,0.74,99953000,0.741,56509500,93,100,0
sh513130,09:45:31,1765417534551,5606.76,0.9075,3.1318,0.737,0.7381,-0.149,1198400,883221,0.737,0.736,118294300,0.735,107551700,0.734,88067700,0.733,42099200,0.732,27248700,0.737,56600400,0.738,120455200,0.739,135597200,0.74,99953000,0.741,56509500,71,100,0
sh513130,09:45:34,1765417535559,5606.76,0.9075,3.1755,0.737,0.7381,-0.149,203300,149832,0.737,0.736,130234000,0.735,109146100,0.734,76478800,0.733,42099200,0.732,27279000,0.737,51591900,0.738,121887500,0.739,135536500,0.74,99962400,0.741,56509500,1079,100,0
sh513130,09:45:37,1765417538561,5607.29,0.9075,1.4339,0.737,0.7374,-0.0542,205300,151304,0.737,0.736,130324900,0.735,110010500,0.734,76528800,0.733,42099200,0.732,27279000,0.737,41794100,0.738,121258400,0.739,136395200,0.74,99954400,0.741,56519400,1,100,0
sh513130,09:45:40,1765417542564,5606.72,0.9075,1.3693,0.736,0.7374,-0.1899,341400,251600,0.737,0.736,130774200,0.735,110010500,0.734,76528800,0.733,42099200,0.732,27279000,0.737,41724000,0.738,121260300,0.739,134751300,0.74,99935000,0.741,56519400,96,100,0
sh513130,09:45:43,1765417546572,5606.83,0.9075,2.1421,0.737,0.7374,-0.0542,107500,79194,0.7367,0.736,130837000,0.735,110851300,0.734,76528800,0.733,42099200,0.732,27279000,0.737,35288600,0.738,118663400,0.739,134774000,0.74,99712700,0.741,56519400,121,100,0
sh513130,09:45:46,1765417548575,5606.41,0.9075,1.6994,0.737,0.7374,-0.0542,46500,34255,0.7367,0.736,118761800,0.735,110715700,0.734,76528800,0.733,42099200,0.732,27279000,0.737,52583400,0.738,118075300,0.739,136005800,0.74,99717700,0.741,56366900,85,100,0
sh513130,09:45:49,1765417551568,5606.07,0.9075,2.2864,0.737,0.7374,-0.0542,500700,369016,0.737,0.736,119395300,0.735,110701300,0.734,88526400,0.733,42099200,0.732,27279000,0.737,52484200,0.738,118808400,0.739,136004800,0.74,99717700,0.741,56366900,1035,100,0
sh513130,09:45:52,1765417553576,5606.33,0.9075,1.4271,0.737,0.7374,-0.0542,144600,106556,0.7369,0.736,131196600,0.735,112460100,0.734,76478800,0.733,42099200,0.732,27279000,0.737,53056000,0.738,119375900,0.739,136015100,0.74,99717700,0.741,56366900,1105,100,0
sh513130,09:45:55,1765417558589,5606.09,0.9075,1.6606,0.737,0.7374,-0.0542,177900,131101,0.7369,0.736,119355000,0.735,107297300,0.734,88476400,0.733,42099200,0.732,27279000,0.737,54139600,0.738,115506900,0.739,136181200,0.74,99620200,0.741,56366900,134,100,0
sh513130,09:45:58,1765417560594,5605.84,0.9075,2.5463,0.736,0.7374,-0.1899,385900,284058,0.7361,0.736,118140100,0.735,107264200,0.734,89442000,0.733,42499200,0.732,27279300,0.737,62670900,0.738,115703700,0.739,136221200,0.74,91720200,0.741,56366900,163,100,0
sh513130,09:46:01,1765417563583,5605.88,0.9075,2.3958,0.737,0.7374,-0.0542,138500,102054,0.7369,0.736,109756100,0.735,115694200,0.734,90307600,0.733,42139200,0.732,27279300,0.737,65080000,0.738,128210700,0.739,135231200,0.74,79743300,0.741,56416900,326,100,0
sh513130,09:46:04,1765417566600,5605.62,0.9075,2.023,0.737,0.7374,-0.0542,247100,182100,0.7369,0.736,111426300,0.735,115704200,0.734,91173200,0.733,42139200,0.732,27280300,0.737,65285100,0.738,128383800,0.739,135234800,0.74,79823300,0.741,55302600,126,100,0
sh513130,09:46:07,1765417570601,5603.95,0.9075,1.5713,0.737,0.7374,-0.0542,773800,570259,0.737,0.736,111265300,0.735,115708400,0.734,92038800,0.733,42136700,0.732,27280300,0.737,64731500,0.738,128553600,0.739,135264800,0.74,79823300,0.741,55302600,104,100,0
sh513130,09:46:10,1765417572601,5604.18,0.9075,1.4765,0.736,0.7374,-0.1899,84700,62353,0.7362,0.736,101513700,0.735,115938400,0.734,93197400,0.733,42496700,0.732,27280300,0.737,64808700,0.738,128970600,0.739,135741300,0.74,80137800,0.741,55242600,90,100,0
sh513130,09:46:13,1765417575612,5603.23,0.9075,1.364,0.736,0.7374,-0.1899,998300,735737,0.737,0.736,111447000,0.735,115999300,0.734,94023000,0.733,42496700,0.732,27280300,0.737,75026400,0.738,129413300,0.739,135814000,0.74,80137800,0.741,55365500,104,100,0
sh513130,09:46:16,1765417578614,5603.0,0.9075,1.4746,0.737,0.7374,-0.0542,133700,98422,0.7361,0.736,110725800,0.735,116054800,0.734,94307800,0.733,42496700,0.732,27280300,0.737,78613200,0.738,129286100,0.739,135832800,0.74,80109800,0.741,55465500,164,100,0
sh513130,09:46:19,1765417581617,5604.04,0.9075,1.4695,0.736,0.7374,-0.1899,85700,63085,0.7361,0.736,110707500,0.735,116114800,0.734,94307800,0.733,42963500,0.732,27310300,0.737,79239200,0.738,129919700,0.739,135782900,0.74,80178800,0.741,55465500,1163,100,0
sh513130,09:46:22,1765417584622,5603.06,0.9075,0.7927,0.737,0.7374,-0.0542,1308300,963981,0.7368,0.736,110563400,0.735,117714200,0.734,94366700,0.733,43830300,0.732,27310300,0.737,78352200,0.738,130882200,0.739,135782900,0.74,80186500,0.741,55465500,153,100,0
sh513130,09:46:25,1765417587624,5604.06,0.9075,1.4945,0.736,0.7374,-0.1899,984500,725479,0.7369,0.736,119377300,0.735,109328300,0.734,94371700,0.733,44697100,0.732,27310300,0.737,77802400,0.738,118825400,0.739,135882900,0.74,92322600,0.741,55465500,1192,100,0
sh513130,09:46:28,1765417590637,5604.89,0.9075,1.8218,0.737,0.7374,-0.0542,394200,290253,0.7363,0.736,132829200,0.735,109328300,0.734,82374100,0.733,45563900,0.732,27310300,0.737,70691600,0.738,119861400,0.739,134892600,0.74,100337000,0.741,55794900,30,100,0
sh513130,09:46:31,1765417593641,5604.58,0.9075,1.5738,0.736,0.7375,-0.2034,1116900,822061,0.736,0.736,132329500,0.735,109352800,0.734,78919200,0.733,46430700,0.732,27310300,0.737,54488400,0.738,120007900,0.739,134892600,0.74,100360800,0.741,55794900,876,100,0
sh513130,09:46:34,1765417596647,5604.68,0.9075,2.1948,0.736,0.7375,-0.2034,2084500,1536215,0.737,0.736,132351700,0.735,109352800,0.734,78636500,0.733,42096700,0.732,27310300,0.737,63758300,0.738,120211400,0.739,136882600,0.74,100360800,0.741,55794900,194,100,0
sh513130,09:46:37,1765417599651,5605.13,0.9075,1.9116,0.737,0.7375,-0.0678,153400,113055,0.737,0.736,120366900,0.735,108352800,0.734,91499700,0.733,42096700,0.732,27310300,0.737,73547900,0.738,120341500,0.739,136906400,0.74,92360800,0.741,55794900,421,100,0
sh513130,09:46:40,1765417602649,5604.36,0.9075,4.4593,0.736,0.7375,-0.2034,279700,205873,0.736,0.736,120414900,0.735,108352800,0.734,92368200,0.733,42096700,0.732,27310300,0.737,75508500,0.738,120361500,0.739,135725400,0.74,92481900,0.741,55794900,206,100,0
sh513130,09:46:43,1765417604649,5603.19,0.9075,3.5627,0.737,0.7375,-0.0678,646200,476247,0.737,0.736,110990700,0.735,117780100,0.734,93233800,0.733,42096700,0.732,27310300,0.737,77026000,0.738,132899000,0.739,135714600,0.74,80484300,0.741,55804900,166,100,0
sh513130,09:46:46,1765417607655,5603.75,0.9075,5.5569,0.737,0.7374,-0.0542,88500,65159,0.7363,0.736,110966700,0.735,117760100,0.734,94099400,0.733,42096700,0.732,27310300,0.737,78021900,0.738,132845500,0.739,135595400,0.74,80471000,0.741,55966400,1134,100,0
sh513130,09:46:49,1765417611664,5604.01,0.9075,5.6902,0.736,0.7374,-0.1899,212100,156227,0.7366,0.736,120385300,0.735,109360100,0.734,94843300,0.733,42096700,0.732,27310300,0.737,71647700,0.738,121999600,0.739,135564700,0.74,100401200,0.741,56016400,1107,100,0
sh513130,09:46:52,1765417615671,5602.96,0.9075,4.1205,0.737,0.7374,-0.0542,6300,4643,0.737,0.736,119745900,0.735,109370000,0.734,94843300,0.733,42963500,0.732,27324200,0.737,79884200,0.738,122047700,0.739,135542600,0.74,92392200,0.741,56028400,1178,100,0
sh513130,09:46:55,1765417617677,5602.52,0.9075,3.4392,0.736,0.7374,-0.1899,77700,57196,0.7361,0.736,111102400,0.735,116775100,0.734,94844300,0.733,43830300,0.732,27324200,0.737,80050600,0.738,134025300,0.739,135563700,0.74,80463000,0.741,55999100,1198,100,0
sh513130,09:47:01,1765417623690,5602.04,0.9075,3.2155,0.736,0.7375,-0.2034,432900,318767,0.7364,0.736,119025000,0.735,109325100,0.734,95827400,0.733,45556400,0.732,27324200,0.737,82559000,0.738,122276700,0.739,135593700,0.74,92656600,0.741,56059100,451,100,0
sh513130,09:47:04,1765417626691,5601.07,0.9075,3.2504,0.736,0.7375,-0.2034,378500,278598,0.7361,0.736,109880100,0.735,117725100,0.734,95827400,0.733,46423300,0.732,27324200,0.737,85045400,0.738,133367300,0.739,135593700,0.74,80649000,0.741,56079100,208,100,0
sh513130,09:47:07,1765417628684,5600.57,0.9075,3.6809,0.736,0.7368,-0.1086,109500,80593,0.736,0.736,118165400,0.735,109326600,0.734,95827400,0.733,47295200,0.732,27334200,0.737,85221900,0.738,133380300,0.739,135608700,0.74,80622900,0.741,56079100,197,100,0
sh513130,09:47:10,1765417632694,5599.97,0.9075,2.4952,0.737,0.7368,0.0271,327900,241344,0.736,0.736,93951900,0.735,116744600,0.734,95827400,0.733,63942100,0.732,27355200,0.737,88250100,0.738,133391500,0.739,135620800,0.74,80593200,0.741,56079100,237,100,0
sh513130,09:47:13,1765417634694,5599.43,0.9075,2.1689,0.736,0.7368,-0.1086,218200,160598,0.736,0.736,61095400,0.735,116740700,0.734,95807400,0.733,66809000,0.732,27355200,0.737,91018700,0.738,133061200,0.739,135520800,0.74,80303200,0.741,56079100,229,100,0
sh513130,09:47:13,1765417636694,5599.12,0.9075,2.1834,0.736,0.7368,-0.1086,218200,160598,0.736,0.736,61095400,0.735,116740700,0.734,95807400,0.733,66809000,0.732,27355200,0.737,91018700,0.738,133061200,0.739,135520800,0.74,80303200,0.741,56079100,222,100,0
sh513130,09:47:16,1765417638691,5598.36,0.9075,1.9413,0.737,0.7368,0.0271,824400,606895,0.7362,0.736,56552000,0.735,116871000,0.734,95807400,0.733,67675900,0.732,27355200,0.737,90105500,0.738,133299700,0.739,135487800,0.74,80313200,0.741,56079100,241,100,0
sh513130,09:47:19,1765417641692,5598.66,0.9075,2.4356,0.736,0.7368,-0.1086,85800,63190,0.7365,0.736,36412500,0.735,116898500,0.734,114805500,0.733,68542800,0.732,27355200,0.737,90209200,0.738,123021000,0.739,135449600,0.74,80513200,0.741,56122900,1253,100,0
sh513130,09:47:22,1765417643712,5598.25,0.9075,2.293,0.737,0.7368,0.0271,2582400,1900685,0.736,0.736,32621800,0.735,116968500,0.734,115191800,0.733,69409700,0.732,27355200,0.737,90415600,0.738,123962900,0.739,134831700,0.74,80526000,0.741,56151600,1222,100,0
sh513130,09:47:25,1765417647705,5597.86,0.9075,2.2515,0.737,0.7368,0.0271,1411500,1038875,0.736,0.736,27684000,0.735,117105000,0.734,115195800,0.733,70205900,0.732,27355200,0.737,90680800,0.738,123945700,0.739,134841700,0.74,80668700,0.741,56151600,1036,100,0
sh513130,09:47:28,1765417651708,5597.85,0.9075,3.5436,0.736,0.7368,-0.1086,27306300,20097568,0.736,0.736,33769100,0.735,119180700,0.734,115020800,0.733,70206900,0.732,27365900,0.737,96716200,0.738,123916000,0.739,134923900,0.74,80678700,0.741,56140900,735,100,0
sh513130,09:47:31,1765417653724,5597.63,0.9075,3.0843,0.736,0.7368,-0.1086,14500,10680,0.7366,0.736,40054100,0.735,119270700,0.734,115022800,0.733,70775700,0.732,27370900,0.737,96657100,0.738,124373800,0.739,134657900,0.74,80546800,0.741,56140900,597,100,0
sh513130,09:47:34,1765417655707,5598.28,0.9075,2.1884,0.736,0.7368,-0.1086,524700,386219,0.7361,0.736,53297300,0.735,111570900,0.734,115320400,0.733,70775700,0.732,27370900,0.737,99067200,0.738,124276000,0.739,134656400,0.74,80687500,0.741,56150900,425,100,0
sh513130,09:47:37,1765417658723,5598.52,0.9075,2.3297,0.737,0.7368,0.0271,68900,50730,0.7363,0.736,62762600,0.735,121048000,0.734,115320400,0.733,54005700,0.732,27441700,0.737,101045800,0.738,124273700,0.739,133851400,0.74,80712300,0.741,56256400,266,100,0
sh513130,09:47:40,1765417662731,5597.72,0.9075,0.8395,0.737,0.7368,0.0271,403200,296864,0.7363,0.736,41627000,0.735,120050300,0.734,115335400,0.733,70385700,0.732,27441700,0.737,104566100,0.738,125106500,0.739,134855100,0.74,80672300,0.741,56261400,299,100,0
sh513130,09:47:43,1765417665732,5597.62,0.9075,1.6785,0.736,0.7368,-0.1086,216100,159050,0.736,0.736,6859700,0.735,120085300,0.734,115335400,0.733,70385700,0.732,27431700,0.737,107694600,0.738,125292900,0.739,134865100,0.74,80672300,0.741,56261400,1257,100,0
sh513130,09:47:46,1765417667735,5597.87,0.9075,3.6947,0.736,0.7362,-0.0272,4704600,3462586,0.736,0.736,3512800,0.735,119983100,0.734,115035400,0.733,70795700,0.732,27419700,0.737,110367100,0.738,125464800,0.739,134887300,0.74,80672300,0.741,56311400,1289,100,0
sh513130,09:47:49,1765417672759,5597.5,0.9075,2.0784,0.736,0.7362,-0.0272,1635100,1203434,0.736,0.736,47629000,0.735,119700900,0.734,115370000,0.733,70995700,0.732,27419700,0.737,111276100,0.738,125421300,0.739,134887300,0.74,80672300,0.741,56347400,206,100,0
sh513130,09:47:52,1765417674748,5597.97,0.9075,1.7462,0.736,0.7362,-0.0272,148500,109303,0.736,0.736,4929700,0.735,121512200,0.734,115497400,0.733,71364700,0.732,27419700,0.737,112173400,0.738,125436700,0.739,134887300,0.74,80695200,0.741,56347400,36,100,0
sh513130,09:47:55,1765417677747,5598.15,0.9075,1.5947,0.736,0.7361,-0.0136,682600,502478,0.7361,0.736,4562700,0.735,121040000,0.734,115810900,0.733,71364700,0.732,27419700,0.737,112708200,0.738,126006400,0.739,134776200,0.74,80695200,0.741,56347400,879,100,0
sh513130,09:47:58,1765417680756,5598.37,0.9075,1.9415,0.735,0.7361,-0.1494,3839900,2826078,0.736,0.735,121231700,0.734,116820900,0.733,71364700,0.732,27431000,0.731,30345300,0.736,5607800,0.737,113084700,0.738,125917800,0.739,134746200,0.74,80637700,310,100,0
sh513130,09:48:01,1765417683755,5597.93,0.9075,2.0592,0.736,0.7362,-0.0272,3699800,2722996,0.736,0.736,3463800,0.735,121602800,0.734,116834700,0.733,71464700,0.732,27451000,0.737,113349500,0.738,127665600,0.739,133850700,0.74,80384500,0.741,56737100,378,100,0
sh513130,09:48:04,1765417685764,5598.23,0.9075,3.7653,0.736,0.7362,-0.0272,874900,643926,0.736,0.736,2064500,0.735,121806000,0.734,116834700,0.733,71638400,0.732,27451000,0.737,119972600,0.738,134011400,0.739,138850700,0.74,80389500,0.741,56737100,210,100,0
sh513130,09:48:07,1765417690771,5597.44,0.9075,4.4853,0.735,0.7362,-0.163,2173800,1599899,0.736,0.735,121791000,0.734,116834700,0.733,71647100,0.732,27719400,0.731,30346300,0.736,8229000,0.737,116379000,0.738,129809500,0.739,133800700,0.74,80389500,294,100,0
sh513130,09:48:10,1765417692773,5596.96,0.9075,1.8402,0.736,0.7361,-0.0136,201000,147936,0.736,0.735,124598100,0.734,116874700,0.733,72047100,0.732,27719400,0.731,30346400,0.736,11696800,0.737,115626300,0.738,124066700,0.739,130348500,0.74,80486800,315,100,0
sh513130,09:48:13,1765417694778,5597.23,0.9075,2.6461,0.736,0.7361,-0.0136,6872400,5058087,0.736,0.736,79364000,0.735,115829200,0.734,115875700,0.733,72047100,0.732,27719400,0.737,110565200,0.738,125473700,0.739,133248300,0.74,80467300,0.741,56752200,288,100,0
sh513130,09:48:16,1765417697772,5597.27,0.9075,2.0801,0.736,0.7361,-0.0136,117800,86700,0.736,0.736,43714600,0.735,124630200,0.734,115638100,0.733,71697100,0.732,27699400,0.737,111597700,0.738,125794200,0.739,133248300,0.74,80500500,0.741,56732300,1336,100,0
sh513130,09:48:19,1765417700785,5597.51,0.9075,3.4948,0.736,0.7361,-0.0136,148200,109077,0.736,0.736,2915100,0.735,125200200,0.734,116240400,0.733,72307100,0.732,28299400,0.737,112225500,0.738,126641000,0.739,133856300,0.74,80937100,0.741,57332300,131,100,0
sh513130,09:48:22,1765417704791,5596.13,0.9075,2.3919,0.736,0.7361,-0.0136,1075100,791286,0.736,0.736,5413800,0.735,125251300,0.734,116495000,0.733,72307100,0.732,28300400,0.737,112419400,0.738,126590800,0.739,133226200,0.74,80937100,0.741,57332300,309,100,0
sh513130,09:48:25,1765417706791,5596.29,0.9075,2.4901,0.736,0.7361,-0.0136,2239000,1647907,0.736,0.735,113618100,0.734,117222400,0.733,84731500,0.732,28303400,0.731,31074800,0.736,50246100,0.737,110865500,0.738,123775000,0.739,118024700,0.74,80957200,297,100,0
sh513130,09:48:28,1765417710792,5595.76,0.9075,3.8448,0.736,0.7361,-0.0136,895900,659383,0.736,0.735,113235900,0.734,101489100,0.733,84761500,0.732,28303400,0.731,31076500,0.736,68685800,0.737,114882300,0.738,124663800,0.739,97383700,0.74,80987700,338,100,0
sh513130,09:48:31,1765417713828,5596.52,0.9075,4.2636,0.736,0.7361,-0.0136,28200,20755,0.736,0.735,112133900,0.734,101519100,0.733,85658300,0.732,28655400,0.731,31076500,0.736,75515200,0.737,114925400,0.738,123976400,0.739,96854700,0.74,80764100,243,100,0
sh513130,09:48:34,1765417715803,5595.61,0.9075,4.0355,0.736,0.7361,-0.0136,19300,14205,0.736,0.735,112767700,0.734,101655300,0.733,86530100,0.732,28658400,0.731,31076500,0.736,77000800,0.737,114920900,0.738,123980400,0.739,96854700,0.74,80767100,66,100,0
sh513130,09:48:37,1765417719812,5595.72,0.9075,2.487,0.735,0.7361,-0.1494,114400,84100,0.7351,0.735,112798400,0.734,101655300,0.733,87396900,0.732,28658400,0.731,31089500,0.736,78069000,0.737,102229300,0.738,123725400,0.739,108855300,0.74,80185400,1341,100,0
sh513130,09:48:40,1765417721805,5595.77,0.9075,2.6901,0.736,0.7361,-0.0136,25000,18400,0.736,0.735,112824000,0.734,101655300,0.733,88263700,0.732,28658400,0.731,31089500,0.736,78273600,0.737,102199700,0.738,123667700,0.739,109365700,0.74,80185400,1343,100,0
sh513130,09:48:43,1765417725816,5594.61,0.9075,4.6362,0.736,0.7361,-0.0136,238800,175519,0.735,0.735,112617600,0.734,101671300,0.733,89130500,0.732,28658400,0.731,31089500,0.736,79476800,0.737,113118600,0.738,123488500,0.739,97357700,0.74,80200300,1372,100,0
sh513130,09:48:46,1765417728821,5594.44,0.9075,4.6222,0.736,0.7361,-0.0136,134300,98742,0.7352,0.735,111536200,0.734,101671300,0.733,90387100,0.732,29526400,0.731,31089500,0.736,80636500,0.737,112949000,0.738,123535600,0.739,98014400,0.74,80196800,127,100,0
sh513130,09:48:49,1765417731832,5594.3,0.9075,2.692,0.735,0.7361,-0.1494,112100,82404,0.7351,0.735,112244900,0.734,101701300,0.733,89374400,0.732,30411300,0.731,31089500,0.736,81686200,0.737,113036600,0.738,122642500,0.739,98197200,0.74,80120700,982,100,0
sh513130,09:48:52,1765417734826,5593.76,0.9075,1.5924,0.736,0.7361,-0.0136,238300,175238,0.7354,0.735,111514600,0.734,101898300,0.733,90466800,0.732,31281300,0.731,31089500,0.736,82950000,0.737,112978500,0.738,122697500,0.739,98095400,0.74,80130700,314,100,0
sh513130,09:48:55,1765417737835,5594.51,0.9075,2.1675,0.735,0.7361,-0.1494,281300,206756,0.735,0.735,112407700,0.734,101971300,0.733,89476800,0.732,32149300,0.731,31089500,0.736,84373600,0.737,101032800,0.738,121861600,0.739,110126000,0.74,80118700,530,100,0
sh513130,09:48:58,1765417740854,5594.15,0.9075,2.5438,0.736,0.7361,-0.0136,3000,2206,0.7353,0.735,112858400,0.734,101965800,0.733,89504100,0.732,33017300,0.731,31089500,0.736,85020100,0.737,100977400,0.738,121852300,0.739,110087000,0.74,80068700,406,100,0
