symbol,tx_server_time,tx_local_time,index_price,fx_rate,sentiment,price,iopv,premium_rate,tick_vol,tick_amt,tick_vwap,bp1,bv1,bp2,bv2,bp3,bv3,bp4,bv4,bp5,bv5,sp1,sv1,sp2,sv2,sp3,sv3,sp4,sv4,sp5,sv5,idx_delay_ms,fut_delay_ms,data_flags
sh513130,09:30:03,1767663007135,5788.68,0.8972,3.5145,0.75,0.7517,-0.2262,0,0,0.75,0.75,52706400,0.749,26407000,0.748,28129300,0.747,28013800,0.746,24287000,0.751,18560700,0.752,20310800,0.753,27579600,0.754,31690400,0.755,32930700,384,100,1
sh513130,09:30:06,1767663008122,5788.68,0.8972,3.2923,0.75,0.7524,-0.319,8820400,6622140,0.7508,0.75,50655900,0.749,28456000,0.748,28929500,0.747,26874400,0.746,25852800,0.751,15000800,0.752,22993700,0.753,30046600,0.754,33010500,0.755,35764700,1372,100,0
sh513130,09:30:09,1767663011142,5792.2,0.8972,3.7781,0.75,0.7524,-0.319,5952700,4469696,0.7509,0.75,20292400,0.749,33756700,0.748,36857200,0.747,30833100,0.746,26379900,0.751,11210000,0.752,26018800,0.753,41830400,0.754,36027600,0.755,37128600,532,100,0
sh513130,09:30:12,1767663015147,5789.45,0.8972,3.3799,0.75,0.7524,-0.319,3781200,2838043,0.7506,0.75,20270100,0.749,33921300,0.748,37529600,0.747,36329200,0.746,26457600,0.751,10974400,0.752,36251400,0.753,42458400,0.754,36506500,0.755,39148000,235,100,0
sh513130,09:30:15,1767663017140,5789.2,0.8972,0.9948,0.75,0.7524,-0.319,3193600,2397036,0.7506,0.75,17019600,0.749,35056300,0.748,37781300,0.747,38854300,0.746,26477700,0.751,11185900,0.752,36435800,0.753,42724300,0.754,36935700,0.755,40750000,64,100,0
sh513130,09:30:18,1767663020146,5791.71,0.8972,1.8019,0.75,0.7524,-0.319,9225400,6925590,0.7507,0.75,22134400,0.749,35993400,0.748,38854500,0.747,39950800,0.746,32829200,0.751,8189100,0.752,37936300,0.753,44781700,0.754,38910200,0.755,42255700,901,100,0
sh513130,09:30:21,1767663024147,5787.51,0.8972,1.0024,0.75,0.7524,-0.319,5726100,4299230,0.7508,0.75,21758600,0.749,36134000,0.748,38999400,0.747,35635200,0.746,33281000,0.751,4820700,0.752,33824500,0.753,45139000,0.754,39073300,0.755,44399600,536,100,0
sh513130,09:30:24,1767663026140,5785.65,0.8972,2.3332,0.751,0.7524,-0.1861,7644900,5740789,0.7509,0.751,5185400,0.75,13496700,0.749,31111800,0.748,39247500,0.747,33830400,0.752,34239100,0.753,45830300,0.754,39735600,0.755,46391600,0.756,32457500,347,100,0
sh513130,09:30:21,1767663027130,5784.54,0.8972,2.9938,0.75,0.7524,-0.319,0,0,0.75,0.75,21758600,0.749,36134000,0.748,38999400,0.747,35635200,0.746,33281000,0.751,4820700,0.752,33824500,0.753,45139000,0.754,39073300,0.755,44399600,473,100,1
sh513130,09:30:24,1767663028127,5784.54,0.8972,2.9374,0.751,0.7524,-0.1861,7644900,5740789,0.7509,0.751,5185400,0.75,13496700,0.749,31111800,0.748,39247500,0.747,33830400,0.752,34239100,0.753,45830300,0.754,39735600,0.755,46391600,0.756,32457500,170,100,0
sh513130,09:30:27,1767663029135,5785.18,0.8972,2.1356,0.75,0.7524,-0.319,6585900,4945581,0.7509,0.75,22376000,0.749,35801700,0.748,44483100,0.747,39656800,0.746,33593400,0.751,9445400,0.752,42109800,0.753,49596100,0.754,40009500,0.755,48115000,528,100,0
sh513130,09:30:30,1767663032143,5785.18,0.8972,2.1249,0.751,0.7524,-0.1861,16485500,12370556,0.7504,0.75,8185100,0.749,35996700,0.748,44376900,0.747,41699800,0.746,33618500,0.751,14347200,0.752,44509900,0.753,49692300,0.754,37315900,0.755,49382600,1558,100,0
sh513130,09:30:33,1767663036156,5785.7,0.8972,2.5022,0.751,0.7517,-0.0931,6487500,4870488,0.7507,0.75,5975500,0.749,36188200,0.748,39912000,0.747,40829900,0.746,32700600,0.751,15804500,0.752,46662000,0.753,52972800,0.754,37465900,0.755,50145600,1566,100,0
sh513130,09:30:36,1767663038168,5787.66,0.8972,7.0029,0.751,0.7517,-0.0931,5653600,4242419,0.7504,0.75,18159000,0.749,49517200,0.748,43833100,0.747,29471400,0.746,28735600,0.751,8633400,0.752,59228600,0.753,53320800,0.754,37560700,0.755,50766000,1431,100,0
sh513130,09:30:39,1767663041175,5790.39,0.8972,8.0321,0.751,0.7517,-0.0931,27215200,20444664,0.7512,0.751,51700,0.75,16575500,0.749,50024200,0.748,42236000,0.747,31426700,0.752,50610400,0.753,67747800,0.754,37612000,0.755,50831400,0.756,33128600,203,100,0
sh513130,09:30:42,1767663044156,5789.91,0.8972,4.7395,0.751,0.7517,-0.0931,6338500,4759276,0.7509,0.75,21571000,0.749,50143600,0.748,42288500,0.747,30504400,0.746,29539700,0.751,2170800,0.752,50376300,0.753,68084900,0.754,37698700,0.755,51111400,1011,100,0
sh513130,09:30:45,1767663048192,5791.27,0.8972,3.265,0.751,0.7517,-0.0931,5335300,4006463,0.7509,0.751,670500,0.75,22968200,0.749,50244500,0.748,42464900,0.747,30527400,0.752,50098800,0.753,67155500,0.754,37821200,0.755,52442900,0.756,33155500,690,100,0
sh513130,09:30:48,1767663051189,5791.28,0.8972,2.8802,0.751,0.7524,-0.1861,2233800,1677028,0.7508,0.75,22177400,0.749,50228400,0.748,41475800,0.747,29539500,0.746,29564000,0.751,191300,0.752,51397100,0.753,67497000,0.754,37847700,0.755,52572400,606,100,0
sh513130,09:30:51,1767663052187,5791.28,0.8972,3.2913,0.751,0.7524,-0.1861,2631100,1975954,0.751,0.75,26180400,0.749,50208400,0.748,41495800,0.747,30639500,0.746,30564000,0.751,162600,0.752,51144700,0.753,67811000,0.754,37907900,0.755,52725600,331,100,0
sh513130,09:30:54,1767663057188,5791.47,0.8972,2.0964,0.75,0.7524,-0.319,1596100,1198458,0.7509,0.75,27152400,0.749,50268400,0.748,41593900,0.747,30640500,0.746,30564000,0.751,24389400,0.752,52478100,0.753,67674400,0.754,37373900,0.755,52829600,594,100,0
sh513130,09:30:57,1767663060181,5791.85,0.8972,1.6118,0.751,0.7524,-0.1861,1740600,1307128,0.751,0.75,29832700,0.749,50188400,0.748,41673900,0.747,30640500,0.746,30566500,0.751,25605000,0.752,53600600,0.753,68954200,0.754,37473500,0.755,52915100,1584,100,0
sh513130,09:31:00,1767663063195,5795.96,0.8972,1.1965,0.751,0.7524,-0.1861,1009200,757818,0.7509,0.75,32025900,0.749,51403400,0.748,42690600,0.747,30636500,0.746,30566500,0.751,21710200,0.752,54007600,0.753,69919200,0.754,38473100,0.755,53824300,481,100,0
sh513130,09:31:03,1767663066192,5796.78,0.8972,5.9218,0.751,0.7524,-0.1861,9551800,7172869,0.7509,0.751,19386900,0.75,29256000,0.749,36044900,0.748,28695100,0.747,30658700,0.752,53089800,0.753,70065300,0.754,38551100,0.755,54012000,0.756,33321800,1270,100,0
sh513130,09:31:06,1767663069193,5799.17,0.8972,6.0061,0.751,0.7524,-0.1861,2316600,1740026,0.7511,0.751,22013000,0.75,29247000,0.749,35165900,0.748,28695100,0.747,30658700,0.752,54100100,0.753,63734000,0.754,37713100,0.755,54205800,0.756,39650400,676,100,0
sh513130,09:31:09,1767663071195,5799.17,0.8972,5.998,0.751,0.7524,-0.1861,1363600,1024398,0.7512,0.751,25920300,0.75,31057400,0.749,38284700,0.748,29395600,0.747,30658700,0.752,55245800,0.753,65765600,0.754,38673100,0.755,54448600,0.756,39909500,690,100,0
sh513130,09:31:12,1767663074183,5799.82,0.8972,7.7266,0.751,0.753,-0.2656,817000,613726,0.7512,0.751,29424200,0.75,34241600,0.749,38284700,0.748,29435600,0.747,30667400,0.752,51997900,0.753,67031900,0.754,41649600,0.755,54535400,0.756,40024900,577,100,0
sh513130,09:31:15,1767663077181,5799.84,0.8972,5.2129,0.752,0.753,-0.1328,1026000,770696,0.7512,0.751,32976400,0.75,42179500,0.749,30659700,0.748,29474400,0.747,30768000,0.752,55473700,0.753,66935700,0.754,41657700,0.755,55765600,0.756,40861400,631,100,0
sh513130,09:31:18,1767663080184,5799.87,0.8972,3.3398,0.752,0.7532,-0.1593,2998200,2253578,0.7516,0.751,35948700,0.75,32129300,0.749,30659800,0.748,29559400,0.747,30772900,0.752,54238400,0.753,67029700,0.754,41745800,0.755,54920700,0.756,40931500,56,100,0
sh513130,09:31:21,1767663084188,5799.1,0.8972,2.9885,0.752,0.7532,-0.1593,6343500,4770076,0.752,0.751,30821800,0.75,32155500,0.749,30660300,0.748,29586400,0.747,30974900,0.752,27464600,0.753,65491700,0.754,59845200,0.755,54935700,0.756,40943400,1621,100,0
sh513130,09:31:24,1767663087183,5798.17,0.8972,6.6628,0.752,0.7532,-0.1593,3303400,2483263,0.7517,0.751,36043900,0.75,33358900,0.749,31160300,0.748,29588400,0.747,30974900,0.752,46830500,0.753,67265100,0.754,59856700,0.755,55094700,0.756,41070700,515,100,0
sh513130,09:31:27,1767663089191,5798.26,0.8972,6.8354,0.752,0.7532,-0.1593,1857900,1396454,0.7516,0.751,35880000,0.75,33378600,0.749,31160300,0.748,29448000,0.747,30974900,0.752,47178700,0.753,68386200,0.754,59977900,0.755,55075500,0.756,41151800,358,100,0
sh513130,09:31:30,1767663092183,5797.85,0.8972,7.451,0.752,0.7532,-0.1593,1872000,1407708,0.752,0.751,36050800,0.75,32568200,0.749,31260300,0.748,29448000,0.747,30974900,0.752,48359900,0.753,68466600,0.754,59978600,0.755,55456100,0.756,41201800,1192,100,0
sh513130,09:31:27,1767663093177,5799.22,0.8972,7.1682,0.752,0.7532,-0.1593,0,0,0.752,0.751,35880000,0.75,33378600,0.749,31160300,0.748,29448000,0.747,30974900,0.752,47178700,0.753,68386200,0.754,59977900,0.755,55075500,0.756,41151800,16,100,1
sh513130,09:31:30,1767663094166,5799.22,0.8972,7.1607,0.752,0.7532,-0.1593,1872000,1407708,0.752,0.751,36050800,0.75,32568200,0.749,31260300,0.748,29448000,0.747,30974900,0.752,48359900,0.753,68466600,0.754,59978600,0.755,55456100,0.756,41201800,1004,100,0
sh513130,09:31:33,1767663096170,5798.89,0.8972,7.1071,0.751,0.7532,-0.2921,652500,490664,0.752,0.751,37314000,0.75,33638100,0.749,31260300,0.748,28423000,0.747,30077100,0.752,45392200,0.753,66281600,0.754,59978600,0.755,56473600,0.756,41419100,815,100,0
sh513130,09:31:36,1767663098168,5798.49,0.8972,6.0085,0.752,0.7532,-0.1593,538900,405117,0.7517,0.751,39737400,0.75,34311800,0.749,30350300,0.748,28423000,0.747,30077100,0.752,48938200,0.753,69990100,0.754,59981700,0.755,55581300,0.756,41456200,635,100,0
sh513130,09:31:39,1767663102174,5796.33,0.8972,2.2327,0.752,0.7532,-0.1593,1910300,1435613,0.7515,0.751,45062900,0.75,42486300,0.749,30336800,0.748,28472800,0.747,30111100,0.752,49084800,0.753,70096800,0.754,59978500,0.755,55693000,0.756,41512400,283,100,0
sh513130,09:31:42,1767663104170,5793.57,0.8972,-0.021,0.751,0.7532,-0.2921,21348800,16033608,0.751,0.75,47725200,0.749,45560000,0.748,33016800,0.747,30111100,0.746,30669300,0.751,9315400,0.752,57627100,0.753,75233800,0.754,60050100,0.755,55742500,109,100,0
sh513130,09:31:45,1767663108192,5792.39,0.8972,-0.2756,0.751,0.7532,-0.2921,2408700,1809458,0.7512,0.75,47952300,0.749,45560000,0.748,34096800,0.747,30111100,0.746,30674300,0.751,374200,0.752,56859600,0.753,77129700,0.754,60050100,0.755,55974200,1659,100,0
sh513130,09:31:48,1767663111196,5791.66,0.8972,-0.7502,0.751,0.7532,-0.2921,1642300,1233366,0.751,0.75,47996400,0.749,45660000,0.748,37096800,0.747,30111100,0.746,30674300,0.751,6538100,0.752,53623400,0.753,77254200,0.754,60050100,0.755,56075500,614,100,0
sh513130,09:31:51,1767663113203,5792.76,0.8972,2.1045,0.751,0.7526,-0.2126,3802600,2855691,0.751,0.75,43569900,0.749,46542900,0.748,37797400,0.747,30111100,0.746,30674300,0.751,8646800,0.752,58034900,0.753,77704500,0.754,60349700,0.755,56376000,441,100,0
sh513130,09:31:54,1767663117180,5793.22,0.8972,2.7815,0.751,0.7526,-0.2126,18901500,14195592,0.751,0.751,409400,0.75,49524900,0.749,46359200,0.748,38668100,0.747,30201100,0.752,59357800,0.753,77851800,0.754,60336800,0.755,56679300,0.756,35506300,44,100,0
sh513130,09:31:57,1767663120173,5792.35,0.8972,3.2808,0.751,0.7526,-0.2126,2096000,1574117,0.751,0.751,16496500,0.75,43872700,0.749,46469200,0.748,34284100,0.747,30201100,0.752,60027400,0.753,77186400,0.754,60341000,0.755,56762400,0.756,35527600,866,100,0
sh513130,09:32:00,1767663123169,5794.07,0.8972,4.8624,0.751,0.7526,-0.2126,2048000,1538842,0.7514,0.751,21511600,0.75,45078100,0.749,44695100,0.748,30294100,0.747,30201100,0.752,59656600,0.753,71164100,0.754,60390200,0.755,56772500,0.756,41869100,608,100,0
sh513130,09:32:03,1767663126183,5794.53,0.8972,3.3188,0.751,0.7526,-0.2126,2316200,1741356,0.7518,0.751,21800300,0.75,44952200,0.749,44702800,0.748,30429200,0.747,30201100,0.752,59379100,0.753,71284200,0.754,60837200,0.755,57213000,0.756,42479100,363,100,0
sh513130,09:32:06,1767663128183,5795.38,0.8972,3.426,0.752,0.7525,-0.0664,839500,630652,0.7512,0.751,27535100,0.75,44228900,0.749,37703500,0.748,30574500,0.747,30201100,0.752,56214100,0.753,76971000,0.754,60788300,0.755,57563700,0.756,42682800,192,100,0
sh513130,09:32:09,1767663130186,5796.4,0.8972,2.5791,0.752,0.7525,-0.0664,801700,602328,0.7513,0.751,32329800,0.75,44462700,0.749,37701500,0.748,30579500,0.747,30198500,0.752,58546300,0.753,71816200,0.754,60965500,0.755,57546300,0.756,42823800,15,100,0
sh513130,09:32:06,1767663132194,5797.19,0.8972,3.0737,0.752,0.7525,-0.0664,0,0,0.752,0.751,27535100,0.75,44228900,0.749,37703500,0.748,30574500,0.747,30201100,0.752,56214100,0.753,76971000,0.754,60788300,0.755,57563700,0.756,42682800,1633,100,1
sh513130,09:32:09,1767663133183,5798.09,0.8972,2.4135,0.752,0.7525,-0.0664,801700,602328,0.7513,0.751,32329800,0.75,44462700,0.749,37701500,0.748,30579500,0.747,30198500,0.752,58546300,0.753,71816200,0.754,60965500,0.755,57546300,0.756,42823800,623,100,0
sh513130,09:32:12,1767663134185,5798.09,0.8972,0.8969,0.751,0.7527,-0.2259,425600,319960,0.7518,0.751,33341400,0.75,45373800,0.749,37701500,0.748,30581700,0.747,30198500,0.752,60063400,0.753,75858200,0.754,60983000,0.755,57613300,0.756,42823800,1625,100,0
sh513130,09:32:15,1767663137200,5797.7,0.8972,4.088,0.752,0.7527,-0.093,866000,650698,0.7514,0.751,34225000,0.75,45580300,0.749,37681500,0.748,30531700,0.747,30200500,0.752,57839000,0.753,75778300,0.754,60893000,0.755,57788300,0.756,42829200,462,100,0
sh513130,09:32:18,1767663140224,5799.66,0.8972,4.0015,0.752,0.7533,-0.1726,1798600,1351500,0.7514,0.751,34644900,0.75,46121900,0.749,36891500,0.748,31232900,0.747,30200500,0.752,59007000,0.753,74713100,0.754,60895000,0.755,58826200,0.756,43311300,1332,100,0
sh513130,09:32:15,1767663141225,5801.3,0.8972,3.6396,0.752,0.7527,-0.093,0,0,0.752,0.751,34225000,0.75,45580300,0.749,37681500,0.748,30531700,0.747,30200500,0.752,57839000,0.753,75778300,0.754,60893000,0.755,57788300,0.756,42829200,159,100,1
sh513130,09:32:18,1767663142219,5801.3,0.8972,5.3859,0.752,0.7533,-0.1726,1798600,1351500,0.7514,0.751,34644900,0.75,46121900,0.749,36891500,0.748,31232900,0.747,30200500,0.752,59007000,0.753,74713100,0.754,60895000,0.755,58826200,0.756,43311300,1153,100,0
sh513130,09:32:21,1767663144215,5800.3,0.8972,5.0241,0.752,0.7533,-0.1726,792500,595581,0.7515,0.751,35148300,0.75,46208300,0.749,36896900,0.748,31242900,0.747,30200500,0.752,56324800,0.753,75388300,0.754,60935500,0.755,59073800,0.756,43368000,978,100,0
sh513130,09:32:24,1767663147222,5800.45,0.8972,0.9667,0.751,0.7533,-0.3053,1387900,1043594,0.7519,0.751,37210700,0.75,46251900,0.749,36901900,0.748,31248500,0.747,30068900,0.752,59054600,0.753,75738700,0.754,60950500,0.755,59139100,0.756,44946700,657,100,0
sh513130,09:32:27,1767663149229,5801.5,0.8972,1.6938,0.752,0.7533,-0.1726,1153700,866867,0.7514,0.751,37592500,0.75,46363400,0.749,36901900,0.748,31248500,0.747,30070700,0.752,59115900,0.753,77357300,0.754,61123300,0.755,59542500,0.756,45495600,705,100,0
sh513130,09:32:30,1767663152254,5802.71,0.8972,5.8262,0.752,0.7533,-0.1726,226000,169852,0.7516,0.751,37757900,0.75,46714000,0.749,36901900,0.748,31247500,0.747,30070700,0.752,39715600,0.753,76115800,0.754,61151600,0.755,59791400,0.756,45511600,302,100,0
sh513130,09:32:33,1767663156268,5802.56,0.8972,5.9992,0.752,0.7533,-0.1726,520800,391510,0.7517,0.751,38120200,0.75,46824300,0.749,36982400,0.748,31239500,0.747,30071200,0.752,40193000,0.753,76188500,0.754,61175400,0.755,59932900,0.756,45568200,1735,100,0
sh513130,09:32:36,1767663158273,5801.33,0.8972,6.8823,0.752,0.7533,-0.1726,1088400,818438,0.752,0.751,38639300,0.75,46750000,0.749,36990400,0.748,31186900,0.747,30071200,0.752,57383900,0.753,76307200,0.754,61549300,0.755,59993800,0.756,45584600,1706,100,0
sh513130,09:32:39,1767663161270,5801.0,0.8972,5.7752,0.752,0.7533,-0.1726,1530600,1150567,0.7517,0.751,38493000,0.75,46470600,0.749,36841500,0.748,31399800,0.747,30070200,0.752,60296600,0.753,76306700,0.754,61602500,0.755,60006200,0.756,45741600,628,100,0
sh513130,09:32:42,1767663165273,5800.95,0.8972,3.8956,0.752,0.7533,-0.1726,1138900,856393,0.7519,0.751,38742000,0.75,46523700,0.749,36841500,0.748,31399800,0.747,30070200,0.752,60034000,0.753,76242500,0.754,62134800,0.755,60057800,0.756,45757300,282,100,0
sh513130,09:32:45,1767663167250,5801.96,0.8972,1.8912,0.752,0.7533,-0.1726,549100,412829,0.7518,0.751,38845600,0.75,46648500,0.749,36842500,0.748,31449800,0.747,30065200,0.752,56963200,0.753,76661500,0.754,62184800,0.755,60231200,0.756,45767300,93,100,0
sh513130,09:32:48,1767663170256,5802.18,0.8972,2.1059,0.752,0.7533,-0.1726,429200,322697,0.7519,0.751,44644300,0.75,46453000,0.749,36959600,0.748,31609900,0.747,30065500,0.752,60857400,0.753,77076000,0.754,62324500,0.755,60220100,0.756,45797300,924,100,0
sh513130,09:32:51,1767663174247,5801.13,0.8972,3.6428,0.752,0.7533,-0.1726,500400,376284,0.752,0.751,45104400,0.75,46476000,0.749,36764900,0.748,31607700,0.747,30075500,0.752,40209700,0.753,78047600,0.754,62444500,0.755,60432700,0.756,45798300,555,100,0
sh513130,09:32:54,1767663176259,5802.27,0.8972,4.3005,0.752,0.7533,-0.1726,6489300,4879457,0.7519,0.751,41313300,0.75,46913400,0.749,36764900,0.748,31958100,0.747,30105500,0.752,38133400,0.753,78070500,0.754,62495500,0.755,59977500,0.756,45841300,398,100,0
sh513130,09:32:57,1767663180274,5803.63,0.8972,3.4794,0.752,0.7533,-0.1726,1137800,855462,0.7519,0.751,46574100,0.75,46650900,0.749,36562900,0.748,36338100,0.747,30105500,0.752,37431800,0.753,78378000,0.754,57298500,0.755,59935700,0.756,45881800,63,100,0
sh513130,09:33:00,1767663183280,5800.76,0.8972,2.4916,0.751,0.7533,-0.3053,1022600,768933,0.7519,0.751,49217800,0.75,48691500,0.749,36583900,0.748,36410100,0.747,34495500,0.752,37339100,0.753,73317300,0.754,64575500,0.755,61948000,0.756,46028300,701,100,0
sh513130,09:33:03,1767663185287,5800.25,0.8972,2.4047,0.752,0.7533,-0.1726,2742300,2061474,0.7517,0.751,47843600,0.75,48687700,0.749,39594600,0.748,36910600,0.747,34495500,0.752,60481700,0.753,74842300,0.754,64647600,0.755,62097000,0.756,46283000,697,100,0
sh513130,09:33:06,1767663189279,5800.61,0.8972,1.6452,0.752,0.7533,-0.1726,38662300,29073984,0.752,0.751,46781100,0.75,48760000,0.749,39621500,0.748,37010600,0.747,34493500,0.752,3361300,0.753,82022300,0.754,64676500,0.755,62285300,0.756,46688700,353,100,0
sh513130,09:33:09,1767663193279,5800.4,0.8972,3.4683,0.752,0.7533,-0.1726,21800300,16393701,0.752,0.751,49305000,0.75,48038900,0.749,38002100,0.748,37040600,0.747,34493700,0.752,2922100,0.753,82005300,0.754,64697500,0.755,62352900,0.756,46732600,15,100,0
sh513130,09:33:12,1767663194276,5800.4,0.8972,4.9527,0.752,0.7533,-0.1726,2929600,2202567,0.7518,0.751,50547500,0.75,48213000,0.749,38132300,0.748,37110100,0.747,34493700,0.752,25879900,0.753,80468300,0.754,64848800,0.755,62451800,0.756,46732600,1011,100,0
sh513130,09:33:15,1767663198276,5799.14,0.8972,0.1803,0.752,0.7533,-0.1726,3416600,2568955,0.7519,0.751,52045700,0.75,48310900,0.749,37142300,0.748,37132800,0.747,34493700,0.752,33058400,0.753,76895100,0.754,64881300,0.755,62512100,0.756,46732600,692,100,0
sh513130,09:33:18,1767663200286,5799.06,0.8972,3.2341,0.752,0.7533,-0.1726,780000,586507,0.7519,0.751,49595000,0.75,48723000,0.749,39532300,0.748,37106700,0.747,34493500,0.752,33488100,0.753,80571500,0.754,65281400,0.755,59653200,0.756,46756600,537,100,0
sh513130,09:33:15,1767663201281,5799.42,0.8972,4.5226,0.752,0.7533,-0.1726,0,0,0.752,0.751,52045700,0.75,48310900,0.749,37142300,0.748,37132800,0.747,34493700,0.752,33058400,0.753,76895100,0.754,64881300,0.755,62512100,0.756,46732600,760,100,1
sh513130,09:33:18,1767663202279,5799.42,0.8972,4.5207,0.752,0.7533,-0.1726,780000,586507,0.7519,0.751,49595000,0.75,48723000,0.749,39532300,0.748,37106700,0.747,34493500,0.752,33488100,0.753,80571500,0.754,65281400,0.755,59653200,0.756,46756600,356,100,0
sh513130,09:33:21,1767663203277,5799.13,0.8972,4.4351,0.752,0.7533,-0.1726,2053500,1544173,0.752,0.751,50001400,0.75,48772500,0.749,39532300,0.748,37106700,0.747,34503800,0.752,32760800,0.753,80567900,0.754,65332600,0.755,60072700,0.756,46819800,700,100,0
sh513130,09:33:18,1767663204291,5799.13,0.8972,3.3949,0.752,0.7533,-0.1726,0,0,0.752,0.751,49595000,0.75,48723000,0.749,39532300,0.748,37106700,0.747,34493500,0.752,33488100,0.753,80571500,0.754,65281400,0.755,59653200,0.756,46756600,191,100,1
sh513130,09:33:21,1767663205300,5797.96,0.8972,3.3916,0.752,0.7533,-0.1726,2053500,1544173,0.752,0.751,50001400,0.75,48772500,0.749,39532300,0.748,37106700,0.747,34503800,0.752,32760800,0.753,80567900,0.754,65332600,0.755,60072700,0.756,46819800,710,100,0
sh513130,09:33:24,1767663206292,5797.96,0.8972,2.2384,0.752,0.7533,-0.1726,718900,540524,0.7519,0.751,51868400,0.75,49057000,0.749,39532300,0.748,37211700,0.747,34503800,0.752,33406000,0.753,80740800,0.754,65332600,0.755,59981700,0.756,46820300,16,100,0
sh513130,09:33:27,1767663210302,5796.99,0.8972,3.2242,0.752,0.7533,-0.1726,989500,743925,0.7518,0.751,48000200,0.75,54714500,0.749,40802300,0.748,36611700,0.747,34503800,0.752,38611900,0.753,86210500,0.754,65372600,0.755,60123000,0.756,43543800,1759,100,0
sh513130,09:33:30,1767663212305,5797.94,0.8972,4.8411,0.752,0.7533,-0.1726,990700,744845,0.7518,0.751,54748700,0.75,49187300,0.749,39812300,0.748,36611700,0.747,34503800,0.752,40201000,0.753,81047000,0.754,65704900,0.755,60221700,0.756,48853600,1701,100,0
sh513130,09:33:33,1767663215306,5797.91,0.8972,6.8636,0.752,0.7533,-0.1726,790300,594218,0.7519,0.751,53848400,0.75,49299800,0.749,39787300,0.748,36611700,0.747,34752400,0.752,19026000,0.753,85897100,0.754,65820600,0.755,60242700,0.756,49031400,367,100,0
sh513130,09:33:36,1767663219317,5799.69,0.8972,2.7175,0.752,0.7533,-0.1726,584200,439244,0.7519,0.751,54801800,0.75,49285800,0.749,39786800,0.748,36611700,0.747,34755400,0.752,37174500,0.753,86421300,0.754,66269600,0.755,60282200,0.756,49073300,46,100,0
sh513130,09:33:39,1767663221320,5800.43,0.8972,2.6296,0.752,0.7533,-0.1726,1181300,888230,0.7519,0.751,55064600,0.75,49259400,0.749,39886800,0.748,36641700,0.747,34755400,0.752,37644400,0.753,86506200,0.754,66331600,0.755,61548800,0.756,50167800,721,100,0
sh513130,09:33:42,1767663224317,5801.11,0.8972,3.1546,0.751,0.7533,-0.3053,1796300,1350665,0.7519,0.751,54968600,0.75,49162300,0.749,39084300,0.748,36842700,0.747,34756400,0.752,11776900,0.753,83470900,0.754,66333600,0.755,61670000,0.756,50209300,674,100,0
sh513130,09:33:45,1767663228315,5800.56,0.8972,2.4556,0.752,0.7533,-0.1726,3287100,2471839,0.752,0.751,55682900,0.75,49233900,0.749,39084300,0.748,36842200,0.747,34756400,0.752,42955300,0.753,79930600,0.754,66437600,0.755,64643800,0.756,50376300,317,100,0
sh513130,09:33:48,1767663231317,5799.46,0.8972,2.1861,0.752,0.7533,-0.1726,1693600,1272537,0.7514,0.751,55760100,0.75,49413400,0.749,38887600,0.748,36840200,0.747,34756400,0.752,39493100,0.753,82228200,0.754,66479700,0.755,61720500,0.756,50516200,751,100,0
sh513130,09:33:51,1767663234311,5798.81,0.8972,4.2422,0.752,0.7533,-0.1726,20178300,15174037,0.752,0.751,64748200,0.75,54412400,0.749,44827400,0.748,36841200,0.747,34556500,0.752,27761700,0.753,82861800,0.754,66546400,0.755,62035500,0.756,50506200,1723,100,0
sh513130,09:33:54,1767663237313,5799.07,0.8972,3.3338,0.752,0.7533,-0.1726,868100,652777,0.752,0.751,64684400,0.75,54419700,0.749,44827400,0.748,36841200,0.747,34556500,0.752,27055200,0.753,82957100,0.754,66558500,0.755,62298000,0.756,51506200,628,100,0
sh513130,09:33:57,1767663239312,5799.32,0.8972,1.368,0.752,0.7533,-0.1726,1970700,1481607,0.7518,0.751,64447100,0.75,54464700,0.749,43837400,0.748,36892300,0.747,34556500,0.752,25530100,0.753,83841800,0.754,66599300,0.755,63952600,0.756,51555000,469,100,0
sh513130,09:34:00,1767663243326,5795.72,0.8972,2.4614,0.752,0.7533,-0.1726,277300,208520,0.752,0.751,59906400,0.75,54657200,0.749,43837400,0.748,36892300,0.747,34558500,0.752,27634000,0.753,98499900,0.754,81611300,0.755,78617600,0.756,51576400,142,100,0
sh513130,09:34:03,1767663246336,5796.44,0.8972,-1.1564,0.752,0.7526,-0.0797,1587000,1193175,0.7518,0.751,69207100,0.75,54685700,0.749,45825700,0.748,36892300,0.747,34540300,0.752,27491600,0.753,106788500,0.754,81864500,0.755,78636500,0.756,43299700,970,100,0
sh513130,09:34:06,1767663249355,5798.01,0.8972,1.0677,0.752,0.7526,-0.0797,7797500,5863654,0.752,0.751,69661400,0.75,54891300,0.749,45825700,0.748,36889400,0.747,34540300,0.752,4348600,0.753,83712500,0.754,81825300,0.755,79036500,0.756,51590700,627,100,0
sh513130,09:34:09,1767663251361,5798.51,0.8972,0.679,0.752,0.7526,-0.0797,1829500,1375707,0.752,0.751,69724500,0.75,54977500,0.749,45805700,0.748,36889400,0.747,34540300,0.752,28475500,0.753,98357400,0.754,82215700,0.755,79092700,0.756,51596700,764,100,0
sh513130,09:34:12,1767663254364,5797.45,0.8972,3.6907,0.752,0.7532,-0.1593,634900,477416,0.752,0.751,70775100,0.75,55091800,0.749,44785700,0.748,36839400,0.747,34540300,0.752,24142700,0.753,82939200,0.754,82226000,0.755,79187600,0.756,66715300,279,100,0
sh513130,09:34:15,1767663258355,5798.55,0.8972,3.5229,0.752,0.7532,-0.1593,283100,212833,0.7518,0.751,70740800,0.75,55351000,0.749,43795700,0.748,36840400,0.747,34540300,0.752,24248900,0.753,82942300,0.754,82313300,0.755,79305300,0.756,51889800,1830,100,0
sh513130,09:34:18,1767663260365,5798.18,0.8972,4.9902,0.752,0.7532,-0.1593,1317500,990595,0.7519,0.751,71538300,0.75,55555900,0.749,43793700,0.748,36840400,0.747,34540300,0.752,30314300,0.753,98865900,0.754,82353300,0.755,79466100,0.756,51916800,1770,100,0
sh513130,09:34:21,1767663263365,5795.53,0.8972,3.6215,0.751,0.7532,-0.2921,896200,673860,0.7519,0.751,64900300,0.75,61734500,0.749,45773700,0.748,36878700,0.747,34542600,0.752,31254700,0.753,104697800,0.754,82453300,0.755,79066100,0.756,46669500,591,100,0
sh513130,09:34:24,1767663266364,5794.71,0.8972,1.5747,0.752,0.7532,-0.1593,58282000,43770033,0.751,0.751,6957500,0.75,64763200,0.749,45773700,0.748,41881700,0.747,34542600,0.752,34162500,0.753,108742800,0.754,82078000,0.755,79155800,0.756,42262700,1423,100,0
sh513130,09:34:27,1767663269356,5794.82,0.8972,1.8278,0.751,0.7532,-0.2921,600500,451429,0.7518,0.751,29865500,0.75,66585600,0.749,45823700,0.748,41559000,0.747,34542600,0.752,42616700,0.753,108885500,0.754,82007500,0.755,79235600,0.756,42325300,92,100,0
sh513130,09:34:30,1767663272366,5794.61,0.8972,1.2201,0.752,0.7532,-0.1593,15796200,11863081,0.751,0.751,13140300,0.75,69008000,0.749,63921900,0.748,41950700,0.747,34563600,0.752,43395600,0.753,109146700,0.754,82093400,0.755,79275800,0.756,42319700,938,100,0
sh513130,09:34:33,1767663276365,5793.36,0.8972,1.3559,0.751,0.7526,-0.2126,4328500,3252972,0.7515,0.751,26382800,0.75,69944200,0.749,49933300,0.748,41956700,0.747,34563600,0.752,44751000,0.753,109296200,0.754,82063500,0.755,79336900,0.756,42429700,571,100,0
sh513130,09:34:36,1767663279362,5793.18,0.8972,2.0887,0.751,0.7526,-0.2126,1597900,1201512,0.7519,0.751,33727600,0.75,69139100,0.749,49947300,0.748,41956700,0.747,34563600,0.752,45010900,0.753,108841300,0.754,82067700,0.755,79297000,0.756,43949700,813,100,0
sh513130,09:34:39,1767663280359,5793.18,0.8972,3.7802,0.751,0.7526,-0.2126,28222600,21195921,0.751,0.75,69368800,0.749,59187300,0.748,41956700,0.747,34563600,0.746,34865600,0.751,32042000,0.752,46257000,0.753,110461400,0.754,60027900,0.755,79506800,218,100,0
sh513130,09:34:36,1767663281366,5791.31,0.8972,3.5708,0.751,0.7526,-0.2126,0,0,0.751,0.751,33727600,0.75,69139100,0.749,49947300,0.748,41956700,0.747,34563600,0.752,45010900,0.753,108841300,0.754,82067700,0.755,79297000,0.756,43949700,816,100,1
sh513130,09:34:39,1767663283368,5790.88,0.8972,3.8263,0.751,0.7526,-0.2126,28222600,21195921,0.751,0.75,69368800,0.749,59187300,0.748,41956700,0.747,34563600,0.746,34865600,0.751,32042000,0.752,46257000,0.753,110461400,0.754,60027900,0.755,79506800,751,100,0
sh513130,09:34:42,1767663284376,5790.88,0.8972,3.4113,0.751,0.7526,-0.2126,1455200,1092855,0.751,0.75,67414300,0.749,59197300,0.748,43887100,0.747,34563600,0.746,34946700,0.751,29787800,0.752,49782500,0.753,110355500,0.754,57652900,0.755,79568600,1758,100,0
sh513130,09:34:45,1767663288374,5791.34,0.8972,4.818,0.751,0.7526,-0.2126,5161300,3876099,0.751,0.751,3857200,0.75,63260700,0.749,45957700,0.748,42842400,0.747,34576600,0.752,50150600,0.753,110463000,0.754,58072900,0.755,79574100,0.756,41692300,1744,100,0
sh513130,09:34:48,1767663290380,5791.55,0.8972,4.321,0.751,0.7526,-0.2126,3543200,2660994,0.751,0.75,75770300,0.749,53950200,0.748,41477400,0.747,34576600,0.746,40230100,0.751,5033400,0.752,47675100,0.753,110474000,0.754,61838900,0.755,79572400,1583,100,0
sh513130,09:34:51,1767663293359,5791.11,0.8972,1.8049,0.751,0.7526,-0.2126,658600,494468,0.7508,0.75,75211600,0.749,53944200,0.748,42867400,0.747,34576600,0.746,40249600,0.751,42127200,0.752,52486800,0.753,110493400,0.754,58372900,0.755,79591100,223,100,0
sh513130,09:34:54,1767663297367,5790.85,0.8972,5.1639,0.751,0.7526,-0.2126,725400,544751,0.751,0.75,75850400,0.749,53968200,0.748,42867400,0.747,34576600,0.746,40249600,0.751,43908200,0.752,51825300,0.753,111382900,0.754,58387900,0.755,79628600,801,100,0
sh513130,09:34:57,1767663299353,5791.92,0.8972,2.8087,0.751,0.7526,-0.2126,1043200,782807,0.7504,0.75,75358000,0.749,54068200,0.748,42871400,0.747,34576600,0.746,40244600,0.751,32039000,0.752,52468800,0.753,111459900,0.754,58454500,0.755,79741100,762,100,0
sh513130,09:35:00,1767663302363,5792.15,0.8972,7.402,0.75,0.7526,-0.3455,1455300,1092749,0.7509,0.75,76217900,0.749,55267900,0.748,42882200,0.747,34576600,0.746,40254600,0.751,33816100,0.752,59508200,0.753,110816800,0.754,58444500,0.755,79799500,552,100,0
sh513130,09:34:57,1767663303357,5790.58,0.8972,7.3148,0.751,0.7526,-0.2126,0,0,0.751,0.75,75358000,0.749,54068200,0.748,42871400,0.747,34576600,0.746,40244600,0.751,32039000,0.752,52468800,0.753,111459900,0.754,58454500,0.755,79741100,793,100,1
sh513130,09:35:00,1767663304359,5790.58,0.8972,7.6745,0.75,0.7526,-0.3455,1455300,1092749,0.7509,0.75,76217900,0.749,55267900,0.748,42882200,0.747,34576600,0.746,40254600,0.751,33816100,0.752,59508200,0.753,110816800,0.754,58444500,0.755,79799500,376,100,0
sh513130,09:35:03,1767663305363,5790.3,0.8972,5.8649,0.75,0.7526,-0.3455,1092500,819415,0.75,0.75,75473200,0.749,55289500,0.748,42883200,0.747,34602300,0.746,40254900,0.751,36786400,0.752,54532300,0.753,110722600,0.754,58395200,0.755,79815100,797,100,0
sh513130,09:35:06,1767663310355,5792.96,0.8972,3.9978,0.751,0.7526,-0.2126,10011500,7518171,0.751,0.751,46350700,0.75,67970400,0.749,47348600,0.748,42137200,0.747,34602300,0.752,70464500,0.753,120862700,0.754,58875200,0.755,79829100,0.756,41834200,1784,100,0
sh513130,09:35:09,1767663311364,5791.51,0.8972,3.8746,0.751,0.7526,-0.2126,3799400,2853406,0.751,0.751,5421400,0.75,78865400,0.749,47348600,0.748,41737600,0.747,34602300,0.752,68543400,0.753,120884900,0.754,61805200,0.755,79949500,0.756,41844200,769,100,0
sh513130,09:35:12,1767663315363,5790.2,0.8972,2.7823,0.751,0.7526,-0.2126,5550900,4168708,0.751,0.75,79194400,0.749,58183200,0.748,42147600,0.747,34602300,0.746,40395400,0.751,42194700,0.752,70189300,0.753,120861600,0.754,60815200,0.755,79971100,501,100,0
sh513130,09:35:15,1767663317355,5790.99,0.8972,2.5909,0.751,0.7526,-0.2126,800500,601108,0.7509,0.75,72720600,0.749,58183200,0.748,43137600,0.747,35003300,0.746,40395400,0.751,54295600,0.752,93072700,0.753,120785700,0.754,58429200,0.755,55224500,320,100,0
sh513130,09:35:18,1767663321356,5790.71,0.8972,3.055,0.751,0.7526,-0.2126,348300,261530,0.7509,0.75,73059600,0.749,63783200,0.748,43247600,0.747,35033300,0.746,40431400,0.751,55321100,0.752,96713900,0.753,119823200,0.754,58464900,0.755,55474700,752,100,0
sh513130,09:35:21,1767663324358,5789.02,0.8972,2.6154,0.751,0.7519,-0.1197,1904200,1429203,0.7506,0.75,71666400,0.749,58166300,0.748,44248600,0.747,35043400,0.746,40431400,0.751,56063800,0.752,98269500,0.753,119851500,0.754,58464900,0.755,55544400,797,100,0
sh513130,09:35:24,1767663326366,5789.24,0.8972,3.5547,0.75,0.7519,-0.2527,2217400,1664113,0.7505,0.75,70788600,0.749,63846400,0.748,44221700,0.747,35043400,0.746,40594500,0.751,59369500,0.752,98639100,0.753,119941800,0.754,58541800,0.755,55596100,626,100,0
sh513130,09:35:27,1767663329355,5789.81,0.8972,3.4198,0.751,0.7526,-0.2126,633800,475518,0.7503,0.75,76086800,0.749,58286000,0.748,44223100,0.747,34743400,0.746,40596500,0.751,59500500,0.752,98145200,0.753,120345900,0.754,58541800,0.755,55557200,763,100,0
sh513130,09:35:24,1767663330360,5789.81,0.8972,3.3567,0.75,0.7519,-0.2527,0,0,0.75,0.75,70788600,0.749,63846400,0.748,44221700,0.747,35043400,0.746,40594500,0.751,59369500,0.752,98639100,0.753,119941800,0.754,58541800,0.755,55596100,281,100,1
sh513130,09:35:27,1767663331364,5788.88,0.8972,3.8745,0.751,0.7526,-0.2126,633800,475518,0.7503,0.75,76086800,0.749,58286000,0.748,44223100,0.747,34743400,0.746,40596500,0.751,59500500,0.752,98145200,0.753,120345900,0.754,58541800,0.755,55557200,704,100,0
sh513130,09:35:30,1767663332361,5788.88,0.8972,3.3404,0.751,0.7526,-0.2126,551800,414219,0.7507,0.75,70494000,0.749,63966500,0.748,44737900,0.747,35143400,0.746,40596500,0.751,59921400,0.752,99713200,0.753,120129000,0.754,58541800,0.755,55903600,108,100,0
sh513130,09:35:33,1767663336359,5787.72,0.8972,4.9242,0.751,0.7519,-0.1197,1383200,1038442,0.7508,0.75,64210400,0.749,59093400,0.748,39834500,0.747,35143400,0.746,40677100,0.751,59179800,0.752,99765600,0.753,120361700,0.754,58547400,0.755,55904600,1806,100,0
sh513130,09:35:36,1767663338365,5789.37,0.8972,4.5196,0.75,0.7519,-0.2527,458400,343841,0.7501,0.75,66226400,0.749,59114400,0.748,39844500,0.747,35153400,0.746,40677100,0.751,60460000,0.752,99683700,0.753,120606000,0.754,58547400,0.755,55972600,1766,100,0
sh513130,09:35:39,1767663342358,5793.78,0.8972,8.1074,0.751,0.7519,-0.1197,17033900,12791385,0.7509,0.751,17989400,0.75,72543400,0.749,46798100,0.748,43964100,0.747,34753400,0.752,79254500,0.753,121696000,0.754,58997900,0.755,80702900,0.756,41632600,1401,100,0
sh513130,09:35:42,1767663345365,5795.91,0.8972,7.4964,0.751,0.7519,-0.1197,1194500,897070,0.751,0.751,42085500,0.75,75021400,0.749,47597500,0.748,42681300,0.747,34753400,0.752,74833400,0.753,121772900,0.754,61978900,0.755,80683100,0.756,41632600,47,100,0
sh513130,09:35:45,1767663347354,5795.44,0.8972,4.5766,0.751,0.7519,-0.1197,1757300,1319746,0.751,0.751,42160400,0.75,77645800,0.749,46694600,0.748,37704200,0.747,34753400,0.752,75124600,0.753,121961000,0.754,62020800,0.755,80921900,0.756,41612900,779,100,0
sh513130,09:35:48,1767663350362,5796.1,0.8972,4.4748,0.751,0.7526,-0.2126,484000,363493,0.751,0.751,39269200,0.75,77661600,0.749,47707700,0.748,37704200,0.747,35458400,0.752,75572000,0.753,121926900,0.754,62020800,0.755,80879900,0.756,41612900,704,100,0
sh513130,09:35:51,1767663353356,5797.15,0.8972,5.7831,0.751,0.7526,-0.2126,719600,540420,0.751,0.751,41212400,0.75,77840500,0.749,47707700,0.748,42704200,0.747,35508400,0.752,76982300,0.753,121940000,0.754,62056200,0.755,80938800,0.756,41668400,817,100,0
sh513130,09:35:48,1767663354362,5797.15,0.8972,5.7805,0.751,0.7526,-0.2126,0,0,0.751,0.751,39269200,0.75,77661600,0.749,47707700,0.748,37704200,0.747,35458400,0.752,75572000,0.753,121926900,0.754,62020800,0.755,80879900,0.756,41612900,361,100,1
sh513130,09:35:51,1767663355352,5796.46,0.8972,5.6486,0.751,0.7526,-0.2126,719600,540420,0.751,0.751,41212400,0.75,77840500,0.749,47707700,0.748,42704200,0.747,35508400,0.752,76982300,0.753,121940000,0.754,62056200,0.755,80938800,0.756,41668400,766,100,0
sh513130,09:35:54,1767663356365,5796.46,0.8972,5.5608,0.751,0.7526,-0.2126,302200,227021,0.7512,0.751,46948500,0.75,77861800,0.749,47017200,0.748,37720700,0.747,35508400,0.752,76718200,0.753,122017100,0.754,62001000,0.755,80929100,0.756,41675500,202,100,0
sh513130,09:35:57,1767663360382,5796.19,0.8972,4.0339,0.752,0.7526,-0.0797,641700,482101,0.7513,0.751,42248300,0.75,78361700,0.749,47013200,0.748,37645000,0.747,35498300,0.752,77040900,0.753,121978900,0.754,62021000,0.755,80729400,0.756,41700800,1814,100,0
sh513130,09:36:00,1767663363388,5795.51,0.8972,2.8456,0.751,0.7526,-0.2126,36340100,27291443,0.751,0.75,80397900,0.749,57914200,0.748,37646500,0.747,35502300,0.746,35460600,0.751,22438300,0.752,80366200,0.753,122055300,0.754,62027600,0.755,80729400,697,100,0
sh513130,09:36:03,1767663365397,5794.54,0.8972,2.385,0.751,0.7526,-0.2126,4954500,3720813,0.751,0.75,73089600,0.749,48209800,0.748,38046500,0.747,35502300,0.746,35465000,0.751,5997000,0.752,83327300,0.753,121937000,0.754,59057600,0.755,80718300,526,100,0
sh513130,09:36:06,1767663369395,5792.26,0.8972,2.6771,0.751,0.7526,-0.2126,2633100,1977454,0.751,0.75,80547100,0.749,56921400,0.748,44036500,0.747,35505000,0.746,35465000,0.751,32550000,0.752,83532300,0.753,121941500,0.754,58617600,0.755,80944800,185,100,0
sh513130,09:36:09,1767663370400,5792.26,0.8972,2.9302,0.751,0.7526,-0.2126,1828200,1372709,0.7509,0.75,81923000,0.749,56911400,0.748,44189000,0.747,35505000,0.746,35465000,0.751,36512700,0.752,82713200,0.753,127046300,0.754,58642200,0.755,81020000,1190,100,0
sh513130,09:36:06,1767663371401,5793.02,0.8972,6.1969,0.751,0.7526,-0.2126,0,0,0.751,0.75,80547100,0.749,56921400,0.748,44036500,0.747,35505000,0.746,35465000,0.751,32550000,0.752,83532300,0.753,121941500,0.754,58617600,0.755,80944800,17,100,1
sh513130,09:36:09,1767663372397,5793.02,0.8972,6.1068,0.751,0.7526,-0.2126,1828200,1372709,0.7509,0.75,81923000,0.749,56911400,0.748,44189000,0.747,35505000,0.746,35465000,0.751,36512700,0.752,82713200,0.753,127046300,0.754,58642200,0.755,81020000,1013,100,0
sh513130,09:36:12,1767663375410,5794.07,0.8972,4.4418,0.751,0.7526,-0.2126,2717600,2040880,0.751,0.751,38736300,0.75,73655000,0.749,47204800,0.748,44178900,0.747,35505000,0.752,89211900,0.753,127000100,0.754,59043200,0.755,81039200,0.756,41792000,620,100,0
sh513130,09:36:15,1767663377398,5796.14,0.8972,3.1013,0.751,0.7526,-0.2126,264800,198865,0.751,0.751,51881700,0.75,73080200,0.749,47244900,0.748,42788900,0.747,35495000,0.752,87662200,0.753,126955800,0.754,65983200,0.755,81060800,0.756,41792000,781,100,0
sh513130,09:36:18,1767663381410,5798.14,0.8972,3.7476,0.751,0.7526,-0.2126,394800,296545,0.7511,0.751,52784800,0.75,76902000,0.749,46254900,0.748,42794900,0.747,35495000,0.752,86453000,0.753,126920700,0.754,66860200,0.755,81061800,0.756,42093600,855,100,0
sh513130,09:36:21,1767663382402,5798.14,0.8972,3.1483,0.751,0.7526,-0.2126,337100,253163,0.751,0.751,58103200,0.75,77104100,0.749,46443400,0.748,37814900,0.747,35513000,0.752,87138400,0.753,126943600,0.754,66860700,0.755,81072300,0.756,42161300,125,100,0
sh513130,09:36:24,1767663386411,5797.09,0.8972,1.2794,0.751,0.7526,-0.2126,2225200,1671215,0.751,0.751,64487600,0.75,77234300,0.749,46693100,0.748,37849900,0.747,35513000,0.752,86290800,0.753,126853000,0.754,66860700,0.755,81003300,0.756,42201300,1796,100,0
sh513130,09:36:27,1767663390409,5796.72,0.8972,2.8512,0.751,0.7526,-0.2126,212900,159888,0.751,0.751,64297900,0.75,77363500,0.749,46743100,0.748,38249100,0.747,35513000,0.752,86984800,0.753,127026100,0.754,66865700,0.755,81052200,0.756,42201300,1616,100,0
sh513130,09:36:30,1767663392410,5796.42,0.8972,1.8824,0.751,0.7532,-0.2921,974900,732850,0.7517,0.751,59510700,0.75,82977400,0.749,46743100,0.748,38249100,0.747,35513000,0.752,87263900,0.753,126892000,0.754,66915700,0.755,81186100,0.756,42191300,1449,100,0
sh513130,09:36:27,1767663393401,5796.79,0.8972,2.1352,0.751,0.7526,-0.2126,0,0,0.751,0.751,64297900,0.75,77363500,0.749,46743100,0.748,38249100,0.747,35513000,0.752,86984800,0.753,127026100,0.754,66865700,0.755,81052200,0.756,42201300,264,100,1
sh513130,09:36:30,1767663394413,5796.79,0.8972,2.205,0.751,0.7532,-0.2921,974900,732850,0.7517,0.751,59510700,0.75,82977400,0.749,46743100,0.748,38249100,0.747,35513000,0.752,87263900,0.753,126892000,0.754,66915700,0.755,81186100,0.756,42191300,1276,100,0
sh513130,09:36:33,1767663395413,5797.8,0.8972,1.6174,0.752,0.7533,-0.1726,1551000,1164852,0.751,0.751,58109000,0.75,77880100,0.749,46757100,0.748,38249100,0.747,35513000,0.752,87902300,0.753,127018100,0.754,66918700,0.755,81186100,0.756,42191300,94,100,0
sh513130,09:36:36,1767663398417,5797.27,0.8972,1.2406,0.752,0.7526,-0.0797,2074700,1558343,0.7511,0.751,66982500,0.75,77906100,0.749,46757100,0.748,38249100,0.747,35514200,0.752,88455000,0.753,124078100,0.754,66923700,0.755,81338600,0.756,45224100,919,100,0
sh513130,09:36:39,1767663402417,5797.78,0.8972,1.8207,0.752,0.7526,-0.0797,1248200,937465,0.7511,0.751,73848000,0.75,78018900,0.749,46771100,0.748,38249100,0.747,35514200,0.752,90112400,0.753,127217800,0.754,66923700,0.755,81248500,0.756,42231500,558,100,0
sh513130,09:36:42,1767663405419,5795.32,0.8972,0.2266,0.752,0.7526,-0.0797,605700,455297,0.7517,0.751,33619200,0.75,83795200,0.749,46784100,0.748,38229400,0.747,35514200,0.752,90118100,0.753,127375400,0.754,66976700,0.755,81288500,0.756,41284000,853,100,0
sh513130,09:36:45,1767663408404,5795.32,0.8972,1.756,0.752,0.7526,-0.0797,1229300,924317,0.7519,0.751,44618000,0.75,83793600,0.749,47774100,0.748,43229400,0.747,35512200,0.752,90219500,0.753,127963700,0.754,65996700,0.755,81288500,0.756,41297800,17,100,0
sh513130,09:36:48,1767663410410,5793.9,0.8972,4.1519,0.752,0.7526,-0.0797,1165600,876172,0.7517,0.751,20986900,0.75,84892200,0.749,47774100,0.748,43229400,0.747,35512200,0.752,90761900,0.753,127983700,0.754,65964400,0.755,81773300,0.756,41316800,1805,100,0
sh513130,09:36:51,1767663414413,5793.61,0.8972,4.2967,0.751,0.7526,-0.2126,1725900,1297156,0.7516,0.751,48299500,0.75,85393000,0.749,47779700,0.748,43229400,0.747,35512200,0.752,100841000,0.753,127894700,0.754,65965400,0.755,81813300,0.756,41416500,1681,100,0
sh513130,09:36:54,1767663416399,5794.62,0.8972,5.648,0.751,0.7526,-0.2126,309200,232284,0.7512,0.751,33068300,0.75,84853200,0.749,47813700,0.748,43217300,0.747,35514300,0.752,102106900,0.753,127844700,0.754,65923900,0.755,81868700,0.756,41478400,1506,100,0
sh513130,09:36:57,1767663419410,5793.82,0.8972,3.5757,0.752,0.7526,-0.0797,364300,273858,0.7517,0.751,50402400,0.75,84970200,0.749,47813700,0.748,43217300,0.747,35514300,0.752,104850000,0.753,127835200,0.754,65995300,0.755,81753700,0.756,41285800,173,100,0
sh513130,09:37:00,1767663422410,5793.53,0.8972,4.0203,0.751,0.7526,-0.2126,194500,146097,0.7511,0.751,48545900,0.75,85027200,0.749,47922700,0.748,43267300,0.747,35514300,0.752,106409700,0.753,128824000,0.754,65010600,0.755,81776700,0.756,41395800,997,100,0
sh513130,09:36:57,1767663423405,5794.36,0.8972,3.9486,0.752,0.7526,-0.0797,0,0,0.752,0.751,50402400,0.75,84970200,0.749,47813700,0.748,43217300,0.747,35514300,0.752,104850000,0.753,127835200,0.754,65995300,0.755,81753700,0.756,41285800,865,100,1
sh513130,09:37:00,1767663424416,5794.36,0.8972,4.5998,0.751,0.7526,-0.2126,194500,146097,0.7511,0.751,48545900,0.75,85027200,0.749,47922700,0.748,43267300,0.747,35514300,0.752,106409700,0.753,128824000,0.754,65010600,0.755,81776700,0.756,41395800,772,100,0
sh513130,09:37:03,1767663425407,5795.35,0.8972,5.3361,0.751,0.7519,-0.1197,713000,535519,0.7511,0.751,66628300,0.75,79572500,0.749,47908800,0.748,43267300,0.747,35514300,0.752,105530700,0.753,129040200,0.754,66085800,0.755,81826700,0.756,41405800,867,100,0
sh513130,09:37:06,1767663428411,5796.31,0.8972,3.9667,0.752,0.7526,-0.0797,385100,289419,0.7515,0.751,75625500,0.75,79681700,0.749,47050100,0.748,38267300,0.747,35544300,0.752,104679900,0.753,129119400,0.754,67107800,0.755,81626700,0.756,41478500,458,100,0
sh513130,09:37:09,1767663432406,5796.2,0.8972,2.5962,0.752,0.7526,-0.0797,209200,157233,0.7516,0.751,76028200,0.75,79716500,0.749,47656400,0.748,38267300,0.747,35544300,0.752,104857700,0.753,129074400,0.754,67173000,0.755,81477800,0.756,41493900,93,100,0
sh513130,09:37:12,1767663435402,5797.24,0.8972,3.8921,0.752,0.7526,-0.0797,2000500,1502904,0.7513,0.751,76046300,0.75,80094800,0.749,47656400,0.748,38272300,0.747,35544300,0.752,105020400,0.753,129050400,0.754,67259900,0.755,82008500,0.756,41493900,797,100,0
sh513130,09:37:15,1767663437402,5796.97,0.8972,3.992,0.752,0.7526,-0.0797,5443900,4093481,0.7519,0.751,75761400,0.75,80242300,0.749,46735900,0.748,38122300,0.747,35544300,0.752,85108700,0.753,109250700,0.754,67242900,0.755,82126000,0.756,46839900,736,100,0
sh513130,09:37:18,1767663441410,5798.52,0.8972,2.7814,0.752,0.7532,-0.1593,456900,343249,0.7513,0.751,76560200,0.75,80680800,0.749,46740900,0.748,38145300,0.747,35564300,0.752,97860100,0.753,130065700,0.754,79246700,0.755,82128500,0.756,41599200,389,100,0
sh513130,09:37:21,1767663443402,5797.93,0.8972,4.1475,0.752,0.7532,-0.1593,605400,455226,0.7519,0.751,77214000,0.75,80537100,0.749,46740900,0.748,38145300,0.747,35564400,0.752,97587300,0.753,130065700,0.754,79241700,0.755,82250500,0.756,41599200,203,100,0
sh513130,09:37:24,1767663446409,5798.09,0.8972,4.7619,0.752,0.7532,-0.1593,1596200,1199259,0.7513,0.751,76385700,0.75,80365100,0.749,46741900,0.748,38155300,0.747,35569400,0.752,98426000,0.753,130097800,0.754,79241700,0.755,82250500,0.756,41599200,1051,100,0
sh513130,09:37:21,1767663447407,5798.07,0.8972,4.9609,0.752,0.7532,-0.1593,0,0,0.752,0.751,77214000,0.75,80537100,0.749,46740900,0.748,38145300,0.747,35564400,0.752,97587300,0.753,130065700,0.754,79241700,0.755,82250500,0.756,41599200,865,100,1
sh513130,09:37:24,1767663448404,5798.07,0.8972,4.404,0.752,0.7532,-0.1593,1596200,1199259,0.7513,0.751,76385700,0.75,80365100,0.749,46741900,0.748,38155300,0.747,35569400,0.752,98426000,0.753,130097800,0.754,79241700,0.755,82250500,0.756,41599200,880,100,0
sh513130,09:37:27,1767663450416,5798.13,0.8972,5.5514,0.751,0.7525,-0.1993,289800,217893,0.7519,0.751,76388000,0.75,80361800,0.749,46751900,0.748,38155600,0.747,35579400,0.752,86892800,0.753,112377300,0.754,79430100,0.755,82279300,0.756,59699200,722,100,0
sh513130,09:37:30,1767663452416,5798.54,0.8972,4.1644,0.752,0.7525,-0.0664,1124900,844912,0.7511,0.751,76487300,0.75,80355800,0.749,45761900,0.748,38157600,0.747,35579400,0.752,76242500,0.753,125993700,0.754,97438300,0.755,82339600,0.756,44669300,549,100,0
sh513130,09:37:33,1767663454415,5800.19,0.8972,4.4682,0.751,0.7532,-0.2921,255900,192390,0.7518,0.751,78673900,0.75,80410800,0.749,45761900,0.748,38157600,0.747,35579400,0.752,76227100,0.753,112409600,0.754,97412900,0.755,82570700,0.756,59719300,374,100,0
sh513130,09:37:36,1767663459420,5799.28,0.8972,3.4874,0.752,0.7532,-0.1593,980500,736390,0.751,0.751,77900000,0.75,80316300,0.749,45761900,0.748,38187500,0.747,35579400,0.752,69221200,0.753,112482000,0.754,97412900,0.755,82573000,0.756,59713500,888,100,0
sh513130,09:37:39,1767663462417,5798.69,0.8972,2.4385,0.752,0.7532,-0.1593,222800,167440,0.7515,0.751,77907800,0.75,80525800,0.749,45384800,0.748,38224200,0.747,35640900,0.752,69469200,0.753,117164200,0.754,97423900,0.755,82648600,0.756,60515700,1796,100,0
sh513130,09:37:42,1767663464416,5799.22,0.8972,2.4156,0.752,0.7532,-0.1593,873100,655978,0.7513,0.751,79358900,0.75,80707000,0.749,45384800,0.748,38260500,0.747,35640900,0.752,88877500,0.753,129641100,0.754,97424700,0.755,83456100,0.756,42515700,1671,100,0
sh513130,09:37:45,1767663468421,5800.81,0.8972,3.9394,0.751,0.7532,-0.2921,2405300,1807764,0.7516,0.751,78536600,0.75,80534600,0.749,45386800,0.748,38160500,0.747,35640900,0.752,67618300,0.753,110624800,0.754,97441500,0.755,83427600,0.756,67394100,1334,100,0
sh513130,09:37:48,1767663470415,5800.58,0.8972,4.1528,0.751,0.7532,-0.2921,1263800,950188,0.7518,0.751,78805800,0.75,80569300,0.749,45386800,0.748,38160500,0.747,35650900,0.752,70837200,0.753,110691800,0.754,98027500,0.755,83816300,0.756,67379100,1153,100,0
sh513130,09:37:51,1767663474422,5800.25,0.8972,5.3119,0.751,0.7532,-0.2921,55700,41850,0.7513,0.751,79313400,0.75,80595600,0.749,45386800,0.748,38158500,0.747,35650900,0.752,70746100,0.753,110767200,0.754,98074400,0.755,83941000,0.756,67424600,781,100,0
sh513130,09:37:54,1767663476415,5800.92,0.8972,4.3055,0.752,0.7532,-0.1593,8511200,6400372,0.752,0.751,79347600,0.75,80762700,0.749,45460300,0.748,38158500,0.747,35653900,0.752,53435800,0.753,111280600,0.754,98113400,0.755,84127500,0.756,67435500,598,100,0
sh513130,09:37:57,1767663479419,5803.47,0.8972,2.8527,0.752,0.7532,-0.1593,55576700,41793669,0.752,0.752,44179700,0.751,73709400,0.75,55662000,0.749,38080300,0.748,38360500,0.753,113614200,0.754,99235400,0.755,84128900,0.756,67456500,0.757,27266000,825,100,0
sh513130,09:38:00,1767663483418,5802.89,0.8972,3.0282,0.752,0.7532,-0.1593,709900,533846,0.752,0.752,66926100,0.751,63481500,0.75,52893200,0.749,32690300,0.748,38362500,0.753,111855900,0.754,99234400,0.755,91120300,0.756,67621500,0.757,27266100,840,100,0
sh513130,09:38:03,1767663485421,5803.64,0.8972,3.0241,0.752,0.7532,-0.1593,1130000,849764,0.752,0.752,56418600,0.751,64250900,0.75,53018400,0.749,32690300,0.748,38367500,0.753,111945100,0.754,99234400,0.755,91120300,0.756,67421500,0.757,27266100,817,100,0
sh513130,09:38:06,1767663490419,5805.21,0.8972,3.7797,0.753,0.7538,-0.1061,285300,214765,0.7528,0.752,69090800,0.751,65432600,0.75,53136100,0.749,32690300,0.748,38430500,0.753,111952800,0.754,99337500,0.755,91481800,0.756,67422500,0.757,27264100,1559,100,0
sh513130,09:38:09,1767663491417,5804.63,0.8972,3.7113,0.752,0.7538,-0.2388,2000500,1504382,0.752,0.752,39471300,0.751,72907700,0.75,54010200,0.749,32690300,0.748,38430500,0.753,112523400,0.754,99352400,0.755,91530800,0.756,67514000,0.757,27314100,378,100,0
sh513130,09:38:12,1767663494416,5805.66,0.8972,3.4686,0.752,0.7538,-0.2388,864900,650534,0.7521,0.752,49562600,0.751,67796200,0.75,53045800,0.749,32690300,0.748,38430500,0.753,112041900,0.754,99356400,0.755,92620400,0.756,67523900,0.757,27424100,1201,100,0
sh513130,09:38:15,1767663497422,5806.16,0.8972,3.1659,0.753,0.7538,-0.1061,1083800,815720,0.7526,0.752,55412400,0.751,69506000,0.75,53887500,0.749,34688900,0.748,38433000,0.753,111703600,0.754,100856500,0.755,92837300,0.756,68133900,0.757,27430500,830,100,0
sh513130,09:38:18,1767663500417,5805.5,0.8972,2.406,0.752,0.7538,-0.2388,1059100,796704,0.7522,0.752,49875200,0.751,69142000,0.75,52854200,0.749,34688900,0.748,38458000,0.753,112607800,0.754,100975000,0.755,92863600,0.756,68202500,0.757,27430500,687,100,0
sh513130,09:38:21,1767663503416,5806.78,0.8972,2.9648,0.753,0.7538,-0.1061,216000,162597,0.7528,0.752,55145500,0.751,69275900,0.75,52996300,0.749,34688900,0.748,38478000,0.753,113406100,0.754,101018800,0.755,92916900,0.756,68222400,0.757,27760500,817,100,0
sh513130,09:38:24,1767663506416,5806.4,0.8972,3.3229,0.753,0.7538,-0.1061,524700,394888,0.7526,0.752,63160600,0.751,70381700,0.75,52949700,0.749,34688900,0.748,38478000,0.753,113189000,0.754,101018800,0.755,92908600,0.756,68279000,0.757,27831500,132,100,0
sh513130,09:38:27,1767663509426,5805.49,0.8972,2.5304,0.753,0.7538,-0.1061,394400,296878,0.7527,0.752,64925800,0.751,71202600,0.75,53865200,0.749,34615400,0.748,38455000,0.753,113243900,0.754,101040000,0.755,92953600,0.756,68454000,0.757,27928900,799,100,0
sh513130,09:38:30,1767663513416,5807.03,0.8972,3.2983,0.753,0.7538,-0.1061,602900,453984,0.753,0.752,65753200,0.751,71330700,0.75,53793400,0.749,34625400,0.748,38590000,0.753,112733800,0.754,101237700,0.755,93510100,0.756,68454000,0.757,28048900,625,100,0
sh513130,09:38:33,1767663515425,5807.88,0.8972,4.4648,0.753,0.7538,-0.1061,876900,660148,0.7528,0.752,67759500,0.751,70972900,0.75,53007000,0.749,36225400,0.748,38590000,0.753,113410800,0.754,101305300,0.755,93599200,0.756,68521800,0.757,27994600,465,100,0
sh513130,09:38:36,1767663518414,5807.08,0.8972,5.6819,0.753,0.7538,-0.1061,320400,241208,0.7528,0.752,69199800,0.751,71062100,0.75,52052000,0.749,36025400,0.748,38590000,0.753,92502600,0.754,88006600,0.755,105670100,0.756,69042000,0.757,58013400,1289,100,0
sh513130,09:38:33,1767663519420,5807.66,0.8972,5.4773,0.753,0.7538,-0.1061,0,0,0.753,0.752,67759500,0.751,70972900,0.75,53007000,0.749,36225400,0.748,38590000,0.753,113410800,0.754,101305300,0.755,93599200,0.756,68521800,0.757,27994600,125,100,1
sh513130,09:38:36,1767663520414,5807.66,0.8972,4.3592,0.753,0.7538,-0.1061,320400,241208,0.7528,0.752,69199800,0.751,71062100,0.75,52052000,0.749,36025400,0.748,38590000,0.753,92502600,0.754,88006600,0.755,105670100,0.756,69042000,0.757,58013400,1119,100,0
sh513130,09:38:39,1767663522424,5808.81,0.8972,1.521,0.753,0.7538,-0.1061,3706600,2791062,0.753,0.752,70016900,0.751,70075200,0.75,51965700,0.749,35831800,0.748,38591000,0.753,103705000,0.754,92045700,0.755,105523600,0.756,69017900,0.757,55013400,955,100,0
sh513130,09:38:42,1767663524413,5809.05,0.8972,1.7033,0.753,0.7545,-0.1988,428700,322787,0.7529,0.752,71252900,0.751,70247800,0.75,53048900,0.749,35831800,0.748,37593100,0.753,63323300,0.754,93159000,0.755,123631100,0.756,69300500,0.757,54982000,767,100,0
sh513130,09:38:45,1767663527435,5808.68,0.8972,2.7652,0.753,0.7545,-0.1988,1412200,1062377,0.7523,0.752,70608400,0.751,70354500,0.75,52906600,0.749,35827400,0.748,36585200,0.753,90747500,0.754,93167500,0.755,124225700,0.756,69854400,0.757,55987200,834,100,0
sh513130,09:38:48,1767663531422,5809.0,0.8972,2.6132,0.753,0.7545,-0.1988,1114900,839310,0.7528,0.752,70488200,0.751,69990500,0.75,51883800,0.749,35750500,0.748,36585200,0.753,89712600,0.754,93215600,0.755,124275300,0.756,69804100,0.757,55998900,839,100,0
sh513130,09:38:51,1767663532414,5809.0,0.8972,3.4645,0.753,0.7545,-0.1988,1473700,1109669,0.753,0.752,70547300,0.751,70034800,0.75,51894400,0.749,35750500,0.748,36585200,0.753,87989000,0.754,93336800,0.755,124248300,0.756,74950100,0.757,56019200,62,100,0
sh513130,09:38:48,1767663533429,5810.14,0.8972,3.4007,0.753,0.7545,-0.1988,0,0,0.753,0.752,70488200,0.751,69990500,0.75,51883800,0.749,35750500,0.748,36585200,0.753,89712600,0.754,93215600,0.755,124275300,0.756,69804100,0.757,55998900,865,100,1
sh513130,09:38:51,1767663534432,5810.14,0.8972,4.5874,0.753,0.7545,-0.1988,1473700,1109669,0.753,0.752,70547300,0.751,70034800,0.75,51894400,0.749,35750500,0.748,36585200,0.753,87989000,0.754,93336800,0.755,124248300,0.756,74950100,0.757,56019200,1869,100,0
sh513130,09:38:54,1767663536423,5809.56,0.8972,6.1547,0.753,0.7545,-0.1988,955300,719337,0.753,0.752,71971500,0.751,70910800,0.75,51883900,0.749,35784600,0.748,36595200,0.753,65059000,0.754,93561600,0.755,124048600,0.756,74822800,0.757,56044200,1837,100,0
sh513130,09:38:57,1767663539451,5810.49,0.8972,6.9259,0.753,0.7538,-0.1061,1153400,868490,0.753,0.752,71977500,0.751,70997500,0.75,51844300,0.749,35789600,0.748,36592200,0.753,60264500,0.754,83843100,0.755,124053600,0.756,74840500,0.757,65852200,577,100,0
sh513130,09:39:00,1767663542453,5810.61,0.8972,3.9605,0.753,0.7538,-0.1061,412100,310309,0.753,0.752,72407000,0.751,71456900,0.75,51864300,0.749,35789600,0.748,36642200,0.753,60189800,0.754,85093700,0.755,124496100,0.756,74854000,0.757,65872200,1410,100,0
sh513130,09:39:03,1767663545457,5811.4,0.8972,3.2641,0.753,0.7538,-0.1061,16599200,12499155,0.753,0.752,71400500,0.751,71088800,0.75,48641300,0.749,35789600,0.748,36660700,0.753,42083000,0.754,85511000,0.755,124452400,0.756,74814200,0.757,65932200,49,100,0
sh513130,09:39:00,1767663546446,5811.4,0.8972,4.1556,0.753,0.7538,-0.1061,0,0,0.753,0.752,72407000,0.751,71456900,0.75,51864300,0.749,35789600,0.748,36642200,0.753,60189800,0.754,85093700,0.755,124496100,0.756,74854000,0.757,65872200,1038,100,1
sh513130,09:39:03,1767663547451,5812.33,0.8972,3.7258,0.753,0.7538,-0.1061,16599200,12499155,0.753,0.752,71400500,0.751,71088800,0.75,48641300,0.749,35789600,0.748,36660700,0.753,42083000,0.754,85511000,0.755,124452400,0.756,74814200,0.757,65932200,834,100,0
sh513130,09:39:06,1767663548454,5812.33,0.8972,3.7131,0.753,0.7544,-0.1856,14051700,10580894,0.753,0.752,70724800,0.751,66104500,0.75,48603000,0.749,35802100,0.748,36684800,0.753,25696600,0.754,85770200,0.755,124370000,0.756,74930500,0.757,65980500,878,100,0
sh513130,09:39:03,1767663549452,5813.72,0.8972,5.8247,0.753,0.7538,-0.1061,0,0,0.753,0.752,71400500,0.751,71088800,0.75,48641300,0.749,35789600,0.748,36660700,0.753,42083000,0.754,85511000,0.755,124452400,0.756,74814200,0.757,65932200,866,100,1
sh513130,09:39:06,1767663550457,5813.72,0.8972,5.8185,0.753,0.7544,-0.1856,14051700,10580894,0.753,0.752,70724800,0.751,66104500,0.75,48603000,0.749,35802100,0.748,36684800,0.753,25696600,0.754,85770200,0.755,124370000,0.756,74930500,0.757,65980500,698,100,0
sh513130,09:39:09,1767663551450,5813.27,0.8972,2.4237,0.753,0.7544,-0.1856,26193100,19723409,0.753,0.753,44913600,0.752,64602900,0.751,46084900,0.75,48554000,0.749,35803100,0.754,88736600,0.755,126733600,0.756,74950600,0.757,66076300,0.758,25337200,849,100,0
sh513130,09:39:12,1767663555450,5814.66,0.8972,5.2755,0.754,0.7544,-0.053,530800,399704,0.753,0.753,47272100,0.752,64728500,0.751,49520500,0.75,47989800,0.749,35853100,0.754,88086100,0.755,126954400,0.756,75940600,0.757,66116800,0.758,25414800,813,100,0
sh513130,09:39:15,1767663557454,5814.02,0.8972,3.3443,0.753,0.7544,-0.1856,2368200,1783400,0.7531,0.753,53299600,0.752,64767800,0.751,48922700,0.75,42970100,0.749,35853100,0.754,94433600,0.755,127140500,0.756,76143600,0.757,66116900,0.758,25426100,849,100,0
sh513130,09:39:18,1767663561451,5812.6,0.8972,4.2062,0.753,0.7551,-0.2781,22979100,17303267,0.753,0.752,62198900,0.751,60046400,0.75,44217300,0.749,35853100,0.748,45644700,0.753,61934500,0.754,92637500,0.755,126198900,0.756,75178100,0.757,66116900,815,100,0
sh513130,09:39:21,1767663564451,5812.72,0.8972,3.3836,0.753,0.7551,-0.2781,814500,613299,0.753,0.752,61879000,0.751,60896400,0.75,49719100,0.749,35857100,0.748,45754700,0.753,84790100,0.754,92551300,0.755,126138900,0.756,74715500,0.757,66257400,1653,100,0
sh513130,09:39:24,1767663566453,5811.66,0.8972,3.0566,0.753,0.7551,-0.2781,1472800,1109018,0.753,0.752,62249000,0.751,60705400,0.75,50719400,0.749,35857100,0.748,45754700,0.753,97299400,0.754,87271600,0.755,126265700,0.756,69850500,0.757,66231400,1487,100,0
sh513130,09:39:27,1767663569440,5811.28,0.8972,4.3182,0.752,0.7551,-0.4105,2121400,1597174,0.7529,0.752,62037600,0.751,60698500,0.75,51745200,0.749,35857100,0.748,45784800,0.753,97074800,0.754,87407900,0.755,125203000,0.756,69912500,0.757,66236500,139,100,0
sh513130,09:39:30,1767663573416,5811.88,0.8972,2.5764,0.753,0.7551,-0.2781,1195500,899925,0.7528,0.752,62375600,0.751,60869200,0.75,51820000,0.749,34257100,0.748,45794800,0.753,97652600,0.754,88553200,0.755,125317100,0.756,69912500,0.757,66194300,863,100,0
sh513130,09:39:33,1767663576422,5812.21,0.8972,4.1539,0.753,0.7551,-0.2781,1494300,1124932,0.7528,0.752,64776100,0.751,61169500,0.75,50874300,0.749,34150600,0.748,45794800,0.753,51637900,0.754,94269100,0.755,126339800,0.756,70157700,0.757,66249700,584,100,0
sh513130,09:39:36,1767663578412,5811.1,0.8972,5.2111,0.753,0.7545,-0.1988,1584000,1191718,0.7523,0.752,62425200,0.751,61447800,0.75,51973800,0.749,34150600,0.748,45794800,0.753,88368800,0.754,94837500,0.755,125979900,0.756,70120600,0.757,66229700,412,100,0
sh513130,09:39:39,1767663581397,5810.34,0.8972,2.2957,0.753,0.7545,-0.1988,366500,275972,0.753,0.752,62563500,0.751,61516400,0.75,51623900,0.749,34150600,0.748,45894800,0.753,94963000,0.754,89547100,0.755,125078600,0.756,70200600,0.757,66259700,834,100,0
sh513130,09:39:42,1767663584409,5810.76,0.8972,1.7543,0.752,0.7545,-0.3313,2263800,1703599,0.7525,0.752,61703300,0.751,61650900,0.75,51534000,0.749,34145600,0.748,45910000,0.753,90596700,0.754,90144500,0.755,125146000,0.756,70341100,0.757,66321900,1799,100,0
sh513130,09:39:45,1767663588414,5810.42,0.8972,-1.0029,0.753,0.7545,-0.1988,1543500,1160954,0.7522,0.752,60689300,0.751,61671800,0.75,51537500,0.749,34145600,0.748,45910000,0.753,89260200,0.754,95934300,0.755,126268700,0.756,70509600,0.757,66330900,1728,100,0
sh513130,09:39:48,1767663590414,5810.71,0.8972,0.3923,0.752,0.7545,-0.3313,753800,567430,0.7528,0.752,60528400,0.751,61736200,0.75,51807100,0.749,34145600,0.748,45217900,0.753,73061700,0.754,96016100,0.755,125357500,0.756,70574600,0.757,66346900,1556,100,0
sh513130,09:39:51,1767663593422,5810.12,0.8972,2.5826,0.753,0.7545,-0.1988,535600,403287,0.753,0.752,61761300,0.751,62007200,0.75,51853400,0.749,34145600,0.748,45234900,0.753,51932800,0.754,96326600,0.755,125383700,0.756,70594400,0.757,66420400,222,100,0
sh513130,09:39:54,1767663596423,5810.22,0.8972,3.3902,0.753,0.7545,-0.1988,3307100,2487983,0.7523,0.752,60419700,0.751,62010200,0.75,50948600,0.749,34150600,0.748,45234900,0.753,50408500,0.754,96739400,0.755,126567200,0.756,70672200,0.757,66420400,1057,100,0
sh513130,09:39:57,1767663600425,5812.72,0.8972,5.1243,0.753,0.7545,-0.1988,6766600,5094905,0.7529,0.752,64081800,0.751,62235400,0.75,50052100,0.749,34150600,0.748,45306700,0.753,26973200,0.754,96376300,0.755,126805200,0.756,75652200,0.757,66440400,722,100,0
sh513130,09:40:00,1767663602412,5812.65,0.8972,6.5204,0.753,0.7545,-0.1988,23418700,17634260,0.753,0.753,42096000,0.752,56523400,0.751,49565400,0.75,50103400,0.749,34150600,0.754,95990000,0.755,128355600,0.756,76062200,0.757,66491800,0.758,25195400,535,100,0
sh513130,09:40:03,1767663606426,5814.27,0.8972,7.2468,0.753,0.7552,-0.2913,10324200,7774123,0.753,0.753,24577100,0.752,64519900,0.751,49831200,0.75,50753400,0.749,34173000,0.754,95089800,0.755,128774000,0.756,76018500,0.757,66491800,0.758,25218400,200,100,0
sh513130,09:40:06,1767663608411,5813.54,0.8972,6.2236,0.753,0.7552,-0.2913,1523400,1147222,0.7531,0.753,45343100,0.752,65523800,0.751,49884900,0.75,45911000,0.749,34195700,0.754,95201600,0.755,128798700,0.756,76119200,0.757,66491800,0.758,25251400,15,100,0
sh513130,09:40:09,1767663612398,5814.04,0.8972,4.5859,0.753,0.7552,-0.2913,2168500,1633000,0.7531,0.753,48288800,0.752,65709000,0.751,50001000,0.75,46650700,0.749,34195700,0.754,95431500,0.755,128825600,0.756,77310400,0.757,66906800,0.758,25251400,1808,100,0
sh513130,09:40:12,1767663614410,5815.0,0.8972,3.4523,0.754,0.7552,-0.1589,444100,334615,0.7535,0.753,59950500,0.752,60392900,0.751,50072100,0.75,46691700,0.749,34195700,0.754,95823400,0.755,112374300,0.756,77343000,0.757,66913000,0.758,40686200,1648,100,0
sh513130,09:40:15,1767663617414,5817.22,0.8972,1.3532,0.754,0.7552,-0.1589,865400,651841,0.7532,0.753,59379700,0.752,60269000,0.751,50093300,0.75,46693900,0.749,34210700,0.754,95604000,0.755,112304700,0.756,77369800,0.757,66958400,0.758,41134700,311,100,0
sh513130,09:40:18,1767663621426,5817.62,0.8972,3.7188,0.753,0.7552,-0.2913,516800,389543,0.7538,0.753,60044100,0.752,60836200,0.751,48082800,0.75,46871900,0.749,34710700,0.754,89806400,0.755,108267800,0.756,77828400,0.757,66958400,0.758,50961700,805,100,0
sh513130,09:40:21,1767663623436,5819.16,0.8972,4.1185,0.754,0.7552,-0.1589,848100,639415,0.7539,0.753,61272700,0.752,60913800,0.751,47072800,0.75,45886900,0.749,34760800,0.754,82784100,0.755,108318800,0.756,78825500,0.757,67063700,0.758,50951700,823,100,0
sh513130,09:40:24,1767663627426,5821.4,0.8972,3.8226,0.753,0.7552,-0.2913,1545400,1165143,0.7539,0.753,64428300,0.752,61663600,0.751,46140400,0.75,45858900,0.749,34760800,0.754,70720000,0.755,108889300,0.756,90845300,0.757,67473700,0.758,50952500,818,100,0
sh513130,09:40:27,1767663630427,5822.07,0.8972,4.1613,0.754,0.7558,-0.2382,3772400,2844359,0.754,0.753,65089600,0.752,60364000,0.751,46105600,0.75,45866900,0.749,34036000,0.754,46434100,0.755,109849700,0.756,108794100,0.757,72486700,0.758,51002500,266,100,0
sh513130,09:40:30,1767663633415,5826.31,0.8972,6.2231,0.754,0.7558,-0.2382,45145100,34039339,0.754,0.754,29305500,0.753,50633000,0.752,45376100,0.751,43191300,0.75,45887800,0.755,112821800,0.756,91975600,0.757,60576800,0.758,51268300,0.759,38637100,786,100,0
sh513130,09:40:33,1767663635418,5825.38,0.8972,5.5926,0.754,0.7558,-0.2382,9262400,6991854,0.7549,0.754,45834900,0.753,44236300,0.752,43134900,0.751,42706300,0.75,45901800,0.755,102371400,0.756,82259800,0.757,63580000,0.758,52062200,0.759,48397200,814,100,0
sh513130,09:40:36,1767663638413,5827.72,0.8972,5.9072,0.754,0.7565,-0.3305,3392200,2559630,0.7546,0.754,53706600,0.753,47439800,0.752,43052600,0.751,37698000,0.75,45824800,0.755,101114600,0.756,82309200,0.757,63758000,0.758,52062200,0.759,48497200,1733,100,0
sh513130,09:40:39,1767663642422,5825.41,0.8972,6.1214,0.754,0.7565,-0.3305,1203600,907595,0.7541,0.754,38209600,0.753,54515300,0.752,42937900,0.751,37691800,0.75,45663700,0.755,102436500,0.756,82336200,0.757,63790000,0.758,52085700,0.759,48507700,1389,100,0
sh513130,09:40:42,1767663644413,5826.39,0.8972,4.1452,0.754,0.7565,-0.3305,1160000,875190,0.7545,0.754,53497000,0.753,49243500,0.752,44077400,0.751,37651800,0.75,45707500,0.755,103681300,0.756,82465100,0.757,62849400,0.758,52138500,0.759,48528200,1208,100,0
sh513130,09:40:45,1767663647429,5826.32,0.8972,3.9005,0.754,0.7565,-0.3305,1773300,1338398,0.7547,0.754,49771900,0.753,55365900,0.752,44368600,0.751,37530600,0.75,45615000,0.755,102659400,0.756,82395100,0.757,62788200,0.758,52167900,0.759,48583500,814,100,0
sh513130,09:40:48,1767663650424,5826.73,0.8972,3.3827,0.755,0.7565,-0.1983,1626400,1227092,0.7545,0.754,50691700,0.753,55591300,0.752,43489000,0.751,37530600,0.75,45061000,0.755,101732900,0.756,82434100,0.757,62829700,0.758,52282900,0.759,48596600,704,100,0
sh513130,09:40:51,1767663652428,5826.04,0.8972,3.1049,0.754,0.7565,-0.3305,3309200,2495321,0.7541,0.754,46062400,0.753,54731700,0.752,44732700,0.751,37535600,0.75,45082000,0.755,103402400,0.756,82849000,0.757,62816800,0.758,52276500,0.759,48596600,527,100,0
sh513130,09:40:54,1767663656424,5826.94,0.8972,3.408,0.755,0.7565,-0.1983,1396100,1053920,0.7549,0.754,50717400,0.753,54933700,0.752,44652000,0.751,37695400,0.75,45040600,0.755,104291300,0.756,89663100,0.757,61844500,0.758,52810300,0.759,42012000,174,100,0
sh513130,09:40:57,1767663659420,5826.25,0.8972,3.2032,0.755,0.7565,-0.1983,1462100,1103709,0.7549,0.754,57326900,0.753,50167700,0.752,43644500,0.751,38197900,0.75,44647300,0.755,101875000,0.756,83375700,0.757,63334600,0.758,52979400,0.759,49443800,739,100,0
sh513130,09:41:00,1767663662414,5826.97,0.8972,2.976,0.754,0.7565,-0.3305,2291700,1730172,0.755,0.754,55507400,0.753,50261300,0.752,43939200,0.751,38195900,0.75,43893500,0.755,100445500,0.756,83570000,0.757,63335000,0.758,52941400,0.759,49592400,1806,100,0
sh513130,09:41:03,1767663665429,5825.8,0.8972,2.5355,0.755,0.7571,-0.2774,1032300,779313,0.7549,0.754,66080900,0.753,50509100,0.752,44954800,0.751,38189200,0.75,44016100,0.755,99785100,0.756,83777700,0.757,63287300,0.758,53148200,0.759,49699400,473,100,0
sh513130,09:41:06,1767663669423,5827.09,0.8972,2.4899,0.755,0.7564,-0.1851,1288600,972556,0.7547,0.754,67127300,0.753,50854500,0.752,43467500,0.751,37803200,0.75,44155300,0.755,74639600,0.756,89412700,0.757,76229200,0.758,53622200,0.759,49721400,126,100,0
sh513130,09:41:09,1767663671426,5827.28,0.8972,2.3527,0.755,0.7564,-0.1851,679300,512755,0.7548,0.754,67145700,0.753,50922900,0.752,43288500,0.751,37903200,0.75,43971300,0.755,58196800,0.756,89849100,0.757,95888100,0.758,53857200,0.759,49744800,862,100,0
sh513130,09:41:06,1767663672416,5827.28,0.8972,2.8321,0.755,0.7564,-0.1851,0,0,0.755,0.754,67127300,0.753,50854500,0.752,43467500,0.751,37803200,0.75,44155300,0.755,74639600,0.756,89412700,0.757,76229200,0.758,53622200,0.759,49721400,945,100,1
sh513130,09:41:09,1767663673418,5829.38,0.8972,4.5357,0.755,0.7564,-0.1851,679300,512755,0.7548,0.754,67145700,0.753,50922900,0.752,43288500,0.751,37903200,0.75,43971300,0.755,58196800,0.756,89849100,0.757,95888100,0.758,53857200,0.759,49744800,802,100,0
sh513130,09:41:12,1767663674413,5829.38,0.8972,4.4577,0.755,0.7571,-0.2774,2949400,2226528,0.7549,0.754,66833300,0.753,51141600,0.752,43298500,0.751,37939600,0.75,44220600,0.755,57002800,0.756,89964100,0.757,95738200,0.758,59157100,0.759,49745300,761,100,0
sh513130,09:41:15,1767663678425,5829.7,0.8972,4.4394,0.754,0.7571,-0.4095,562200,424349,0.7548,0.754,71518400,0.753,51115100,0.752,42650700,0.751,37989600,0.75,44173800,0.755,56966300,0.756,89911900,0.757,95805300,0.758,59199200,0.759,49754100,423,100,0
sh513130,09:41:18,1767663680413,5829.61,0.8972,4.4204,0.755,0.7571,-0.2774,4407400,3327356,0.7549,0.754,71568600,0.753,51454600,0.752,42612800,0.751,37979600,0.75,43721100,0.755,50184000,0.756,91270100,0.757,95878100,0.758,59234200,0.759,49909500,241,100,0
sh513130,09:41:21,1767663684414,5829.68,0.8972,3.4807,0.755,0.7571,-0.2774,3241400,2447002,0.7549,0.754,72242300,0.753,51744900,0.752,42575300,0.751,37929700,0.75,43129800,0.755,48406700,0.756,92762300,0.757,95961000,0.758,59237800,0.759,49913400,1807,100,0
sh513130,09:41:24,1767663687443,5830.91,0.8972,4.0091,0.755,0.7571,-0.2774,13501200,10193258,0.755,0.754,72479200,0.753,51699800,0.752,39587400,0.751,37915900,0.75,43310800,0.755,32384700,0.756,92902400,0.757,94868600,0.758,59442800,0.759,49928400,734,100,0
sh513130,09:41:27,1767663689432,5831.02,0.8972,3.4341,0.755,0.7571,-0.2774,29761800,22470005,0.755,0.754,53100100,0.753,39028000,0.752,34654900,0.751,37640500,0.75,43383400,0.755,2984200,0.756,89810400,0.757,65110700,0.758,54600100,0.759,49975900,554,100,0
sh513130,09:41:30,1767663692422,5831.32,0.8972,4.1599,0.755,0.7571,-0.2774,4143800,3128591,0.755,0.755,24865200,0.754,53013100,0.753,35975400,0.752,34720800,0.751,37615500,0.756,92664800,0.757,81014100,0.758,54707700,0.759,50086900,0.76,43328900,1371,100,0
sh513130,09:41:33,1767663695411,5833.48,0.8972,6.3829,0.755,0.7571,-0.2774,5621900,4244534,0.755,0.755,48504800,0.754,51378200,0.753,38980700,0.752,38707500,0.751,37690200,0.756,94864100,0.757,71106900,0.758,62932800,0.759,49846900,0.76,58414500,1,100,0
sh513130,09:41:36,1767663698404,5834.3,0.8972,5.7274,0.755,0.7571,-0.2774,364000,275000,0.7555,0.755,50029100,0.754,52557800,0.753,38951200,0.752,38710700,0.751,37630700,0.756,94955600,0.757,70980100,0.758,62957500,0.759,50001400,0.76,58459300,823,100,0
sh513130,09:41:39,1767663701407,5834.9,0.8972,3.4966,0.755,0.7571,-0.2774,1170500,884399,0.7556,0.755,51587700,0.754,53372800,0.753,39179700,0.752,38661700,0.751,37543000,0.756,94729500,0.757,71154600,0.758,63033400,0.759,50193400,0.76,58523000,817,100,0
sh513130,09:41:42,1767663703401,5834.97,0.8972,3.6376,0.756,0.7578,-0.2375,689600,521048,0.7556,0.755,52021100,0.754,53088600,0.753,39116700,0.752,38451100,0.751,37540000,0.756,95102700,0.757,71248000,0.758,63207700,0.759,50333000,0.76,58889300,790,100,0
sh513130,09:41:39,1767663704399,5834.97,0.8972,4.2757,0.755,0.7571,-0.2774,0,0,0.755,0.755,51587700,0.754,53372800,0.753,39179700,0.752,38661700,0.751,37543000,0.756,94729500,0.757,71154600,0.758,63033400,0.759,50193400,0.76,58523000,282,100,1
sh513130,09:41:42,1767663705404,5836.23,0.8972,5.8927,0.756,0.7578,-0.2375,689600,521048,0.7556,0.755,52021100,0.754,53088600,0.753,39116700,0.752,38451100,0.751,37540000,0.756,95102700,0.757,71248000,0.758,63207700,0.759,50333000,0.76,58889300,832,100,0
sh513130,09:41:45,1767663707414,5835.75,0.8972,5.9425,0.755,0.7578,-0.3695,1579500,1192961,0.7553,0.755,52025400,0.754,57030800,0.753,40238000,0.752,39712800,0.751,37467600,0.756,89706300,0.757,71258700,0.758,63324500,0.759,50355300,0.76,59034900,807,100,0
sh513130,09:41:48,1767663709396,5835.63,0.8972,5.3125,0.756,0.7578,-0.2375,1285400,970698,0.7552,0.755,52728500,0.754,56945800,0.753,41009500,0.752,39737300,0.751,37310600,0.756,91105500,0.757,76961700,0.758,63347700,0.759,50369200,0.76,59203100,776,100,0
sh513130,09:41:45,1767663710393,5835.63,0.8972,5.2897,0.755,0.7578,-0.3695,0,0,0.755,0.755,52025400,0.754,57030800,0.753,40238000,0.752,39712800,0.751,37467600,0.756,89706300,0.757,71258700,0.758,63324500,0.759,50355300,0.76,59034900,1774,100,1
sh513130,09:41:48,1767663711392,5835.41,0.8972,4.433,0.756,0.7578,-0.2375,1285400,970698,0.7552,0.755,52728500,0.754,56945800,0.753,41009500,0.752,39737300,0.751,37310600,0.756,91105500,0.757,76961700,0.758,63347700,0.759,50369200,0.76,59203100,765,100,0
sh513130,09:41:51,1767663713388,5836.2,0.8972,5.2533,0.755,0.7578,-0.3695,826900,624969,0.7558,0.755,52656300,0.754,56738200,0.753,41091300,0.752,40327100,0.751,37360600,0.756,86152000,0.757,71039200,0.758,63465200,0.759,50414200,0.76,59452600,587,100,0
sh513130,09:41:54,1767663716393,5835.49,0.8972,6.0131,0.756,0.7578,-0.2375,1295000,978915,0.7559,0.755,54204400,0.754,56974700,0.753,40910800,0.752,40338700,0.751,36498700,0.756,96620700,0.757,70929800,0.758,63644400,0.759,50419100,0.76,59510300,1422,100,0
sh513130,09:41:57,1767663720386,5836.92,0.8972,3.925,0.756,0.7578,-0.2375,1208400,913260,0.7558,0.755,54554900,0.754,56610100,0.753,40665400,0.752,40739800,0.751,35511500,0.756,90744000,0.757,74220400,0.758,63552300,0.759,50433100,0.76,60590900,1070,100,0
sh513130,09:42:00,1767663722378,5836.53,0.8972,4.0926,0.756,0.7578,-0.2375,6713000,5074917,0.756,0.755,54059100,0.754,56532400,0.753,40624700,0.752,40743000,0.751,35524500,0.756,90728400,0.757,71192700,0.758,63648300,0.759,50913400,0.76,60595900,888,100,0
sh513130,09:42:03,1767663725366,5835.51,0.8972,3.3432,0.756,0.7578,-0.2375,1659700,1254537,0.7559,0.755,54536500,0.754,56618900,0.753,40709200,0.752,40583900,0.751,35450500,0.756,85227700,0.757,76988100,0.758,62965600,0.759,51778400,0.76,60683200,774,100,0
sh513130,09:42:06,1767663727349,5835.69,0.8972,5.225,0.756,0.7578,-0.2375,932300,704536,0.7557,0.755,55505300,0.754,56657800,0.753,40716200,0.752,40497900,0.751,34372400,0.756,85531400,0.757,70546800,0.758,62952800,0.759,51920400,0.76,60768600,744,100,0
sh513130,09:42:09,1767663732342,5836.34,0.8972,4.9474,0.756,0.7578,-0.2375,1067000,806597,0.7559,0.755,59975100,0.754,56704800,0.753,40709000,0.752,40557600,0.751,34258800,0.756,80073600,0.757,76202200,0.758,63952800,0.759,52003500,0.76,60823600,1730,100,0
sh513130,09:42:12,1767663735326,5837.49,0.8972,4.9566,0.756,0.7578,-0.2375,1041600,787007,0.7556,0.755,61173500,0.754,56598800,0.753,39717600,0.752,40615400,0.751,33478800,0.756,49219200,0.757,77076500,0.758,95395800,0.759,57018500,0.76,61353100,745,100,0
sh513130,09:42:15,1767663738306,5838.52,0.8972,6.5438,0.755,0.7578,-0.3695,2422200,1830931,0.7559,0.755,60678100,0.754,56637900,0.753,39674400,0.752,40590400,0.751,33583900,0.756,46233000,0.757,77243100,0.758,95361800,0.759,57524900,0.76,61450300,1598,100,0
sh513130,09:42:18,1767663740302,5837.16,0.8972,6.0975,0.756,0.7578,-0.2375,1951800,1475529,0.756,0.755,61438800,0.754,56617700,0.753,39887400,0.752,40590300,0.751,33566200,0.756,85881300,0.757,71825200,0.758,96183200,0.759,57181600,0.76,61471500,1418,100,0
sh513130,09:42:21,1767663743281,5835.08,0.8972,5.2716,0.756,0.7578,-0.2375,3757000,2838339,0.7555,0.755,60700500,0.754,56664100,0.753,42093400,0.752,39864200,0.751,33568200,0.756,86373900,0.757,72865300,0.758,96587300,0.759,57261600,0.76,61887500,47,100,0
sh513130,09:42:24,1767663747276,5834.17,0.8972,2.8531,0.756,0.7578,-0.2375,2147800,1623519,0.7559,0.755,62533600,0.754,59681000,0.753,47602100,0.752,39864200,0.751,33560200,0.756,90877600,0.757,73169700,0.758,95774500,0.759,52575900,0.76,61935900,700,100,0
sh513130,09:42:27,1767663750261,5833.18,0.8972,3.0991,0.755,0.7578,-0.3695,39691500,29969049,0.755,0.754,65761900,0.753,61608100,0.752,45245200,0.751,37450200,0.75,51213600,0.755,54441400,0.756,86775700,0.757,98481900,0.758,94905000,0.759,53129400,512,100,0
sh513130,09:42:30,1767663752260,5834.17,0.8972,4.441,0.755,0.7578,-0.3695,10483200,7914816,0.755,0.754,61714600,0.753,56608100,0.752,39781000,0.751,37350100,0.75,54318000,0.755,32239800,0.756,88421600,0.757,94042500,0.758,88776800,0.759,53233400,333,100,0
sh513130,09:42:33,1767663756262,5833.55,0.8972,4.0783,0.754,0.7571,-0.4095,9084700,6858831,0.755,0.754,66358700,0.753,61616100,0.752,44836000,0.751,37345100,0.75,54316300,0.755,12277700,0.756,93441300,0.757,99209700,0.758,93832800,0.759,53283900,1656,100,0
sh513130,09:42:36,1767663759246,5833.76,0.8972,4.1297,0.755,0.7577,-0.3563,927100,699745,0.7548,0.754,61187800,0.753,56562500,0.752,39803800,0.751,37345100,0.75,54314400,0.755,25825300,0.756,87585600,0.757,94284300,0.758,88872100,0.759,53378300,677,100,0
sh513130,09:42:39,1767663762234,5833.07,0.8972,2.6837,0.754,0.7577,-0.4883,2046300,1543659,0.7544,0.754,66144600,0.753,61531100,0.752,44813800,0.751,37345100,0.75,54294400,0.755,18159900,0.756,92636700,0.757,97939500,0.758,94558100,0.759,53394400,1609,100,0
sh513130,09:42:42,1767663764238,5832.87,0.8972,4.0762,0.755,0.7571,-0.2774,15141300,11431696,0.755,0.755,28738400,0.754,61906400,0.753,48523900,0.752,44806800,0.751,37321400,0.756,93659600,0.757,89210100,0.758,94976700,0.759,53622400,0.76,47707700,1430,100,0
sh513130,09:42:45,1767663767255,5832.17,0.8972,3.3146,0.755,0.7571,-0.2774,4702400,3550412,0.755,0.755,19451100,0.754,56921300,0.753,43694100,0.752,39400100,0.751,37321400,0.756,87828200,0.757,85293200,0.758,90158200,0.759,53791500,0.76,48856500,102,100,0
sh513130,09:42:48,1767663771237,5833.79,0.8972,4.7243,0.756,0.7577,-0.2244,3368400,2543247,0.755,0.755,35150000,0.754,57077500,0.753,43697100,0.752,38396500,0.751,37377500,0.756,89452500,0.757,85414200,0.758,90422100,0.759,53392800,0.76,48952300,625,100,0
sh513130,09:42:51,1767663774211,5833.83,0.8972,4.2274,0.755,0.7577,-0.3563,1723500,1301324,0.755,0.755,39304900,0.754,56152300,0.753,44946400,0.752,38413800,0.751,37396100,0.756,90741500,0.757,85607600,0.758,91622100,0.759,53358200,0.76,49010300,509,100,0
sh513130,09:42:54,1767663776214,5834.22,0.8972,5.395,0.755,0.7577,-0.3563,1666800,1259214,0.7555,0.755,44086400,0.754,55308600,0.753,44547200,0.752,38453800,0.751,37413000,0.756,90806000,0.757,86377500,0.758,91646900,0.759,53638800,0.76,49256100,348,100,0
sh513130,09:42:57,1767663779206,5833.07,0.8972,3.8104,0.756,0.7577,-0.2244,2165100,1634728,0.755,0.755,11460000,0.754,61662300,0.753,44558800,0.752,38746300,0.751,37700800,0.756,91860600,0.757,87945000,0.758,91778900,0.759,53738800,0.76,49572500,605,100,0
sh513130,09:43:00,1767663782214,5833.55,0.8972,4.6121,0.755,0.7577,-0.3563,809500,611306,0.7552,0.755,40566000,0.754,55495800,0.753,44561000,0.752,38781300,0.751,38199400,0.756,92316600,0.757,86740800,0.758,91817900,0.759,53838800,0.76,49607200,1623,100,0
sh513130,09:43:03,1767663786208,5832.67,0.8972,2.632,0.755,0.7577,-0.3563,892300,673751,0.7551,0.755,48820600,0.754,61697300,0.753,49796000,0.752,38879500,0.751,38680800,0.756,99665000,0.757,92872200,0.758,96872400,0.759,54238700,0.76,49660800,1602,100,0
sh513130,09:43:06,1767663788181,5833.03,0.8972,5.0811,0.755,0.7577,-0.3563,16118500,12170416,0.7551,0.754,69023900,0.753,49858000,0.752,44239500,0.751,38685800,0.75,49839200,0.755,19685300,0.756,99500500,0.757,104066300,0.758,96001700,0.759,54248700,1422,100,0
sh513130,09:43:09,1767663792167,5831.9,0.8972,7.4812,0.755,0.7577,-0.3563,1127700,851411,0.755,0.754,70571200,0.753,50860000,0.752,44239500,0.751,38745800,0.75,49859200,0.755,57105100,0.756,99975900,0.757,103086300,0.758,65739500,0.759,54281900,1066,100,0
sh513130,09:43:12,1767663794156,5834.5,0.8972,8.1817,0.755,0.7577,-0.3563,3218000,2429455,0.755,0.755,42686100,0.754,58154400,0.753,47780100,0.752,44452600,0.751,38834700,0.756,100809200,0.757,77900000,0.758,65839100,0.759,54581900,0.76,64961100,872,100,0
sh513130,09:43:15,1767663797148,5837.55,0.8972,5.6284,0.755,0.7577,-0.3563,1479200,1116881,0.7551,0.755,44867600,0.754,58069200,0.753,49760100,0.752,44185900,0.751,39005100,0.756,88650200,0.757,84040000,0.758,68916300,0.759,54607300,0.76,65047800,320,100,0
sh513130,09:43:18,1767663801112,5839.86,0.8972,6.1017,0.755,0.7577,-0.3563,11077000,8373113,0.7559,0.755,50369000,0.754,53384200,0.753,41788100,0.752,39210900,0.751,39094800,0.756,39400400,0.757,80112100,0.758,94057700,0.759,55064200,0.76,65290700,508,100,0
sh513130,09:43:21,1767663803108,5838.58,0.8972,4.2194,0.755,0.7577,-0.3563,1821200,1375036,0.755,0.755,57816000,0.754,53455000,0.753,41758100,0.752,39214900,0.751,39104800,0.756,48400600,0.757,80781100,0.758,95553100,0.759,55221500,0.76,73351700,500,100,0
sh513130,09:43:18,1767663804117,5838.58,0.8972,4.1452,0.755,0.7577,-0.3563,0,0,0.755,0.755,50369000,0.754,53384200,0.753,41788100,0.752,39210900,0.751,39094800,0.756,39400400,0.757,80112100,0.758,94057700,0.759,55064200,0.76,65290700,1508,100,1
sh513130,09:43:21,1767663805105,5839.67,0.8972,3.7044,0.755,0.7577,-0.3563,1821200,1375036,0.755,0.755,57816000,0.754,53455000,0.753,41758100,0.752,39214900,0.751,39104800,0.756,48400600,0.757,80781100,0.758,95553100,0.759,55221500,0.76,73351700,506,100,0
sh513130,09:43:24,1767663807109,5838.24,0.8972,3.0886,0.755,0.7577,-0.3563,1002500,757102,0.7552,0.755,56384800,0.754,66455400,0.753,46758100,0.752,39226300,0.751,39148600,0.756,78120000,0.757,85792500,0.758,100640100,0.759,68308300,0.76,65435700,477,100,0
sh513130,09:43:27,1767663809076,5838.8,0.8972,2.6817,0.755,0.7583,-0.4352,665400,502522,0.7552,0.755,58461500,0.754,66475400,0.753,47156700,0.752,39264300,0.751,39148600,0.756,84490700,0.757,95555500,0.758,101032000,0.759,67908300,0.76,50386600,484,100,0
sh513130,09:43:30,1767663813067,5837.99,0.8972,2.4257,0.755,0.7583,-0.4352,1020100,770278,0.7551,0.755,64763300,0.754,58476200,0.753,47156200,0.752,39289300,0.751,39082600,0.756,84862500,0.757,95696300,0.758,101125000,0.759,59911700,0.76,58459600,205,100,0
sh513130,09:43:33,1767663815046,5838.44,0.8972,2.5508,0.756,0.7583,-0.3033,1559900,1177833,0.7551,0.755,63936900,0.754,59160000,0.753,48171200,0.752,39328200,0.751,39422600,0.756,86093100,0.757,95894800,0.758,101114300,0.759,59971100,0.76,58549900,17,100,0
sh513130,09:43:36,1767663818043,5838.68,0.8972,3.2297,0.755,0.7583,-0.4352,2847900,2151325,0.7554,0.755,57721500,0.754,59136200,0.753,48265600,0.752,39328200,0.751,39421200,0.756,91646900,0.757,95994800,0.758,100278400,0.759,55198200,0.76,58645900,843,100,0
sh513130,09:43:39,1767663822029,5838.72,0.8972,5.0096,0.756,0.7583,-0.3033,1849900,1397085,0.7552,0.755,56328100,0.754,59224000,0.753,48245600,0.752,39246800,0.751,39676700,0.756,82249900,0.757,100758900,0.758,101349600,0.759,60252000,0.76,58627800,454,100,0
sh513130,09:43:42,1767663825018,5839.08,0.8972,3.3019,0.755,0.7583,-0.4352,345300,260730,0.7551,0.755,56592900,0.754,58802700,0.753,48255600,0.752,39253800,0.751,39676700,0.756,89260100,0.757,95212700,0.758,101443500,0.759,60253000,0.76,58679300,415,100,0
sh513130,09:43:45,1767663826995,5838.8,0.8972,4.6237,0.756,0.7583,-0.3033,8953500,6767950,0.7559,0.755,47892900,0.754,58394400,0.753,47721900,0.752,39145200,0.751,39636800,0.756,77547200,0.757,95260800,0.758,101472800,0.759,60253300,0.76,50821900,377,100,0
sh513130,09:43:48,1767663829965,5838.5,0.8972,3.7651,0.756,0.7576,-0.2112,10185800,7699335,0.7559,0.755,46836700,0.754,58754900,0.753,46731900,0.752,39045000,0.751,39726800,0.756,69652400,0.757,94338200,0.758,101514200,0.759,60325300,0.76,56427900,1359,100,0
sh513130,09:43:51,1767663833946,5837.99,0.8972,3.6473,0.756,0.7576,-0.2112,774700,585362,0.7556,0.755,54759400,0.754,59219200,0.753,47877100,0.752,39254800,0.751,38957400,0.756,69839200,0.757,94458200,0.758,101196900,0.759,60350200,0.76,58873900,1356,100,0
sh513130,09:43:54,1767663836949,5839.15,0.8972,4.999,0.755,0.7576,-0.3432,869000,656832,0.7558,0.755,56042400,0.754,59377100,0.753,46787100,0.752,39323800,0.751,39172300,0.756,69640500,0.757,94620900,0.758,101292100,0.759,61424000,0.76,58931900,149,100,0
sh513130,09:43:57,1767663839931,5839.8,0.8972,4.3377,0.755,0.7576,-0.3432,3155500,2385547,0.756,0.755,49074900,0.754,67158300,0.753,46797100,0.752,39533800,0.751,39182300,0.756,66869100,0.757,85308900,0.758,101390100,0.759,69587000,0.76,65992100,969,100,0
sh513130,09:44:00,1767663842924,5840.47,0.8972,5.6766,0.756,0.7576,-0.2112,473100,357468,0.7556,0.755,49340600,0.754,58925100,0.753,46896100,0.752,39529800,0.751,39187400,0.756,66972700,0.757,85351300,0.758,101423600,0.759,61889800,0.76,66052900,336,100,0
sh513130,09:44:03,1767663845922,5839.69,0.8972,6.6351,0.756,0.7583,-0.3033,313200,236537,0.7552,0.755,57398400,0.754,58935700,0.753,46946900,0.752,39607600,0.751,39197400,0.756,68075100,0.757,100347100,0.758,101253000,0.759,60900300,0.76,59130500,439,100,0
sh513130,09:44:06,1767663847927,5839.8,0.8972,5.5262,0.756,0.7577,-0.2244,571200,431659,0.7557,0.755,57234200,0.754,58937600,0.753,46946400,0.752,39607600,0.751,39177400,0.756,68717400,0.757,100413400,0.758,101597100,0.759,60901400,0.76,59182900,269,100,0
sh513130,09:44:09,1767663850921,5840.16,0.8972,3.2447,0.755,0.7577,-0.3563,1125400,850485,0.7557,0.755,49140000,0.754,66865600,0.753,47196600,0.752,39621600,0.751,40118600,0.756,74229400,0.757,96066500,0.758,101720000,0.759,68736400,0.76,51279700,312,100,0
sh513130,09:44:12,1767663853920,5839.77,0.8972,3.6388,0.756,0.7583,-0.3033,405200,306067,0.7553,0.755,51686200,0.754,66841100,0.753,47212500,0.752,39683600,0.751,40118600,0.756,69784400,0.757,102365600,0.758,101710500,0.759,68728700,0.76,51486700,1375,100,0
sh513130,09:44:15,1767663856898,5841.12,0.8972,5.1674,0.755,0.7583,-0.4352,745200,563163,0.7557,0.755,60011000,0.754,58871100,0.753,47448000,0.752,39862400,0.751,40118600,0.756,69971100,0.757,87509900,0.758,102005700,0.759,60948700,0.76,74526400,327,100,0
sh513130,09:44:18,1767663859870,5840.67,0.8972,5.3317,0.756,0.7583,-0.3033,8596700,6498980,0.756,0.755,52910500,0.754,58830200,0.753,47450000,0.752,39862400,0.751,40168600,0.756,29946900,0.757,87681900,0.758,100853200,0.759,61780100,0.76,66632900,1298,100,0
sh513130,09:44:21,1767663863864,5842.99,0.8972,8.2349,0.756,0.7577,-0.2244,26837900,20289413,0.756,0.756,49708300,0.755,45164700,0.754,47149600,0.753,42727100,0.752,39913700,0.757,90341000,0.758,92127800,0.759,62257600,0.76,67047400,0.761,35785100,988,100,0
sh513130,09:44:24,1767663866851,5843.28,0.8972,7.8727,0.756,0.7577,-0.2244,4688600,3544581,0.756,0.756,47882500,0.755,52316300,0.754,46132000,0.753,46708000,0.752,39800900,0.757,88013500,0.758,92210300,0.759,64258400,0.76,75126900,0.761,27785200,269,100,0
sh513130,09:44:27,1767663868852,5843.19,0.8972,7.1566,0.756,0.7583,-0.3033,206500,156125,0.7561,0.756,48800900,0.755,47100400,0.754,41203500,0.753,41708000,0.752,39789800,0.757,83341100,0.758,87431900,0.759,59658400,0.76,74766600,0.761,27806600,336,100,0
sh513130,09:44:30,1767663872848,5844.17,0.8972,4.3869,0.756,0.7583,-0.3033,1459300,1103729,0.7563,0.756,56906000,0.755,38739100,0.754,40236000,0.753,41708000,0.752,39748000,0.757,83715200,0.758,87593800,0.759,59708400,0.76,66886000,0.761,35911400,258,100,0
sh513130,09:44:33,1767663874840,5843.9,0.8972,3.4261,0.756,0.7584,-0.3165,2056600,1554974,0.7561,0.756,48100500,0.755,47081400,0.754,41147400,0.753,41728500,0.752,39804500,0.757,84239900,0.758,87654400,0.759,59708400,0.76,74773400,0.761,27906900,203,100,0
sh513130,09:44:30,1767663875844,5843.9,0.8972,3.4817,0.756,0.7583,-0.3033,0,0,0.756,0.756,56906000,0.755,38739100,0.754,40236000,0.753,41708000,0.752,39748000,0.757,83715200,0.758,87593800,0.759,59708400,0.76,66886000,0.761,35911400,1207,100,1
sh513130,09:44:33,1767663876843,5842.76,0.8972,3.1228,0.756,0.7584,-0.3165,2056600,1554974,0.7561,0.756,48100500,0.755,47081400,0.754,41147400,0.753,41728500,0.752,39804500,0.757,84239900,0.758,87654400,0.759,59708400,0.76,74773400,0.761,27906900,259,100,0
sh513130,09:44:36,1767663878855,5842.16,0.8972,2.4568,0.756,0.7584,-0.3165,805900,609501,0.7563,0.756,50859200,0.755,44744800,0.754,40231600,0.753,41550500,0.752,39791300,0.757,84135600,0.758,87841500,0.759,60275100,0.76,66835400,0.761,37378100,293,100,0
sh513130,09:44:39,1767663880857,5843.59,0.8972,2.8604,0.756,0.7584,-0.3165,787100,595405,0.7565,0.756,51467200,0.755,44943800,0.754,41125000,0.753,41093100,0.752,39811300,0.757,84895100,0.758,87952600,0.759,59289200,0.76,66874400,0.761,37388100,258,100,0
sh513130,09:44:42,1767663885848,5842.3,0.8972,2.9265,0.756,0.7584,-0.3165,1142000,863839,0.7564,0.756,51070900,0.755,45312300,0.754,40267700,0.753,42116600,0.752,39831300,0.757,84450100,0.758,87987000,0.759,59348400,0.76,67604600,0.761,37398100,1210,100,0
sh513130,09:44:45,1767663886833,5841.55,0.8972,1.4599,0.756,0.7584,-0.3165,1453200,1098686,0.756,0.756,35473800,0.755,53713500,0.754,41269200,0.753,42118600,0.752,39808100,0.757,85875300,0.758,88156700,0.759,59383000,0.76,75646600,0.761,29515600,45,100,0
sh513130,09:44:48,1767663890835,5842.38,0.8972,2.1173,0.756,0.759,-0.3953,510400,385951,0.7562,0.756,43362100,0.755,45219500,0.754,41229500,0.753,42118600,0.752,39798100,0.757,85788400,0.758,88117900,0.759,59483000,0.76,68704200,0.761,37935200,295,100,0
sh513130,09:44:51,1767663893831,5842.55,0.8972,3.744,0.756,0.7584,-0.3165,828300,626828,0.7568,0.756,52351300,0.755,44579000,0.754,40238400,0.753,42188000,0.752,39790500,0.757,84453200,0.758,88395600,0.759,59620200,0.76,68911800,0.761,38283600,492,100,0
sh513130,09:44:54,1767663895830,5842.15,0.8972,4.8396,0.757,0.7584,-0.1846,453500,343146,0.7567,0.756,41840400,0.755,44223300,0.754,41355400,0.753,42195700,0.752,39813300,0.757,85183000,0.758,88460600,0.759,60016100,0.76,69711800,0.761,38306100,314,100,0
sh513130,09:44:57,1767663898820,5841.27,0.8972,4.4801,0.756,0.7584,-0.3165,1586900,1200060,0.7562,0.756,43543400,0.755,44111800,0.754,41555400,0.753,42218500,0.752,39813300,0.757,85707200,0.758,88666700,0.759,60026100,0.76,69755500,0.761,38306100,218,100,0
sh513130,09:45:00,1767663902809,5844.2,0.8972,7.0957,0.757,0.7584,-0.1846,991700,750294,0.7566,0.756,44129600,0.755,52341000,0.754,41568500,0.753,42320700,0.752,40063300,0.757,85029400,0.758,88736700,0.759,60081300,0.76,78076900,0.761,30417100,212,100,0
sh513130,09:45:03,1767663904802,5842.7,0.8972,8.0203,0.757,0.759,-0.2635,687300,519911,0.7565,0.756,37215400,0.755,52231800,0.754,39593500,0.753,42346600,0.752,40065300,0.757,83365900,0.758,88429700,0.759,61061800,0.76,78161200,0.761,30457000,226,100,0
sh513130,09:45:06,1767663909778,5842.97,0.8972,6.1309,0.757,0.7591,-0.2766,1169300,884298,0.7563,0.756,48437300,0.755,43435000,0.754,41573500,0.753,42228600,0.752,40123700,0.757,85177800,0.758,88557900,0.759,60197400,0.76,70174800,0.761,38457000,1190,100,0
sh513130,09:45:09,1767663912771,5841.34,0.8972,6.3723,0.756,0.7591,-0.4084,39691400,30007183,0.756,0.755,59067800,0.754,42533400,0.753,42638600,0.752,40200500,0.751,42767400,0.756,30091400,0.757,83158200,0.758,97132900,0.759,60006300,0.76,63175200,37,100,0
sh513130,09:45:12,1767663913757,5841.34,0.8972,5.9735,0.756,0.7591,-0.4084,5886500,4450214,0.756,0.756,8392900,0.755,53105400,0.754,42405800,0.753,42629300,0.752,40187400,0.757,83454300,0.758,98225700,0.759,60051600,0.76,70238200,0.761,29046600,815,100,0
sh513130,09:45:15,1767663916771,5841.28,0.8972,5.284,0.756,0.7591,-0.4084,1316600,996014,0.7565,0.756,13731700,0.755,51868000,0.754,42462600,0.753,42183000,0.752,40184400,0.757,82324000,0.758,98250300,0.759,60555300,0.76,70332400,0.761,30178600,203,100,0
sh513130,09:45:18,1767663920774,5842.41,0.8972,6.1948,0.756,0.7584,-0.3165,2659900,2011645,0.7563,0.756,42890900,0.755,47168500,0.754,41472600,0.753,42156500,0.752,40274300,0.757,76267400,0.758,88588900,0.759,61745300,0.76,70333800,0.761,37686500,147,100,0
sh513130,09:45:21,1767663922766,5842.41,0.8972,5.666,0.757,0.7578,-0.1056,865900,655387,0.7569,0.756,60166000,0.755,40947300,0.754,41151400,0.753,42122400,0.752,39377500,0.757,76867400,0.758,88505900,0.759,61680700,0.76,70545000,0.761,45696500,1113,100,0
sh513130,09:45:24,1767663926770,5843.52,0.8972,4.5232,0.757,0.7578,-0.1056,485900,367736,0.7568,0.756,54737900,0.755,48933900,0.754,41151400,0.753,42119400,0.752,37106000,0.757,82215700,0.758,88914000,0.759,62620800,0.76,78740100,0.761,32118500,171,100,0
sh513130,09:45:27,1767663928759,5843.33,0.8972,4.8423,0.757,0.7584,-0.1846,136600,103312,0.7563,0.756,56314500,0.755,48823000,0.754,40243500,0.753,42115700,0.752,37126000,0.757,82028200,0.758,89296100,0.759,62612800,0.76,78791900,0.761,32482000,157,100,0
sh513130,09:45:24,1767663929758,5843.33,0.8972,5.0377,0.757,0.7578,-0.1056,0,0,0.757,0.756,54737900,0.755,48933900,0.754,41151400,0.753,42119400,0.752,37106000,0.757,82215700,0.758,88914000,0.759,62620800,0.76,78740100,0.761,32118500,1156,100,1
sh513130,09:45:27,1767663930759,5843.16,0.8972,4.9545,0.757,0.7584,-0.1846,136600,103312,0.7563,0.756,56314500,0.755,48823000,0.754,40243500,0.753,42115700,0.752,37126000,0.757,82028200,0.758,89296100,0.759,62612800,0.76,78791900,0.761,32482000,179,100,0
sh513130,09:45:30,1767663932749,5843.54,0.8972,4.5581,0.757,0.7584,-0.1846,1839900,1392237,0.7567,0.756,64191700,0.755,40976100,0.754,41020600,0.753,42115700,0.752,36734000,0.757,83069800,0.758,89249700,0.759,62688800,0.76,70824400,0.761,40483500,155,100,0
sh513130,09:45:33,1767663935767,5843.93,0.8972,5.3628,0.757,0.7584,-0.1846,3234600,2448451,0.757,0.756,64065700,0.755,40446800,0.754,40690600,0.753,42115700,0.752,36877500,0.757,64000600,0.758,95127300,0.759,74746200,0.76,71848400,0.761,40561400,1050,100,0
sh513130,09:45:36,1767663937765,5843.91,0.8972,5.19,0.756,0.7584,-0.3165,1473000,1115042,0.757,0.756,56954300,0.755,48275500,0.754,40097200,0.753,42035700,0.752,36784600,0.757,63181200,0.758,96248600,0.759,75298700,0.76,79893200,0.761,32621400,876,100,0
sh513130,09:45:33,1767663938757,5844.86,0.8972,5.5924,0.757,0.7584,-0.1846,0,0,0.757,0.756,64065700,0.755,40446800,0.754,40690600,0.753,42115700,0.752,36877500,0.757,64000600,0.758,95127300,0.759,74746200,0.76,71848400,0.761,40561400,124,100,1
sh513130,09:45:36,1767663939749,5844.86,0.8972,5.7965,0.756,0.7584,-0.3165,1473000,1115042,0.757,0.756,56954300,0.755,48275500,0.754,40097200,0.753,42035700,0.752,36784600,0.757,63181200,0.758,96248600,0.759,75298700,0.76,79893200,0.761,32621400,696,100,0
sh513130,09:45:39,1767663941745,5845.91,0.8972,5.3021,0.757,0.7584,-0.1846,33126600,25076587,0.757,0.756,65017100,0.755,39951000,0.754,39181000,0.753,42032600,0.752,36951000,0.757,8528800,0.758,81960200,0.759,91354900,0.76,72587200,0.761,55698600,515,100,0
sh513130,09:45:42,1767663944721,5846.87,0.8972,4.6534,0.757,0.7591,-0.2766,12789400,9680568,0.7569,0.757,35466900,0.756,47712700,0.755,37374400,0.754,35416000,0.753,39319900,0.758,91344300,0.759,100375100,0.76,77689900,0.761,56524600,0.762,17636900,102,100,0
sh513130,09:45:45,1767663946711,5848.2,0.8972,3.3383,0.757,0.7591,-0.2766,9670000,7320192,0.757,0.757,31656600,0.756,47111900,0.755,37489100,0.754,39729700,0.753,37799300,0.758,86014400,0.759,85729800,0.76,72884600,0.761,56445000,0.762,27403000,11,100,0
sh513130,09:45:48,1767663949713,5848.94,0.8972,7.2251,0.757,0.7591,-0.2766,1992700,1509018,0.7573,0.757,51573600,0.756,39734400,0.755,42005500,0.754,39624400,0.753,37798300,0.758,90870700,0.759,90712800,0.76,78973900,0.761,48475100,0.762,35508200,1080,100,0
sh513130,09:45:51,1767663953736,5849.53,0.8972,4.975,0.757,0.7591,-0.2766,367600,278494,0.7576,0.757,44592600,0.756,47561400,0.755,41330800,0.754,39624400,0.753,37833300,0.758,91153500,0.759,90777500,0.76,79133100,0.761,56612100,0.762,27509700,1165,100,0
sh513130,09:45:54,1767663956738,5849.42,0.8972,3.4776,0.758,0.7591,-0.1449,2164500,1640286,0.7578,0.757,45288900,0.756,46683300,0.755,41392400,0.754,39591900,0.753,37757400,0.758,89762300,0.759,90883400,0.76,79158600,0.761,56622100,0.762,27590200,182,100,0
sh513130,09:45:57,1767663958734,5849.84,0.8972,3.1922,0.757,0.7591,-0.2766,1706100,1292010,0.7573,0.757,46512100,0.756,45729900,0.755,41399700,0.754,39491600,0.753,37757400,0.758,90069600,0.759,90891000,0.76,79257000,0.761,56790300,0.762,27601200,62,100,0
sh513130,09:46:00,1767663962716,5848.51,0.8972,4.1097,0.757,0.7598,-0.3685,500700,379341,0.7576,0.757,38012100,0.756,51485000,0.755,41412000,0.754,40091400,0.753,36020600,0.758,92472000,0.759,90907300,0.76,79337800,0.761,56402300,0.762,27844800,112,100,0
sh513130,09:46:03,1767663965724,5848.7,0.8972,4.304,0.757,0.7598,-0.3685,405000,306924,0.7578,0.757,41582400,0.756,51495500,0.755,41301600,0.754,40061700,0.753,35021000,0.758,94645300,0.759,90878900,0.76,79613400,0.761,56403900,0.762,27844800,503,100,0
sh513130,09:46:06,1767663969743,5848.46,0.8972,3.234,0.758,0.7598,-0.2369,1342100,1016887,0.7577,0.757,41907200,0.756,51967800,0.755,41333500,0.754,40053700,0.753,35141000,0.758,96362600,0.759,90092100,0.76,78437300,0.761,56477200,0.762,27856900,175,100,0
sh513130,09:46:09,1767663971745,5846.5,0.8972,3.9458,0.757,0.7598,-0.3685,1415700,1072953,0.7579,0.757,46051500,0.756,52010600,0.755,41311600,0.754,39819300,0.753,35141000,0.758,95600900,0.759,99938100,0.76,79023100,0.761,56492200,0.762,18570100,1208,100,0
sh513130,09:46:12,1767663975729,5846.5,0.8972,2.833,0.757,0.7598,-0.3685,1173900,889758,0.758,0.757,33344300,0.756,52110500,0.755,41453300,0.754,38964800,0.753,35175700,0.758,96230400,0.759,99904400,0.76,79203500,0.761,56577500,0.762,18630100,1098,100,0
sh513130,09:46:15,1767663978723,5844.61,0.8972,2.2568,0.757,0.7598,-0.3685,17417100,13186272,0.7571,0.756,58142100,0.755,42447500,0.754,38949800,0.753,35185700,0.752,39895700,0.757,60881900,0.758,110768900,0.759,98913300,0.76,79275800,0.761,41795400,180,100,0
sh513130,09:46:18,1767663979711,5844.61,0.8972,3.5592,0.756,0.7598,-0.5001,1530700,1158740,0.757,0.756,57786200,0.755,42455100,0.754,46276000,0.753,36174700,0.752,39895700,0.757,78423000,0.758,103981300,0.759,98018400,0.76,74050300,0.761,41842700,1168,100,0
sh513130,09:46:21,1767663983704,5843.28,0.8972,4.1218,0.756,0.7591,-0.4084,1016900,769657,0.7569,0.756,57671600,0.755,42414300,0.754,46277300,0.753,35980700,0.752,39895700,0.757,80598800,0.758,104292700,0.759,98100100,0.76,74875900,0.761,41864200,1053,100,0
sh513130,09:46:24,1767663986702,5841.08,0.8972,2.9799,0.757,0.7591,-0.2766,370900,280758,0.757,0.756,53086500,0.755,47719400,0.754,46237100,0.753,35980700,0.752,39858700,0.757,81939900,0.758,104237400,0.759,98207800,0.76,75079500,0.761,41913200,125,100,0
sh513130,09:46:27,1767663989684,5840.92,0.8972,4.8147,0.757,0.7591,-0.2766,585400,443024,0.7568,0.756,46344500,0.755,47830400,0.754,47227100,0.753,35981000,0.752,39849900,0.757,84238900,0.758,114578800,0.759,98353800,0.76,75058300,0.761,32659000,520,100,0
sh513130,09:46:30,1767663992664,5840.84,0.8972,2.2702,0.756,0.7591,-0.4084,478700,362036,0.7563,0.756,47017400,0.755,47656400,0.754,47221800,0.753,35981000,0.752,39062300,0.757,86387800,0.758,118076900,0.759,97340400,0.76,76183400,0.761,32690900,50,100,0
sh513130,09:46:33,1767663996633,5839.96,0.8972,3.2637,0.757,0.7584,-0.1846,1275000,965023,0.7569,0.756,51888300,0.755,47688400,0.754,47221800,0.753,36537000,0.752,39045300,0.757,84688000,0.758,108596400,0.759,101513900,0.76,76147800,0.761,42452900,15,100,0
sh513130,09:46:36,1767663999632,5841.25,0.8972,3.558,0.756,0.7584,-0.3165,559800,423539,0.7566,0.756,45379800,0.755,56695200,0.754,47226800,0.753,37825100,0.752,39044300,0.757,85933000,0.758,108568600,0.759,101107200,0.76,84000600,0.761,34455900,1033,100,0
sh513130,09:46:39,1767664001629,5840.02,0.8972,2.9013,0.756,0.7584,-0.3165,874600,661771,0.7567,0.756,72121100,0.755,44164800,0.754,46533500,0.753,37925100,0.752,34023400,0.757,84809300,0.758,108766900,0.759,103067700,0.76,76356900,0.761,42534100,1064,100,0
sh513130,09:46:42,1767664004622,5842.49,0.8972,3.3152,0.757,0.7584,-0.1846,521600,394776,0.7569,0.756,63230100,0.755,52430500,0.754,49268900,0.753,37943500,0.752,34038400,0.757,80521100,0.758,109189000,0.759,103301500,0.76,84925600,0.761,34539100,63,100,0
sh513130,09:46:45,1767664007606,5843.07,0.8972,4.7047,0.757,0.7584,-0.1846,310900,235138,0.7563,0.756,64155500,0.755,52579500,0.754,47438900,0.753,37982000,0.752,34075600,0.757,80524100,0.758,111276000,0.759,103359500,0.76,84802800,0.761,33599800,1012,100,0
sh513130,09:46:48,1767664010592,5842.36,0.8972,6.1619,0.757,0.7591,-0.2766,230200,174209,0.7568,0.756,65328300,0.755,52639200,0.754,47438200,0.753,38047400,0.752,34075600,0.757,84980300,0.758,111811000,0.759,103437500,0.76,84802000,0.761,33604800,17,100,0
sh513130,09:46:51,1767664014564,5843.25,0.8972,3.6046,0.756,0.7591,-0.4084,659200,498906,0.7568,0.756,73713400,0.755,44698400,0.754,48428200,0.753,39005000,0.752,33715600,0.757,86679100,0.758,111978600,0.759,103671800,0.76,76833000,0.761,41604800,40,100,0
sh513130,09:46:54,1767664017549,5842.18,0.8972,3.5831,0.756,0.7591,-0.4084,401600,303936,0.7568,0.756,74663200,0.755,44703100,0.754,47411800,0.753,39464800,0.752,33717600,0.757,86007000,0.758,110426200,0.759,104754900,0.76,77203200,0.761,41734800,93,100,0
sh513130,09:46:57,1767664019534,5841.84,0.8972,2.9742,0.757,0.7591,-0.2766,663600,502289,0.7569,0.756,68150400,0.755,50477900,0.754,48899100,0.753,39467800,0.752,33657600,0.757,87648200,0.758,110767300,0.759,103766100,0.76,77208200,0.761,41774300,964,100,0
sh513130,09:47:00,1767664022509,5842.63,0.8972,3.1633,0.757,0.7591,-0.2766,328900,248817,0.7565,0.756,71317800,0.755,45657100,0.754,52512100,0.753,39457500,0.752,33599800,0.757,87800500,0.758,110020100,0.759,103737500,0.76,77354700,0.761,41774300,11,100,0
