symbol,tx_server_time,tx_local_time,index_price,fx_rate,sentiment,price,iopv,premium_rate,tick_vol,tick_amt,tick_vwap,bp1,bv1,bp2,bv2,bp3,bv3,bp4,bv4,bp5,bv5,sp1,sv1,sp2,sv2,sp3,sv3,sp4,sv4,sp5,sv5,idx_delay_ms,fut_delay_ms,data_flags
sh513130,09:30:02,1765935004576,5413.19,0.9045,5.486,0.708,0.7094,-0.1973,0,0,0.708,0.707,10281200,0.706,26068500,0.705,33414200,0.704,22061600,0.703,22593700,0.708,7534500,0.709,16722700,0.71,32752200,0.711,33324100,0.712,23047000,115,100,1
sh513130,09:30:05,1765935006568,5413.19,0.9045,5.3691,0.708,0.7087,-0.0988,7157800,5066561,0.7078,0.707,11166300,0.706,27678100,0.705,33595300,0.704,23086300,0.703,22676100,0.708,3137500,0.709,16584400,0.71,31728700,0.711,33652900,0.712,23758600,1468,100,0
sh513130,09:30:08,1765935010587,5412.34,0.9045,3.3102,0.709,0.7087,0.0423,5047300,3573666,0.708,0.708,79600,0.707,14947800,0.706,27979400,0.705,33725700,0.704,24274800,0.709,19371900,0.71,32047600,0.711,34096000,0.712,24709100,0.713,25042400,661,100,0
sh513130,09:30:11,1765935013590,5411.05,0.9045,4.4662,0.708,0.7094,-0.1973,3519900,2492155,0.708,0.708,2523000,0.707,15643900,0.706,28040900,0.705,33757600,0.704,23470800,0.709,20318000,0.71,27769100,0.711,34735400,0.712,28030600,0.713,26513600,1168,100,0
sh513130,09:30:14,1765935015605,5410.84,0.9045,5.1439,0.708,0.7087,-0.0988,2597200,1840989,0.7088,0.708,28341400,0.707,17584000,0.706,28881400,0.705,34920600,0.704,22719700,0.709,18371700,0.71,27537300,0.711,34940000,0.712,28151600,0.713,26565700,1173,100,0
sh513130,09:30:11,1765935016607,5410.01,0.9045,4.3036,0.708,0.7094,-0.1973,0,0,0.708,0.708,2523000,0.707,15643900,0.706,28040900,0.705,33757600,0.704,23470800,0.709,20318000,0.71,27769100,0.711,34735400,0.712,28030600,0.713,26513600,9,100,1
sh513130,09:30:14,1765935017607,5410.01,0.9045,3.5204,0.708,0.7087,-0.0988,2597200,1840989,0.7088,0.708,28341400,0.707,17584000,0.706,28881400,0.705,34920600,0.704,22719700,0.709,18371700,0.71,27537300,0.711,34940000,0.712,28151600,0.713,26565700,975,100,0
sh513130,09:30:17,1765935019609,5409.18,0.9045,2.4276,0.708,0.7087,-0.0988,604300,428204,0.7086,0.708,36022100,0.707,17656600,0.706,27171600,0.705,32970100,0.704,22857600,0.709,18867700,0.71,18794700,0.711,28421700,0.712,26762900,0.713,33512100,1113,100,0
sh513130,09:30:20,1765935022624,5406.18,0.9045,2.6303,0.708,0.7094,-0.1973,614300,435123,0.7083,0.708,16733400,0.707,18047900,0.706,27427500,0.705,34383900,0.704,25953300,0.709,19904600,0.71,19367200,0.711,26947400,0.712,30767900,0.713,37316800,171,100,0
sh513130,09:30:23,1765935024627,5402.8,0.9045,3.5045,0.709,0.7094,-0.0564,506600,358686,0.708,0.708,15632500,0.707,20382300,0.706,33781000,0.705,35032300,0.704,26687900,0.709,20362000,0.71,29721200,0.711,31922900,0.712,37230200,0.713,32277500,167,100,0
sh513130,09:30:26,1765935028622,5403.57,0.9045,2.13,0.709,0.7087,0.0423,1935900,1371032,0.7082,0.708,12080100,0.707,29367100,0.706,37176500,0.705,38401800,0.704,25021100,0.709,36785700,0.71,37429500,0.711,39735100,0.712,37814500,0.713,32902800,149,100,0
sh513130,09:30:29,1765935030631,5403.2,0.9045,2.0579,0.708,0.7087,-0.0988,7510700,5321209,0.7085,0.708,4053900,0.707,13291100,0.706,37386500,0.705,38594100,0.704,24052100,0.709,27526300,0.71,37533400,0.711,39867000,0.712,38011800,0.713,33005000,188,100,0
sh513130,09:30:26,1765935031636,5403.2,0.9045,1.8854,0.709,0.7087,0.0423,0,0,0.709,0.708,12080100,0.707,29367100,0.706,37176500,0.705,38401800,0.704,25021100,0.709,36785700,0.71,37429500,0.711,39735100,0.712,37814500,0.713,32902800,686,100,1
sh513130,09:30:29,1765935032646,5402.91,0.9045,3.2031,0.708,0.7087,-0.0988,7510700,5321209,0.7085,0.708,4053900,0.707,13291100,0.706,37386500,0.705,38594100,0.704,24052100,0.709,27526300,0.71,37533400,0.711,39867000,0.712,38011800,0.713,33005000,185,100,0
sh513130,09:30:32,1765935033642,5402.91,0.9045,2.8429,0.709,0.7087,0.0423,1485100,1051985,0.7084,0.708,4138800,0.707,13936200,0.706,38145000,0.705,38609200,0.704,27064600,0.709,33480100,0.71,38536200,0.711,39867000,0.712,34850800,0.713,33103000,523,100,0
sh513130,09:30:35,1765935037629,5400.02,0.9045,2.7863,0.708,0.7087,-0.0988,4714800,3338111,0.708,0.707,23286500,0.706,52730500,0.705,52695900,0.704,27118000,0.703,26604200,0.708,6576300,0.709,41188200,0.71,49364000,0.711,39906900,0.712,36099700,173,100,0
sh513130,09:30:38,1765935040637,5398.04,0.9045,3.0086,0.708,0.7087,-0.0988,3811200,2695727,0.7073,0.707,15082400,0.706,58142900,0.705,52952000,0.704,27150700,0.703,29523300,0.708,14659500,0.709,53512800,0.71,44098300,0.711,32992600,0.712,28121700,195,100,0
sh513130,09:30:41,1765935043650,5397.96,0.9045,3.5782,0.708,0.7074,0.0848,3224700,2280484,0.7072,0.707,22104200,0.706,49737200,0.705,53002000,0.704,27150700,0.703,29625300,0.708,16954000,0.709,53947400,0.71,53042400,0.711,33018100,0.712,28127700,909,100,0
sh513130,09:30:44,1765935045662,5398.35,0.9045,6.0555,0.708,0.7074,0.0848,2086300,1477076,0.708,0.707,29450300,0.706,49706400,0.705,53002000,0.704,27150700,0.703,29625300,0.708,7837300,0.709,62314700,0.71,53052400,0.711,33018100,0.712,28202300,264,100,0
sh513130,09:30:47,1765935049669,5399.62,0.9045,6.024,0.708,0.7074,0.0848,2681500,1898463,0.708,0.707,30303600,0.706,49751700,0.705,53042000,0.704,27150700,0.703,29625200,0.708,15064600,0.709,54029600,0.71,53037100,0.711,33036100,0.712,28226800,1203,100,0
sh513130,09:30:50,1765935051666,5399.08,0.9045,7.0134,0.708,0.7074,0.0848,14506600,10270647,0.708,0.707,35611200,0.706,49752700,0.705,53152000,0.704,27150700,0.703,29625200,0.708,19589400,0.709,53315000,0.71,39934900,0.711,33036100,0.712,28231800,1208,100,0
sh513130,09:30:53,1765935055681,5396.24,0.9045,5.8193,0.708,0.7074,0.0848,776500,549705,0.7079,0.707,7339800,0.706,58167900,0.705,53173200,0.704,27150700,0.703,29669800,0.708,26440200,0.709,61675000,0.71,47073700,0.711,33036100,0.712,28241000,816,100,0
sh513130,09:30:56,1765935057687,5395.43,0.9045,4.1888,0.707,0.708,-0.1412,1279100,905578,0.708,0.707,7506200,0.706,59021000,0.705,53423200,0.704,27750100,0.703,29669800,0.708,27108000,0.709,61126700,0.71,47497900,0.711,33036100,0.712,28241000,725,100,0
sh513130,09:30:59,1765935060689,5397.55,0.9045,3.2651,0.708,0.7074,0.0848,2269700,1604805,0.7071,0.707,42879400,0.706,60641000,0.705,63474200,0.704,27750100,0.703,29698300,0.708,27311300,0.709,60815000,0.71,47686500,0.711,33067900,0.712,29241000,218,100,0
sh513130,09:31:02,1765935064697,5396.7,0.9045,5.996,0.708,0.7074,0.0848,832600,589476,0.708,0.707,43968400,0.706,60661000,0.705,63504500,0.704,27751300,0.703,29698300,0.708,27425600,0.709,60704500,0.71,47824400,0.711,33067900,0.712,30261000,284,100,0
sh513130,09:31:05,1765935067710,5397.0,0.9045,5.09,0.708,0.708,0.0,263200,186295,0.7078,0.707,36157000,0.706,60680500,0.705,63511600,0.704,27751300,0.703,29698300,0.708,27806100,0.709,60570200,0.71,47699900,0.711,33067900,0.712,30983200,1217,100,0
sh513130,09:31:08,1765935070698,5399.05,0.9045,4.5049,0.708,0.708,0.0,10921800,7732608,0.708,0.707,47769000,0.706,60831300,0.705,63526600,0.704,27752300,0.703,29700300,0.708,10865800,0.709,69565200,0.71,43908100,0.711,40062900,0.712,31140600,280,100,0
sh513130,09:31:11,1765935073698,5398.84,0.9045,4.5089,0.708,0.7073,0.099,1001300,708686,0.7078,0.707,49161200,0.706,62833300,0.705,63781600,0.704,27842500,0.703,27700300,0.708,47386700,0.709,55991100,0.71,41999700,0.711,25246000,0.712,31140600,1252,100,0
sh513130,09:31:14,1765935076711,5400.29,0.9045,3.7944,0.708,0.7073,0.099,10683900,7564187,0.708,0.708,16783300,0.707,50471600,0.706,63858300,0.705,63811600,0.704,27842500,0.709,65309800,0.71,52426000,0.711,39024700,0.712,31140600,0.713,33210400,214,100,0
sh513130,09:31:17,1765935079686,5400.29,0.9045,4.2055,0.708,0.7073,0.099,751100,531779,0.708,0.708,17810400,0.707,51261800,0.706,64187100,0.705,63798100,0.704,27842500,0.709,65607000,0.71,52553400,0.711,39024700,0.712,31140600,0.713,33210400,1012,100,0
sh513130,09:31:20,1765935081690,5400.29,0.9045,5.1336,0.709,0.708,0.1412,306700,217174,0.7081,0.708,4107400,0.707,52353300,0.706,64177400,0.705,63828100,0.704,27814600,0.709,65774600,0.71,52258400,0.711,39024700,0.712,31140600,0.713,33210400,854,100,0
sh513130,09:31:23,1765935084688,5400.29,0.9045,3.4531,0.708,0.708,0.0,996800,705759,0.708,0.708,3957600,0.707,53459300,0.706,64538300,0.705,63834100,0.704,27814600,0.709,66001600,0.71,52375900,0.711,39024700,0.712,31190600,0.713,33213400,1683,100,0
sh513130,09:31:26,1765935088681,5400.29,0.9045,6.7681,0.708,0.708,0.0,1123700,795634,0.708,0.708,26335100,0.707,46309900,0.706,64538300,0.705,49816100,0.704,27864600,0.709,68395500,0.71,52438100,0.711,39024700,0.712,31190600,0.713,33227700,1358,100,0
sh513130,09:31:29,1765935090677,5400.29,0.9045,5.4423,0.709,0.708,0.1412,171100,121279,0.7088,0.708,26647900,0.707,57577900,0.706,65528300,0.705,51084700,0.704,28164600,0.709,74155200,0.71,53432000,0.711,40014700,0.712,31290600,0.713,33186400,1191,100,0
sh513130,09:31:32,1765935094698,5400.59,0.9045,5.1281,0.708,0.708,0.0,40700,28846,0.7087,0.708,27113000,0.707,57760200,0.706,65596500,0.705,51105700,0.704,28164600,0.709,74653000,0.71,53573000,0.711,40035700,0.712,31087400,0.713,33186400,710,100,0
sh513130,09:31:35,1765935097725,5402.49,0.9045,2.6406,0.709,0.708,0.1412,329800,233767,0.7088,0.708,27430000,0.707,57750100,0.706,66192000,0.705,51065700,0.704,28164600,0.709,74958700,0.71,53374000,0.711,40035700,0.712,31189400,0.713,33186400,359,100,0
sh513130,09:31:38,1765935101711,5401.7,0.9045,3.0623,0.708,0.708,0.0,207100,146647,0.7081,0.708,27587800,0.707,57720100,0.706,67089500,0.705,51467700,0.704,28165600,0.709,75466400,0.71,55131800,0.711,40035700,0.712,31189400,0.713,33186400,1272,100,0
sh513130,09:31:41,1765935102707,5400.39,0.9045,1.5989,0.708,0.708,0.0,8348900,5911325,0.708,0.707,57983100,0.706,67987000,0.705,51481200,0.704,28165600,0.703,26726200,0.708,8619900,0.709,67016100,0.71,55146800,0.711,40035700,0.712,31190300,107,100,0
sh513130,09:31:44,1765935106707,5397.63,0.9045,5.9832,0.708,0.708,0.0,2786200,1972629,0.708,0.707,51801600,0.706,75756100,0.705,51488900,0.704,28186600,0.703,26674000,0.708,42502700,0.709,59284500,0.71,44586900,0.711,32045700,0.712,31190300,214,100,0
sh513130,09:31:47,1765935108699,5397.51,0.9045,5.8705,0.708,0.708,0.0,1254600,888252,0.708,0.707,59971400,0.706,68255600,0.705,51488900,0.704,29176600,0.703,26683800,0.708,42046400,0.709,59071900,0.71,44620700,0.711,31868500,0.712,31265800,281,100,0
sh513130,09:31:50,1765935111715,5397.33,0.9045,3.5786,0.708,0.7074,0.0848,1591500,1126782,0.708,0.707,60265400,0.706,69203100,0.705,51485100,0.704,29185100,0.703,26763800,0.708,27486300,0.709,59633400,0.71,44520700,0.711,38859100,0.712,31281800,502,100,0
sh513130,09:31:53,1765935115725,5396.65,0.9045,3.5017,0.708,0.7074,0.0848,604600,428057,0.708,0.707,61299500,0.706,70147700,0.705,51672100,0.704,29205100,0.703,26763800,0.708,37964200,0.709,59810200,0.71,44574200,0.711,31869100,0.712,31306800,187,100,0
sh513130,09:31:56,1765935117719,5397.61,0.9045,3.73,0.708,0.7074,0.0848,391900,277415,0.7079,0.707,62026500,0.706,71045200,0.705,51672100,0.704,29205100,0.703,26778300,0.708,43223700,0.709,59825100,0.71,44622200,0.711,25123100,0.712,31407400,16,100,0
sh513130,09:31:59,1765935121715,5398.02,0.9045,6.125,0.708,0.7074,0.0848,257300,182168,0.708,0.707,62119200,0.706,72211100,0.705,51672100,0.704,29225100,0.703,26788300,0.708,37765000,0.709,59182400,0.71,44721000,0.711,32886900,0.712,31407400,1255,100,0
sh513130,09:32:02,1765935123722,5397.15,0.9045,6.7913,0.708,0.7074,0.0848,246100,174238,0.708,0.707,62246700,0.706,74114400,0.705,51692800,0.704,28210800,0.703,26795400,0.708,44786800,0.709,60600400,0.71,44400600,0.711,33157900,0.712,31313300,454,100,0
sh513130,09:31:59,1765935124729,5397.41,0.9045,3.9323,0.708,0.7074,0.0848,0,0,0.708,0.707,62119200,0.706,72211100,0.705,51672100,0.704,29225100,0.703,26788300,0.708,37765000,0.709,59182400,0.71,44721000,0.711,32886900,0.712,31407400,298,100,1
sh513130,09:32:02,1765935125739,5397.41,0.9045,3.4351,0.708,0.7074,0.0848,246100,174238,0.708,0.707,62246700,0.706,74114400,0.705,51692800,0.704,28210800,0.703,26795400,0.708,44786800,0.709,60600400,0.71,44400600,0.711,33157900,0.712,31313300,1308,100,0
sh513130,09:32:05,1765935127744,5398.99,0.9045,4.4936,0.708,0.7074,0.0848,326200,230950,0.708,0.707,62552400,0.706,74273200,0.705,51756600,0.704,28210800,0.703,26795400,0.708,6116600,0.709,70844400,0.71,61512200,0.711,40167900,0.712,31215900,1333,100,0
sh513130,09:32:08,1765935130752,5399.69,0.9045,3.9601,0.708,0.7074,0.0848,7704100,5454503,0.708,0.708,493300,0.707,63164300,0.706,74314100,0.705,51763600,0.704,28210800,0.709,72811000,0.71,61513200,0.711,40299200,0.712,31219900,0.713,33552500,48,100,0
sh513130,09:32:11,1765935133745,5398.89,0.9045,2.2175,0.708,0.708,0.0,821000,581265,0.708,0.707,63187100,0.706,74353500,0.705,51819800,0.704,28210800,0.703,26807400,0.708,2508000,0.709,72767000,0.71,61510200,0.711,40437000,0.712,31514000,857,100,0
sh513130,09:32:14,1765935136758,5397.96,0.9045,4.2105,0.708,0.7074,0.0848,5621900,3980263,0.708,0.707,63310900,0.706,74348300,0.705,51826800,0.704,28170800,0.703,26807400,0.708,18453000,0.709,64595800,0.71,61555200,0.711,40437000,0.712,31573000,374,100,0
sh513130,09:32:17,1765935138753,5398.97,0.9045,3.1508,0.708,0.7074,0.0848,3605200,2552391,0.708,0.707,63385200,0.706,74372700,0.705,51860800,0.704,28172400,0.703,26807400,0.708,712700,0.709,73322300,0.71,61490600,0.711,40403200,0.712,31573000,335,100,0
sh513130,09:32:20,1765935142743,5398.76,0.9045,4.7547,0.708,0.708,0.0,1437700,1017893,0.708,0.708,21874200,0.707,63245800,0.706,74352700,0.705,51871500,0.704,28172400,0.709,72062400,0.71,61602100,0.711,40481700,0.712,31642000,0.713,33579500,304,100,0
sh513130,09:32:23,1765935145782,5398.91,0.9045,3.6088,0.708,0.708,0.0,265500,187974,0.708,0.708,26554900,0.707,63192800,0.706,74402700,0.705,51872200,0.704,28172700,0.709,72442900,0.71,61672100,0.711,40481700,0.712,31642000,0.713,33585500,1320,100,0
sh513130,09:32:26,1765935147740,5398.13,0.9045,3.0962,0.708,0.7074,0.0848,2805800,1986329,0.7079,0.707,62620900,0.706,74413700,0.705,51872200,0.704,28172700,0.703,26814800,0.708,45504300,0.709,61846600,0.71,44593800,0.711,33483700,0.712,31642000,1325,100,0
sh513130,09:32:29,1765935150735,5396.66,0.9045,1.1342,0.708,0.7074,0.0848,247800,175443,0.708,0.707,62643800,0.706,74443700,0.705,51872600,0.704,28179800,0.703,26874800,0.708,49701600,0.709,63245500,0.71,44593800,0.711,29050900,0.712,31690200,271,100,0
sh513130,09:32:32,1765935154705,5394.99,0.9045,2.7098,0.708,0.7074,0.0848,197200,139617,0.708,0.707,62737900,0.706,74500800,0.705,51872600,0.704,28196800,0.703,26874800,0.708,50438000,0.709,63075400,0.71,44593800,0.711,29114900,0.712,31690200,134,100,0
sh513130,09:32:35,1765935157704,5394.45,0.9045,2.1518,0.708,0.7074,0.0848,1218300,862536,0.708,0.707,38459300,0.706,81910800,0.705,52790600,0.704,42170100,0.703,26874800,0.708,52025800,0.709,63283000,0.71,43603800,0.711,26630900,0.712,31690200,956,100,0
sh513130,09:32:38,1765935159711,5392.93,0.9045,3.2208,0.707,0.7074,-0.0565,455600,322468,0.7078,0.707,38087000,0.706,78910800,0.705,53690400,0.704,42178100,0.703,29892700,0.708,57968700,0.709,64164500,0.71,43614300,0.711,26630900,0.712,31709200,804,100,0
sh513130,09:32:41,1765935163695,5393.19,0.9045,5.5589,0.708,0.7074,0.0848,142000,100461,0.7075,0.707,37971600,0.706,78920800,0.705,54589200,0.704,42178100,0.703,30192700,0.708,58367500,0.709,64087600,0.71,43664300,0.711,26680900,0.712,31709200,432,100,0
sh513130,09:32:44,1765935166680,5392.87,0.9045,4.0921,0.707,0.7067,0.0425,274300,193991,0.7072,0.707,38599600,0.706,78954100,0.705,55488000,0.704,42188100,0.703,30205700,0.708,58678400,0.709,63797200,0.71,43722200,0.711,26680900,0.712,31739200,275,100,0
sh513130,09:32:47,1765935168675,5392.84,0.9045,2.3518,0.707,0.7067,0.0425,40700,28801,0.7076,0.707,50081500,0.706,79961100,0.705,56102500,0.704,32188100,0.703,30205700,0.708,61621500,0.709,64861000,0.71,43742300,0.711,26928700,0.712,31749200,257,100,0
sh513130,09:32:50,1765935171681,5394.52,0.9045,3.5198,0.707,0.7067,0.0425,2191900,1551104,0.7077,0.707,57841200,0.706,76243100,0.705,51609500,0.704,31198800,0.703,27287500,0.708,53495900,0.709,64875500,0.71,43619900,0.711,32160300,0.712,31830200,1229,100,0
sh513130,09:32:53,1765935175674,5395.47,0.9045,4.4595,0.708,0.7067,0.184,325400,230306,0.7078,0.707,58080100,0.706,76360600,0.705,51609500,0.704,31197300,0.703,27342500,0.708,16293800,0.709,74302400,0.71,61618100,0.711,39160300,0.712,31396600,1210,100,0
sh513130,09:32:56,1765935177680,5395.67,0.9045,4.8973,0.707,0.7074,-0.0565,454700,321632,0.7073,0.707,59996400,0.706,76460600,0.705,51643100,0.704,31197300,0.703,27349300,0.708,16518400,0.709,74336900,0.71,62703100,0.711,39160300,0.712,31386700,1256,100,0
sh513130,09:32:59,1765935182657,5396.17,0.9045,3.2688,0.708,0.7074,0.0848,380700,269235,0.7072,0.707,61567000,0.706,76477900,0.705,51699700,0.704,31202200,0.703,27349300,0.708,48110700,0.709,65016800,0.71,44765900,0.711,39131400,0.712,31386700,256,100,0
sh513130,09:33:02,1765935184655,5396.36,0.9045,2.7904,0.708,0.7074,0.0848,11900,8425,0.708,0.707,62598500,0.706,78588500,0.705,53696700,0.704,31202200,0.703,27350800,0.708,27601500,0.709,67559300,0.71,46749400,0.711,41636400,0.712,31674200,244,100,0
sh513130,09:33:05,1765935187726,5397.16,0.9045,3.7488,0.707,0.7074,-0.0565,119400,84480,0.7075,0.707,63610700,0.706,78591600,0.705,53696700,0.704,31232200,0.703,27347800,0.708,45793900,0.709,75503600,0.71,45759400,0.711,34636400,0.712,31681400,540,100,0
sh513130,09:33:08,1765935190620,5395.27,0.9045,4.736,0.708,0.7074,0.0848,186700,132183,0.708,0.707,65728200,0.706,78591600,0.705,53697200,0.704,31232200,0.703,27347800,0.708,66807000,0.709,66733100,0.71,44715100,0.711,27795900,0.712,31657900,123,100,0
sh513130,09:33:11,1765935192607,5393.67,0.9045,4.878,0.707,0.7074,-0.0565,49700,35154,0.7073,0.707,41174400,0.706,84029600,0.705,53697500,0.704,44202200,0.703,27348800,0.708,69662300,0.709,66940700,0.71,43710200,0.711,26795900,0.712,31657900,184,100,0
sh513130,09:33:14,1765935196615,5392.08,0.9045,2.7826,0.707,0.7074,-0.0565,13300,9410,0.7075,0.707,41449500,0.706,84695100,0.705,55019400,0.704,44204200,0.703,27351800,0.708,70107500,0.709,67026900,0.71,44120200,0.711,25806900,0.712,31958500,208,100,0
sh513130,09:33:17,1765935200598,5394.3,0.9045,4.3374,0.707,0.7074,-0.0565,715300,505797,0.7071,0.707,39538000,0.706,84807000,0.705,55918200,0.704,44346100,0.703,27351800,0.708,71481500,0.709,66884100,0.71,43139200,0.711,25806900,0.712,31958500,149,100,0
sh513130,09:33:20,1765935202576,5395.41,0.9045,3.9856,0.708,0.7067,0.184,112400,79539,0.7076,0.707,57976500,0.706,79453000,0.705,54080400,0.704,31376100,0.703,27351800,0.708,73702700,0.709,66890400,0.71,44128200,0.711,25806900,0.712,32085200,126,100,0
sh513130,09:33:23,1765935204577,5395.73,0.9045,3.4897,0.707,0.7067,0.0425,574000,405889,0.7071,0.707,39387000,0.706,87848400,0.705,54995300,0.704,41381100,0.703,27354800,0.708,73370300,0.709,68937400,0.71,45118200,0.711,25811200,0.712,32116700,9,100,0
sh513130,09:33:26,1765935208560,5394.66,0.9045,2.0367,0.707,0.7074,-0.0565,122100,86335,0.7071,0.707,49352100,0.706,83923400,0.705,55898100,0.704,31381100,0.703,28354800,0.708,79836900,0.709,74047400,0.71,49131800,0.711,25821700,0.712,32116700,83,100,0
sh513130,09:33:29,1765935211544,5395.96,0.9045,5.7401,0.707,0.7074,-0.0565,1231500,870691,0.707,0.707,57509100,0.706,80199500,0.705,54107500,0.704,31381100,0.703,27354800,0.708,78568400,0.709,73971200,0.71,50121200,0.711,28321200,0.712,32116700,442,100,0
sh513130,09:33:32,1765935214560,5397.16,0.9045,4.938,0.708,0.7074,0.0848,54400,38512,0.7079,0.707,62640400,0.706,80341100,0.705,54108500,0.704,31381100,0.703,27454800,0.708,60884700,0.709,73892200,0.71,51134700,0.711,40589600,0.712,32116700,106,100,0
sh513130,09:33:35,1765935216579,5396.32,0.9045,4.1521,0.708,0.7074,0.0848,662900,469277,0.7079,0.707,63772100,0.706,80349300,0.705,54153300,0.704,31381100,0.703,27473000,0.708,75259100,0.709,73923900,0.71,51234700,0.711,28410300,0.712,32075600,157,100,0
sh513130,09:33:38,1765935220577,5395.75,0.9045,1.487,0.708,0.7074,0.0848,152600,108005,0.7078,0.707,64691800,0.706,80323800,0.705,54163300,0.704,31381100,0.703,27476100,0.708,71923400,0.709,73582200,0.71,51220700,0.711,33674100,0.712,32075600,94,100,0
sh513130,09:33:41,1765935223573,5396.17,0.9045,2.9306,0.707,0.7074,-0.0565,290200,205171,0.707,0.707,43381900,0.706,88723800,0.705,54169300,0.704,41492900,0.703,27474100,0.708,78769800,0.709,73769700,0.71,50301100,0.711,25918100,0.712,32035900,1169,100,0
sh513130,09:33:44,1765935226590,5396.88,0.9045,2.0365,0.708,0.7074,0.0848,252900,178817,0.7071,0.707,62440200,0.706,80334300,0.705,54175800,0.704,31492900,0.703,27474100,0.708,66628600,0.709,73260600,0.71,51277800,0.711,40674100,0.712,32055900,161,100,0
sh513130,09:33:47,1765935229595,5396.53,0.9045,2.4824,0.708,0.7074,0.0848,69800,49411,0.7079,0.707,63362700,0.706,80338300,0.705,54177800,0.704,31502300,0.703,27475000,0.708,77654400,0.709,73340600,0.71,51277800,0.711,28418100,0.712,32055900,1083,100,0
sh513130,09:33:50,1765935233600,5395.9,0.9045,1.7697,0.708,0.7074,0.0848,74700,52826,0.7072,0.707,56065300,0.706,88746300,0.705,54162800,0.704,31502300,0.703,27477000,0.708,80710100,0.709,73510500,0.71,50279400,0.711,25918100,0.712,32350500,733,100,0
sh513130,09:33:53,1765935235592,5396.36,0.9045,2.3852,0.707,0.7074,-0.0565,161600,114412,0.708,0.707,65297900,0.706,80346300,0.705,54162800,0.704,31502300,0.703,27765800,0.708,76004700,0.709,73397600,0.71,50482500,0.711,33674100,0.712,32350500,580,100,0
sh513130,09:33:56,1765935237594,5396.33,0.9045,3.162,0.707,0.7074,-0.0565,67900,48019,0.7072,0.707,58083600,0.706,88876700,0.705,54730000,0.704,31572300,0.703,27765800,0.708,80759700,0.709,73487600,0.71,50617400,0.711,25918100,0.712,32368700,403,100,0
sh513130,09:33:59,1765935241602,5395.23,0.9045,3.7485,0.708,0.7074,0.0848,859800,607908,0.707,0.707,66571200,0.706,80535300,0.705,54781600,0.704,31861100,0.703,27837800,0.708,79906800,0.709,73537600,0.71,51610400,0.711,25918100,0.712,32380500,74,100,0
sh513130,09:34:02,1765935244615,5394.54,0.9045,1.9038,0.707,0.7074,-0.0565,92800,65652,0.7075,0.707,67484100,0.706,80538300,0.705,54776600,0.704,31834300,0.703,27842800,0.708,81152200,0.709,73030300,0.71,50620400,0.711,25970100,0.712,32368500,114,100,0
sh513130,09:34:05,1765935247608,5394.5,0.9045,2.03,0.707,0.7074,-0.0565,95100,67301,0.7077,0.707,49916200,0.706,89020300,0.705,55075700,0.704,41834400,0.703,27992400,0.708,82090100,0.709,73070300,0.71,49630400,0.711,25970100,0.712,32398500,1098,100,0
sh513130,09:34:08,1765935249606,5394.6,0.9045,2.489,0.707,0.7074,-0.0565,871100,615871,0.707,0.707,68776900,0.706,80636100,0.705,55071000,0.704,31834400,0.703,27992400,0.708,83145600,0.709,72953300,0.71,49636200,0.711,25970100,0.712,32428500,1217,100,0
sh513130,09:34:11,1765935252641,5394.97,0.9045,6.0302,0.707,0.7074,-0.0565,196100,138719,0.7074,0.707,69391500,0.706,80927900,0.705,55156100,0.704,31834400,0.703,27992500,0.708,81982800,0.709,73406700,0.71,49631300,0.711,28470100,0.712,32428500,191,100,0
sh513130,09:34:14,1765935256644,5397.16,0.9045,6.7426,0.707,0.7074,-0.0565,129400,91493,0.7071,0.707,69907100,0.706,80928900,0.705,55246100,0.704,31878200,0.703,27992500,0.708,31952300,0.709,81746700,0.71,68683700,0.711,41126100,0.712,32528500,234,100,0
sh513130,09:34:17,1765935259649,5397.71,0.9045,5.5043,0.707,0.7074,-0.0565,648200,458319,0.7071,0.707,69258500,0.706,80939900,0.705,55246100,0.704,31879200,0.703,27993500,0.708,33245400,0.709,81969200,0.71,70663700,0.711,46126100,0.712,32793400,703,100,0
sh513130,09:34:20,1765935262660,5398.61,0.9045,5.3182,0.707,0.7074,-0.0565,726800,514414,0.7078,0.707,70382500,0.706,71103700,0.705,55281200,0.704,31889100,0.703,27993500,0.708,28517800,0.709,81974100,0.71,70664200,0.711,46126100,0.712,32793400,187,100,0
sh513130,09:34:23,1765935264652,5400.54,0.9045,6.6287,0.707,0.7074,-0.0565,1190200,842507,0.7079,0.707,71170100,0.706,70936600,0.705,55305100,0.704,31889100,0.703,28021500,0.708,27212900,0.709,81957400,0.71,70770100,0.711,46139900,0.712,32837600,235,100,0
sh513130,09:34:26,1765935268662,5400.62,0.9045,4.1532,0.708,0.7081,-0.0141,27462900,19443373,0.708,0.708,38064200,0.707,69757600,0.706,70955500,0.705,55346400,0.704,29921200,0.709,84586200,0.71,72070100,0.711,46146300,0.712,32853700,0.713,34927200,265,100,0
sh513130,09:34:29,1765935270657,5402.09,0.9045,4.5708,0.708,0.7081,-0.0141,135200,95721,0.708,0.708,41855400,0.707,69878200,0.706,70869000,0.705,45076400,0.704,29921200,0.709,83766200,0.71,71980200,0.711,46146300,0.712,32853700,0.713,34926700,234,100,0
sh513130,09:34:32,1765935273656,5401.63,0.9045,3.2781,0.708,0.7081,-0.0141,236100,167169,0.708,0.708,33548600,0.707,74527900,0.706,70869100,0.705,55086400,0.704,28920500,0.709,83667500,0.71,72080200,0.711,47136300,0.712,32883200,0.713,34926700,1159,100,0
sh513130,09:34:35,1765935277665,5401.33,0.9045,4.441,0.708,0.7081,-0.0141,107700,76257,0.7081,0.708,28093500,0.707,71834200,0.706,71770400,0.705,55096400,0.704,31920500,0.709,83723100,0.71,72086800,0.711,47156700,0.712,32883200,0.713,34926700,1254,100,0
sh513130,09:34:38,1765935279672,5400.54,0.9045,4.4244,0.708,0.7081,-0.0141,2777300,1966328,0.708,0.707,68893600,0.706,72668000,0.705,57086400,0.704,31920500,0.703,28084300,0.708,6397200,0.709,83242900,0.71,70479200,0.711,46166700,0.712,33058400,1161,100,0
sh513130,09:34:41,1765935282772,5401.49,0.9045,4.2721,0.709,0.7081,0.1271,3566300,2525060,0.708,0.708,23818100,0.707,71118300,0.706,73624200,0.705,57511100,0.704,31550600,0.709,84493600,0.71,72081500,0.711,45766700,0.712,33058400,0.713,34949000,316,100,0
sh513130,09:34:44,1765935286680,5402.02,0.9045,2.1974,0.708,0.7081,-0.0141,1158600,820299,0.708,0.708,31531500,0.707,72700300,0.706,74639300,0.705,55131100,0.704,32086800,0.709,83521000,0.71,72076500,0.711,47156700,0.712,33458400,0.713,34949000,184,100,0
sh513130,09:34:47,1765935289692,5404.06,0.9045,6.5061,0.709,0.7081,0.1271,264600,187600,0.709,0.708,51465000,0.707,66202400,0.706,71234100,0.705,45142000,0.704,30086800,0.709,77569500,0.71,71941600,0.711,48146700,0.712,35958400,0.713,34949000,290,100,0
sh513130,09:34:50,1765935291692,5405.48,0.9045,4.8253,0.709,0.7081,0.1271,156600,110891,0.7081,0.708,53115700,0.707,67664600,0.706,71294000,0.705,45142000,0.704,29086800,0.709,62649500,0.71,71909000,0.711,48146700,0.712,46710400,0.713,35016300,110,100,0
sh513130,09:34:53,1765935294689,5404.87,0.9045,3.06,0.709,0.7081,0.1271,328900,232907,0.7081,0.708,54528500,0.707,67598700,0.706,71354000,0.705,45142000,0.704,29086800,0.709,60359000,0.71,80437500,0.711,49236700,0.712,39710400,0.713,35016300,253,100,0
sh513130,09:34:56,1765935297689,5404.94,0.9045,2.3531,0.709,0.7088,0.0282,321000,227506,0.7087,0.708,55409000,0.707,67855800,0.706,71360100,0.705,45156900,0.704,29086800,0.709,74333600,0.71,72077500,0.711,48298300,0.712,36805800,0.713,35016300,1249,100,0
sh513130,09:34:59,1765935300683,5404.34,0.9045,1.3981,0.709,0.7088,0.0282,747200,529306,0.7084,0.708,56201800,0.707,68035800,0.706,71383900,0.705,45912700,0.704,29086800,0.709,61938100,0.71,71966600,0.711,48298300,0.712,47415300,0.713,35017300,136,100,0
sh513130,09:35:02,1765935303682,5403.62,0.9045,3.4254,0.709,0.7088,0.0282,311800,221063,0.709,0.708,50316100,0.707,77849500,0.706,71667800,0.705,50913200,0.704,29086800,0.709,79056300,0.71,73211300,0.711,48253300,0.712,34163300,0.713,35030800,425,100,0
sh513130,09:35:05,1765935306690,5404.37,0.9045,2.353,0.709,0.7088,0.0282,242500,171933,0.709,0.708,61405800,0.707,87895500,0.706,71687500,0.705,50926400,0.704,29086800,0.709,89076900,0.71,84146600,0.711,48155400,0.712,34201800,0.713,34025200,222,100,0
sh513130,09:35:08,1765935309694,5404.13,0.9045,2.7737,0.709,0.7088,0.0282,723700,513102,0.709,0.708,70993600,0.707,80376700,0.706,71707500,0.705,50434200,0.704,29136800,0.709,82057900,0.71,84176600,0.711,48231700,0.712,41310100,0.713,34020200,690,100,0
sh513130,09:35:11,1765935313723,5404.02,0.9045,1.185,0.708,0.7088,-0.1129,475500,337122,0.709,0.708,74035800,0.707,80141800,0.706,71707500,0.705,50434400,0.704,29136800,0.709,88715500,0.71,84287600,0.711,48370800,0.712,35316700,0.713,34040200,380,100,0
sh513130,09:35:14,1765935316730,5406.13,0.9045,2.3823,0.709,0.7081,0.1271,230400,163353,0.709,0.708,67680800,0.707,80065800,0.706,71647500,0.705,50444900,0.704,29136900,0.709,81575100,0.71,84331800,0.711,48390800,0.712,42386700,0.713,34169200,361,100,0
sh513130,09:35:17,1765935319737,5405.87,0.9045,3.6163,0.709,0.7081,0.1271,618300,438374,0.709,0.708,71571000,0.707,80062800,0.706,71656500,0.705,50265800,0.704,29148100,0.709,35750300,0.71,93347400,0.711,78009200,0.712,48648700,0.713,34179200,1232,100,0
sh513130,09:35:20,1765935321739,5406.0,0.9045,2.3483,0.709,0.7088,0.0282,28155900,19962533,0.709,0.708,73602700,0.707,78010500,0.706,71671500,0.705,50220600,0.704,28047700,0.709,46194000,0.71,92336500,0.711,60488400,0.712,46191400,0.713,34189200,1343,100,0
sh513130,09:35:23,1765935324744,5405.96,0.9045,2.481,0.708,0.7088,-0.1129,678500,480969,0.7089,0.708,77947700,0.707,78062900,0.706,71687500,0.705,50257200,0.704,28047700,0.709,59845500,0.71,84476100,0.711,59498400,0.712,47690300,0.713,34189200,332,100,0
sh513130,09:35:26,1765935328770,5406.13,0.9045,4.0328,0.708,0.7088,-0.1129,173100,122725,0.709,0.708,79474000,0.707,77999400,0.706,71557500,0.705,50247200,0.704,28047700,0.709,45859300,0.71,84708100,0.711,60518400,0.712,47781300,0.713,34199200,205,100,0
sh513130,09:35:29,1765935330763,5405.51,0.9045,6.9915,0.709,0.7088,0.0282,9425000,6682321,0.709,0.709,9674200,0.708,78955000,0.707,76996900,0.706,71557500,0.705,50257200,0.71,93267300,0.711,81016500,0.712,48181300,0.713,34220200,0.714,41082700,30,100,0
sh513130,09:35:32,1765935333779,5407.07,0.9045,5.3175,0.709,0.7088,0.0282,12085600,8568690,0.709,0.708,80927900,0.707,77884300,0.706,71684600,0.705,50232200,0.704,28398900,0.709,20038800,0.71,86780000,0.711,62518400,0.712,53197600,0.713,34220200,865,100,0
sh513130,09:35:35,1765935337792,5407.11,0.9045,4.0879,0.708,0.7088,-0.1129,1049700,743968,0.7087,0.708,82277100,0.707,77181400,0.706,71439100,0.705,50282200,0.704,28405000,0.709,32538200,0.71,78593800,0.711,66018000,0.712,52797600,0.713,34260200,541,100,0
sh513130,09:35:38,1765935339788,5406.96,0.9045,4.1555,0.708,0.7088,-0.1129,323600,229359,0.7088,0.708,84289200,0.707,77166600,0.706,71469100,0.705,50184000,0.704,28405000,0.709,61804400,0.71,80346300,0.711,66031000,0.712,41280700,0.713,34311900,371,100,0
sh513130,09:35:41,1765935342784,5400.58,0.9045,1.9628,0.708,0.7088,-0.1129,17461100,12362607,0.708,0.707,82737400,0.706,83222800,0.705,59378100,0.704,31426000,0.703,28083500,0.708,18064900,0.709,65014300,0.71,77863700,0.711,63102000,0.712,35290700,352,100,0
sh513130,09:35:44,1765935345791,5399.29,0.9045,4.7336,0.708,0.7081,-0.0141,19469600,13784725,0.708,0.707,70784300,0.706,84117500,0.705,62748100,0.704,31426000,0.703,28083500,0.708,70040100,0.709,64851400,0.71,64914500,0.711,37822900,0.712,35366900,1164,100,0
sh513130,09:35:47,1765935349789,5396.41,0.9045,4.5183,0.707,0.7081,-0.1553,132200,93597,0.708,0.707,70852500,0.706,85009600,0.705,62762400,0.704,31528000,0.703,28083500,0.708,58066800,0.709,65577700,0.71,63195400,0.711,37390700,0.712,35366900,1311,100,0
sh513130,09:35:50,1765935351803,5397.33,0.9045,4.0528,0.708,0.7074,0.0848,112900,79934,0.708,0.707,71217200,0.706,86022700,0.705,62732400,0.704,31529000,0.703,28095500,0.708,85954200,0.709,61022200,0.71,64286700,0.711,29990700,0.712,34386900,1365,100,0
sh513130,09:35:53,1765935354860,5397.92,0.9045,3.4756,0.708,0.7074,0.0848,77200,54623,0.7076,0.707,71155400,0.706,86920400,0.705,62746400,0.704,31429000,0.703,28095500,0.708,86714100,0.709,63202100,0.71,63326700,0.711,29990700,0.712,34283600,194,100,0
sh513130,09:35:56,1765935357816,5397.25,0.9045,2.0656,0.708,0.7074,0.0848,163900,116041,0.708,0.707,66419400,0.706,87101600,0.705,62746400,0.704,31429000,0.703,28125500,0.708,87635600,0.709,65347000,0.71,62486400,0.711,29990700,0.712,34283600,977,100,0
sh513130,09:35:59,1765935360819,5397.74,0.9045,4.8587,0.707,0.7068,0.0283,168200,119050,0.7078,0.707,66290400,0.706,87992100,0.705,62737400,0.704,31329000,0.703,28130000,0.708,87463900,0.709,65928000,0.71,62117800,0.711,29990700,0.712,34283600,251,100,0
sh513130,09:36:02,1765935364819,5398.99,0.9045,5.0618,0.708,0.7068,0.1698,858700,607959,0.708,0.707,69601800,0.706,87856800,0.705,62879500,0.704,31329000,0.703,28141000,0.708,26760400,0.709,73538100,0.71,81727300,0.711,43269500,0.712,34310400,375,100,0
sh513130,09:36:05,1765935366823,5398.66,0.9045,3.5025,0.708,0.7074,0.0848,27615200,19551563,0.708,0.707,74648300,0.706,82463700,0.705,60899500,0.704,31329000,0.703,28141300,0.708,46527800,0.709,75648300,0.71,64691600,0.711,44773500,0.712,34362100,412,100,0
sh513130,09:36:08,1765935369838,5397.98,0.9045,1.9177,0.708,0.7074,0.0848,112000,79286,0.7079,0.707,73652900,0.706,82448700,0.705,62189500,0.704,31329000,0.703,28158700,0.708,87773200,0.709,70446400,0.71,64691600,0.711,30193800,0.712,34362100,1393,100,0
sh513130,09:36:11,1765935372814,5397.6,0.9045,2.3975,0.707,0.7081,-0.1553,366400,259358,0.7079,0.707,80759300,0.706,87455100,0.705,67194400,0.704,31332000,0.703,28158700,0.708,87590000,0.709,71146500,0.71,64322000,0.711,30193800,0.712,34362100,343,100,0
sh513130,09:36:14,1765935375827,5397.43,0.9045,1.8637,0.708,0.7074,0.0848,104100,73703,0.708,0.707,81571000,0.706,88222700,0.705,67206400,0.704,31332000,0.703,28160700,0.708,87609600,0.709,71230600,0.71,63332000,0.711,30192800,0.712,34362100,1429,100,0
sh513130,09:36:17,1765935378808,5397.35,0.9045,2.4341,0.708,0.7074,0.0848,77900,55088,0.7072,0.707,81274400,0.706,88330800,0.705,68214400,0.704,31332000,0.703,28160700,0.708,87827400,0.709,71154500,0.71,63190600,0.711,30192800,0.712,34362100,191,100,0
sh513130,09:36:20,1765935381803,5397.38,0.9045,2.3259,0.707,0.7074,-0.0565,33100,23414,0.7074,0.707,82173800,0.706,88313900,0.705,68306000,0.704,31632000,0.703,28160700,0.708,73067600,0.709,77416100,0.71,62606000,0.711,39214600,0.712,34372100,1015,100,0
sh513130,09:36:23,1765935384801,5398.09,0.9045,2.0279,0.707,0.7074,-0.0565,911900,645561,0.7079,0.707,84134800,0.706,87829800,0.705,67316000,0.704,31602300,0.703,28174700,0.708,57397500,0.709,77416200,0.71,62606000,0.711,39170500,0.712,34372200,343,100,0
sh513130,09:36:26,1765935388818,5397.6,0.9045,2.5405,0.708,0.7074,0.0848,786100,556559,0.708,0.707,80056200,0.706,82827700,0.705,62318700,0.704,31602300,0.703,28174700,0.708,68790700,0.709,72305600,0.71,58136700,0.711,37147400,0.712,34378400,356,100,0
sh513130,09:36:29,1765935390819,5398.68,0.9045,2.503,0.707,0.7074,-0.0565,999800,707553,0.7077,0.707,80832300,0.706,82849700,0.705,62316700,0.704,31602800,0.703,28194700,0.708,68519700,0.709,72579800,0.71,58136700,0.711,37147400,0.712,34290500,386,100,0
sh513130,09:36:32,1765935393820,5396.86,0.9045,2.5118,0.707,0.7074,-0.0565,101900,72124,0.7078,0.707,80118500,0.706,82920300,0.705,63306700,0.704,31602800,0.703,28194700,0.708,64725400,0.709,73046600,0.71,58185200,0.711,42695700,0.712,34290500,7,100,0
sh513130,09:36:35,1765935398818,5394.31,0.9045,4.4508,0.708,0.7074,0.0848,111000,78587,0.708,0.707,69919700,0.706,83705300,0.705,63306700,0.704,41642800,0.703,28194700,0.708,82879700,0.709,67136900,0.71,57225200,0.711,30457400,0.712,34290500,397,100,0
sh513130,09:36:38,1765935400816,5394.32,0.9045,4.1908,0.707,0.7074,-0.0565,126600,89518,0.7071,0.707,70878100,0.706,83615900,0.705,63345300,0.704,31642800,0.703,29211700,0.708,86981200,0.709,67236900,0.71,56235200,0.711,30764200,0.712,34290500,314,100,0
sh513130,09:36:41,1765935402816,5394.77,0.9045,3.345,0.708,0.7074,0.0848,201100,142299,0.7076,0.707,62414500,0.706,94144000,0.705,63349800,0.704,41642800,0.703,28181700,0.708,87577100,0.709,67364800,0.71,56424600,0.711,30864200,0.712,34350900,319,100,0
sh513130,09:36:44,1765935405823,5394.93,0.9045,3.4418,0.708,0.7074,0.0848,260600,184335,0.7073,0.707,80990300,0.706,86746100,0.705,63292300,0.704,31372400,0.703,28181700,0.708,87435100,0.709,67374800,0.71,56426600,0.711,30852200,0.712,34360900,1153,100,0
sh513130,09:36:47,1765935409822,5394.74,0.9045,2.7205,0.707,0.7074,-0.0565,256800,181711,0.7076,0.707,81135200,0.706,87154900,0.705,63354700,0.704,31374400,0.703,28275700,0.708,87703000,0.709,67514900,0.71,56476600,0.711,30852200,0.712,34360900,809,100,0
sh513130,09:36:50,1765935411828,5395.04,0.9045,2.5924,0.708,0.7074,0.0848,25000,17700,0.708,0.707,81166300,0.706,88092500,0.705,63413700,0.704,31413100,0.703,28345600,0.708,88955400,0.709,67509400,0.71,56475200,0.711,30852200,0.712,34369900,619,100,0
sh513130,09:36:53,1765935415815,5394.49,0.9045,0.473,0.707,0.7074,-0.0565,91500,64702,0.7071,0.707,71364200,0.706,89382200,0.705,62624700,0.704,41413100,0.703,28345600,0.708,89199700,0.709,67511400,0.71,56475200,0.711,30877800,0.712,34868500,284,100,0
sh513130,09:36:56,1765935418793,5392.78,0.9045,0.9031,0.708,0.7074,0.0848,121000,85656,0.7079,0.707,62985000,0.706,98704000,0.705,61624700,0.704,41413100,0.703,28345600,0.708,89451200,0.709,67792100,0.71,56475200,0.711,31464000,0.712,34868500,392,100,0
sh513130,09:36:59,1765935420792,5393.2,0.9045,1.15,0.708,0.7074,0.0848,8800,6230,0.708,0.707,63468900,0.706,99643600,0.705,61627600,0.704,41406000,0.703,28285600,0.708,90086600,0.709,67893800,0.71,55385200,0.711,31461700,0.712,34875500,344,100,0
sh513130,09:37:02,1765935423803,5393.85,0.9045,1.1892,0.708,0.7074,0.0848,36900,26089,0.707,0.707,72287400,0.706,92110800,0.705,61627600,0.704,41406000,0.703,28286300,0.708,95160300,0.709,68647900,0.71,55399200,0.711,31461700,0.712,34885500,549,100,0
sh513130,09:37:05,1765935427789,5393.45,0.9045,1.2587,0.707,0.7074,-0.0565,341300,241322,0.7071,0.707,75357300,0.706,101403400,0.705,61634700,0.704,41406000,0.703,28286300,0.708,95345200,0.709,68773000,0.71,55392200,0.711,31471700,0.712,34858400,1375,100,0
sh513130,09:37:08,1765935429799,5393.39,0.9045,2.7507,0.707,0.7074,-0.0565,81600,57718,0.7073,0.707,50224000,0.706,101429800,0.705,90611800,0.704,41897300,0.703,28286300,0.708,94571700,0.709,68792100,0.71,55428900,0.711,31471700,0.712,34858400,1240,100,0
sh513130,09:37:11,1765935433807,5392.42,0.9045,1.9312,0.708,0.7074,0.0848,3993400,2823783,0.7071,0.707,28388500,0.706,98440900,0.705,90611800,0.704,42297300,0.703,31286300,0.708,94184000,0.709,68792100,0.71,55428900,0.711,31471700,0.712,34815900,897,100,0
sh513130,09:37:14,1765935435807,5392.28,0.9045,3.1319,0.707,0.7068,0.0283,438500,310025,0.707,0.707,35598300,0.706,98445000,0.705,91512700,0.704,42299700,0.703,31286300,0.708,94035800,0.709,69485200,0.71,55433900,0.711,31471700,0.712,34825900,719,100,0
sh513130,09:37:17,1765935439828,5392.49,0.9045,3.993,0.707,0.7068,0.0283,668100,472362,0.707,0.707,54956200,0.706,98417200,0.705,92411800,0.704,41899700,0.703,31286600,0.708,94237700,0.709,69456900,0.71,55433900,0.711,31471700,0.712,34872400,408,100,0
sh513130,09:37:20,1765935443822,5393.88,0.9045,4.5525,0.707,0.7068,0.0283,128300,90727,0.7071,0.707,68479700,0.706,98139400,0.705,91529100,0.704,41949700,0.703,31286600,0.708,96047400,0.709,70274300,0.71,55765500,0.711,31471700,0.712,34872400,1375,100,0
sh513130,09:37:23,1765935444838,5393.29,0.9045,4.0507,0.708,0.7068,0.1698,154800,109454,0.7071,0.707,69250800,0.706,98160400,0.705,90633800,0.704,41949700,0.703,31266900,0.708,96295800,0.709,70338700,0.71,55765500,0.711,31471700,0.712,34872400,426,100,0
sh513130,09:37:26,1765935448831,5394.82,0.9045,5.4826,0.707,0.7074,-0.0565,98200,69438,0.7071,0.707,70583200,0.706,98160400,0.705,90664500,0.704,41949700,0.703,31266900,0.708,96235400,0.709,70410700,0.71,55765500,0.711,31471700,0.712,34872400,416,100,0
sh513130,09:37:29,1765935450826,5393.98,0.9045,6.1507,0.707,0.7074,-0.0565,560300,396287,0.7073,0.707,72018300,0.706,101170300,0.705,90694800,0.704,41949700,0.703,28267300,0.708,97194400,0.709,70560700,0.71,55846100,0.711,31471700,0.712,34872400,344,100,0
sh513130,09:37:32,1765935454824,5394.95,0.9045,6.757,0.708,0.7074,0.0848,2700,1912,0.7081,0.707,97346500,0.706,97942200,0.705,95694800,0.704,31949700,0.703,28267300,0.708,101717700,0.709,75641300,0.71,61836100,0.711,31471700,0.712,34872400,143,100,0
sh513130,09:37:35,1765935456833,5394.56,0.9045,6.8637,0.708,0.7074,0.0848,94300,66674,0.707,0.707,88490400,0.706,98314300,0.705,95694800,0.704,41949700,0.703,28283800,0.708,101928300,0.709,75978300,0.71,61846100,0.711,31527200,0.712,34872400,376,100,0
sh513130,09:37:38,1765935460845,5395.08,0.9045,4.4202,0.708,0.7074,0.0848,187200,132356,0.707,0.707,99658600,0.706,98374300,0.705,95736300,0.704,31949700,0.703,28283800,0.708,102230100,0.709,76077000,0.71,61846100,0.711,31527200,0.712,34872400,454,100,0
sh513130,09:37:41,1765935462840,5394.86,0.9045,3.3449,0.707,0.7074,-0.0565,10000,7070,0.707,0.707,99469400,0.706,98384300,0.705,94994100,0.704,31950200,0.703,28283800,0.708,103090000,0.709,76268500,0.71,61845700,0.711,31527200,0.712,34892400,460,100,0
sh513130,09:37:44,1765935465847,5395.24,0.9045,2.3501,0.707,0.7074,-0.0565,84200,59529,0.707,0.707,99974800,0.706,98525600,0.705,94994100,0.704,31955200,0.703,28334300,0.708,103360800,0.709,76314900,0.71,62840700,0.711,31537200,0.712,34779300,313,100,0
sh513130,09:37:47,1765935468838,5394.49,0.9045,2.2993,0.708,0.7074,0.0848,61700,43627,0.7071,0.707,82457200,0.706,106925600,0.705,94979600,0.704,42455200,0.703,28334400,0.708,103850900,0.709,76314900,0.71,61850700,0.711,31537200,0.712,34779300,452,100,0
sh513130,09:37:50,1765935471844,5395.17,0.9045,1.2408,0.707,0.7074,-0.0565,133000,94139,0.7078,0.707,83403100,0.706,106931600,0.705,95039600,0.704,42455200,0.703,28334400,0.708,103811100,0.709,76436600,0.71,61850700,0.711,31537200,0.712,34804800,945,100,0
sh513130,09:37:53,1765935474845,5394.26,0.9045,3.5371,0.708,0.7074,0.0848,451400,319250,0.7072,0.707,70853100,0.706,106951600,0.705,94984600,0.704,42455200,0.703,28335500,0.708,104852900,0.709,76516500,0.71,60860700,0.711,31537200,0.712,34804800,423,100,0
sh513130,09:37:56,1765935477839,5392.23,0.9045,0.6028,0.708,0.7074,0.0848,818000,578799,0.7076,0.707,41727300,0.706,107003700,0.705,95038100,0.704,47455200,0.703,29625500,0.708,104714500,0.709,76688200,0.71,60884200,0.711,31460900,0.712,34804800,1428,100,0
sh513130,09:37:59,1765935480811,5392.56,0.9045,2.2068,0.707,0.7074,-0.0565,3187100,2253314,0.707,0.707,25701300,0.706,103948700,0.705,95038100,0.704,47456500,0.703,32626900,0.708,104849400,0.709,76688200,0.71,60884200,0.711,31460900,0.712,34827800,411,100,0
sh513130,09:37:56,1765935481811,5392.56,0.9045,2.1546,0.708,0.7074,0.0848,0,0,0.708,0.707,41727300,0.706,107003700,0.705,95038100,0.704,47455200,0.703,29625500,0.708,104714500,0.709,76688200,0.71,60884200,0.711,31460900,0.712,34804800,882,100,1
sh513130,09:37:59,1765935482815,5391.51,0.9045,1.8605,0.707,0.7074,-0.0565,3187100,2253314,0.707,0.707,25701300,0.706,103948700,0.705,95038100,0.704,47456500,0.703,32626900,0.708,104849400,0.709,76688200,0.71,60884200,0.711,31460900,0.712,34827800,412,100,0
sh513130,09:38:02,1765935484808,5391.89,0.9045,1.016,0.707,0.7074,-0.0565,27340700,19329865,0.707,0.706,106204100,0.705,98987200,0.704,47856500,0.703,32656900,0.702,29410600,0.707,13521600,0.708,93256300,0.709,74086400,0.71,40885300,0.711,31546000,410,100,0
sh513130,09:38:05,1765935487788,5391.18,0.9045,1.3002,0.707,0.7068,0.0283,6824000,4824568,0.707,0.706,105116900,0.705,99830800,0.704,48846500,0.703,32656900,0.702,29410700,0.707,49535600,0.708,91362500,0.709,64110400,0.71,30752700,0.711,31546000,524,100,0
sh513130,09:38:08,1765935489792,5391.42,0.9045,0.4674,0.707,0.7068,0.0283,25900,18311,0.707,0.706,105129900,0.705,100739800,0.704,48846500,0.703,32656900,0.702,29412700,0.707,40617700,0.708,91678300,0.709,64107600,0.71,40508700,0.711,31546000,309,100,0
sh513130,09:38:11,1765935492804,5391.26,0.9045,1.6654,0.707,0.7068,0.0283,29500,20832,0.7062,0.706,104760800,0.705,101635700,0.704,48846500,0.703,32656700,0.702,29412700,0.707,28718000,0.708,91298000,0.709,64117600,0.71,40561700,0.711,31546000,283,100,0
sh513130,09:38:14,1765935496880,5391.1,0.9045,2.8672,0.707,0.7068,0.0283,1238400,874548,0.7062,0.706,103638100,0.705,102564600,0.704,48846500,0.703,32671900,0.702,29412700,0.707,43393300,0.708,89381100,0.709,64354500,0.71,40342800,0.711,31546000,485,100,0
sh513130,09:38:17,1765935499780,5391.83,0.9045,3.6063,0.706,0.7068,-0.1132,723400,510774,0.7061,0.706,103045800,0.705,103463500,0.704,49014900,0.703,32685600,0.702,29412700,0.707,47481700,0.708,87804800,0.709,64492800,0.71,40354100,0.711,31546000,1332,100,0
sh513130,09:38:20,1765935502784,5390.56,0.9045,2.2576,0.707,0.7068,0.0283,92300,65227,0.7067,0.706,103044300,0.705,104364000,0.704,49026900,0.703,32681900,0.702,29417700,0.707,48132400,0.708,87968000,0.709,64602700,0.71,40509100,0.711,31562000,304,100,0
sh513130,09:38:23,1765935505768,5391.57,0.9045,1.8403,0.707,0.7068,0.0283,38500,27220,0.707,0.706,103044000,0.705,105262900,0.704,49026900,0.703,32686900,0.702,29447700,0.707,50720600,0.708,87969800,0.709,65345200,0.71,40556100,0.711,31562200,1076,100,0
sh513130,09:38:26,1765935508777,5391.91,0.9045,2.8016,0.707,0.7068,0.0283,2353100,1663641,0.707,0.706,103344900,0.705,106169000,0.704,49061300,0.703,32686900,0.702,29579700,0.707,36175600,0.708,88842400,0.709,65345200,0.71,40560300,0.711,31592200,335,100,0
sh513130,09:38:29,1765935510767,5391.5,0.9045,3.3551,0.706,0.7068,-0.1132,77400,54645,0.706,0.706,103235800,0.705,107267900,0.704,49149500,0.703,32687900,0.702,29609700,0.707,49580200,0.708,87650500,0.709,65585800,0.71,40560500,0.711,31592200,287,100,0
sh513130,09:38:32,1765935513761,5392.6,0.9045,3.1706,0.707,0.7068,0.0283,145200,102572,0.7064,0.706,103607000,0.705,108298900,0.704,49289700,0.703,32690100,0.702,29619700,0.707,51330400,0.708,87268300,0.709,65903100,0.71,40560500,0.711,31528200,414,100,0
sh513130,09:38:35,1765935516763,5391.46,0.9045,3.4981,0.707,0.7068,0.0283,85400,60321,0.7063,0.706,104000300,0.705,108308900,0.704,49289700,0.703,32690100,0.702,29631900,0.707,19803500,0.708,88034500,0.709,66248800,0.71,40573500,0.711,31538200,321,100,0
sh513130,09:38:38,1765935519755,5391.54,0.9045,2.3555,0.707,0.7068,0.0283,21111500,14925830,0.707,0.707,62217500,0.706,107103400,0.705,97291600,0.704,38317600,0.703,29669400,0.708,87720300,0.709,67251400,0.71,40973500,0.711,31538200,0.712,38916500,1354,100,0
sh513130,09:38:41,1765935522761,5396.69,0.9045,3.6482,0.707,0.7068,0.0283,4832800,3416790,0.707,0.707,82724200,0.706,89377400,0.705,97345100,0.704,32917100,0.703,29869400,0.708,75978800,0.709,67252400,0.71,47929500,0.711,31538200,0.712,38966500,323,100,0
sh513130,09:38:44,1765935526755,5397.26,0.9045,2.7826,0.707,0.7075,-0.0707,1024300,724190,0.707,0.707,87713300,0.706,89593900,0.705,95686700,0.704,32917100,0.703,29869400,0.708,75169400,0.709,65920500,0.71,49919500,0.711,31543200,0.712,38966500,272,100,0
sh513130,09:38:47,1765935528752,5397.86,0.9045,2.6555,0.708,0.7075,0.0707,250400,177067,0.7071,0.707,89723900,0.706,89591500,0.705,95686700,0.704,32959100,0.703,29876900,0.708,64317900,0.709,72011500,0.71,50909500,0.711,39143200,0.712,38966500,187,100,0
sh513130,09:38:50,1765935531756,5397.07,0.9045,4.4358,0.707,0.7075,-0.0707,251500,177905,0.7074,0.707,90036800,0.706,89804000,0.705,95688700,0.704,33129500,0.703,31675900,0.708,68948100,0.709,65655400,0.71,50909500,0.711,40379200,0.712,38995700,1018,100,0
sh513130,09:38:53,1765935534734,5397.96,0.9045,3.5878,0.707,0.7075,-0.0707,162000,114581,0.7073,0.707,91055400,0.706,90815100,0.705,95709300,0.704,33129700,0.703,31675900,0.708,61187200,0.709,71715400,0.71,50909500,0.711,43189200,0.712,38995700,273,100,0
sh513130,09:38:56,1765935538733,5397.64,0.9045,2.4883,0.707,0.7074,-0.0565,429400,303906,0.7077,0.707,90399300,0.706,90822100,0.705,95710300,0.704,33129700,0.703,31675900,0.708,87886900,0.709,65864100,0.71,43159200,0.711,32437200,0.712,38995700,204,100,0
sh513130,09:38:59,1765935540718,5397.22,0.9045,1.8195,0.708,0.7074,0.0848,111900,79225,0.708,0.707,92155400,0.706,90912100,0.705,96700300,0.704,33129700,0.703,31685900,0.708,87390900,0.709,65909400,0.71,43167200,0.711,32437200,0.712,39000700,285,100,0
sh513130,09:39:02,1765935543721,5396.28,0.9045,2.912,0.707,0.7074,-0.0565,50000,35350,0.707,0.707,73637700,0.706,99491400,0.705,96727000,0.704,43130700,0.703,31685900,0.708,88074000,0.709,65986900,0.71,42390300,0.711,32337200,0.712,39000700,62,100,0
sh513130,09:39:05,1765935546716,5393.37,0.9045,1.3768,0.707,0.7074,-0.0565,16401600,11595937,0.707,0.706,99137200,0.705,98817200,0.704,43555700,0.703,34685900,0.702,30516300,0.707,25460000,0.708,89080800,0.709,65026700,0.71,41481400,0.711,32337200,173,100,0
sh513130,09:39:08,1765935550707,5391.78,0.9045,2.8739,0.706,0.7074,-0.1979,20694300,14630868,0.707,0.706,100189400,0.705,98817300,0.704,49695700,0.703,34685900,0.702,30516300,0.707,570200,0.708,88086400,0.709,66317200,0.71,41553900,0.711,32337200,270,100,0
sh513130,09:39:11,1765935552696,5392.03,0.9045,2.1954,0.707,0.7074,-0.0565,755200,533396,0.7063,0.706,97588400,0.705,98818300,0.704,49695700,0.703,34715900,0.702,30516300,0.707,48145900,0.708,86488500,0.709,66112700,0.71,31249400,0.711,32192800,158,100,0
sh513130,09:39:14,1765935556681,5392.1,0.9045,2.7003,0.707,0.7068,0.0283,1655900,1170313,0.7068,0.706,97179500,0.705,98948700,0.704,50685500,0.703,34715900,0.702,30550300,0.707,51111400,0.708,86523300,0.709,65565100,0.71,31250200,0.711,32192800,210,100,0
sh513130,09:39:17,1765935559680,5391.82,0.9045,2.9102,0.707,0.7068,0.0283,6084300,4301600,0.707,0.707,742300,0.706,99268400,0.705,97981000,0.704,49695500,0.703,34751800,0.708,88863400,0.709,66555100,0.71,40898500,0.711,32012400,0.712,39298600,665,100,0
sh513130,09:39:20,1765935562677,5392.41,0.9045,2.4705,0.707,0.7068,0.0283,2560000,1809935,0.707,0.707,14566800,0.706,101768300,0.705,98984500,0.704,48312700,0.703,32760700,0.708,89101900,0.709,67141300,0.71,41298500,0.711,32012400,0.712,39298600,224,100,0
sh513130,09:39:23,1765935564677,5393.01,0.9045,2.3367,0.707,0.7068,0.0283,327900,231830,0.707,0.707,7863200,0.706,101792300,0.705,99471600,0.704,43312700,0.703,32760700,0.708,89451800,0.709,67141300,0.71,41298500,0.711,32022400,0.712,39298600,220,100,0
sh513130,09:39:26,1765935567662,5392.35,0.9045,2.2369,0.707,0.7074,-0.0565,2634700,1862733,0.707,0.706,100756100,0.705,99478700,0.704,48720700,0.703,34774900,0.702,30550300,0.707,52263600,0.708,89929700,0.709,65646400,0.71,41344300,0.711,26058600,1253,100,0
sh513130,09:39:29,1765935571632,5391.49,0.9045,2.453,0.707,0.7074,-0.0565,24700,17463,0.707,0.706,101204900,0.705,99738900,0.704,49710700,0.703,34794900,0.702,30553700,0.707,60607700,0.708,90967700,0.709,64826000,0.71,31388700,0.711,26058600,1146,100,0
sh513130,09:39:32,1765935573631,5391.43,0.9045,3.0112,0.707,0.7074,-0.0565,906100,640301,0.7067,0.706,100816200,0.705,99737900,0.704,49710700,0.703,34809100,0.702,30553700,0.707,74307400,0.708,84670500,0.709,56836000,0.71,31388700,0.711,26058600,984,100,0
sh513130,09:39:35,1765935577624,5390.22,0.9045,-0.2868,0.707,0.7068,0.0283,138200,97624,0.7064,0.706,99409400,0.705,99757400,0.704,50714900,0.703,34809100,0.702,31584900,0.707,77735100,0.708,84062500,0.709,55856000,0.71,31389700,0.711,26058600,1116,100,0
sh513130,09:39:38,1765935579608,5390.47,0.9045,2.2163,0.706,0.7068,-0.1132,61500,43431,0.7062,0.706,101251000,0.705,99757400,0.704,50739700,0.703,34809100,0.702,31585100,0.707,66711200,0.708,89753100,0.709,63856000,0.71,26386100,0.711,26068600,1017,100,0
sh513130,09:39:41,1765935583610,5390.46,0.9045,2.1897,0.707,0.7068,0.0283,159600,112784,0.7067,0.706,102253600,0.705,99857400,0.704,50739700,0.703,34809100,0.702,31602600,0.707,77934100,0.708,84585400,0.709,63801000,0.71,26374900,0.711,26068600,676,100,0
sh513130,09:39:44,1765935587582,5390.08,0.9045,2.9737,0.706,0.7068,-0.1132,836700,590710,0.706,0.706,102489200,0.705,99915700,0.704,50697700,0.703,34809100,0.702,31592600,0.707,87075600,0.708,84422100,0.709,56801000,0.71,26374900,0.711,26068600,307,100,0
sh513130,09:39:47,1765935588580,5389.62,0.9045,2.9737,0.707,0.7068,0.0283,14200,10040,0.707,0.706,103390600,0.705,100035800,0.704,50697700,0.703,34809100,0.702,31612600,0.707,89315700,0.708,84464700,0.709,56801000,0.71,26374900,0.711,26068600,56,100,0
sh513130,09:39:50,1765935591578,5388.48,0.9045,0.9171,0.707,0.7068,0.0283,130100,91923,0.7066,0.706,104245300,0.705,100035500,0.704,50689700,0.703,34809100,0.702,31612600,0.707,72653600,0.708,90481400,0.709,63801000,0.71,26374900,0.711,26083600,1090,100,0
sh513130,09:39:53,1765935595547,5389.68,0.9045,2.121,0.706,0.7068,-0.1132,23200,16383,0.7062,0.706,104296000,0.705,99481300,0.704,50511800,0.703,34840900,0.702,31606800,0.707,78695000,0.708,91174200,0.709,63807200,0.71,26374900,0.711,26083600,1076,100,0
sh513130,09:39:56,1765935598514,5389.85,0.9045,2.0006,0.707,0.7068,0.0283,314500,222293,0.7068,0.706,104019600,0.705,100403900,0.704,50511800,0.703,34850900,0.702,31606800,0.707,78854800,0.708,91174200,0.709,64182600,0.71,26373900,0.711,26173600,55,100,0
sh513130,09:39:59,1765935600498,5389.59,0.9045,1.6765,0.706,0.7068,-0.1132,480600,339351,0.7061,0.706,103970900,0.705,101378900,0.704,50532300,0.703,34899600,0.702,31606800,0.707,79763700,0.708,85142300,0.709,64182600,0.71,26373900,0.711,26173600,16,100,0
sh513130,09:40:02,1765935604512,5389.51,0.9045,3.303,0.707,0.7068,0.0283,36000,25421,0.7061,0.706,103957700,0.705,102277800,0.704,50532300,0.703,34899600,0.702,31616800,0.707,85115000,0.708,85126600,0.709,64118000,0.71,26383900,0.711,26158600,87,100,0
sh513130,09:40:05,1765935607494,5389.14,0.9045,2.0262,0.707,0.7068,0.0283,26200,18522,0.7069,0.706,103997400,0.705,103192400,0.704,50532300,0.703,34899600,0.702,31616800,0.707,72659400,0.708,91327900,0.709,64118000,0.71,28219300,0.711,26158600,631,100,0
sh513130,09:40:08,1765935609488,5389.27,0.9045,2.708,0.706,0.7068,-0.1132,106200,75008,0.7063,0.706,104014900,0.705,104146600,0.704,50532300,0.703,34912600,0.702,31616900,0.707,81667100,0.708,85345400,0.709,64120000,0.71,32729300,0.711,26158600,440,100,0
sh513130,09:40:11,1765935613487,5388.77,0.9045,2.1755,0.707,0.7068,0.0283,186100,131417,0.7062,0.706,103870100,0.705,106070600,0.704,50567300,0.703,34912600,0.702,32216700,0.707,95213600,0.708,85183400,0.709,57051500,0.71,27719300,0.711,26158600,83,100,0
sh513130,09:40:14,1765935617478,5387.1,0.9045,3.222,0.707,0.7068,0.0283,52500,37098,0.7066,0.706,103011600,0.705,106078500,0.704,51557300,0.703,35312600,0.702,32216700,0.707,93519500,0.708,84455500,0.709,56065000,0.71,30708100,0.711,26309200,974,100,0
sh513130,09:40:17,1765935618479,5387.02,0.9045,3.162,0.707,0.7068,0.0283,83100,58704,0.7064,0.706,103473300,0.705,107939100,0.704,51608700,0.703,35312600,0.702,32515300,0.707,98775100,0.708,84159900,0.709,56655200,0.71,27708100,0.711,26309200,87,100,0
sh513130,09:40:20,1765935622464,5390.98,0.9045,6.8039,0.707,0.7068,0.0283,1967400,1390886,0.707,0.706,105104200,0.705,108041100,0.704,50618700,0.703,34917600,0.702,32530300,0.707,20519800,0.708,90054900,0.709,63315600,0.71,40889200,0.711,30258000,79,100,0
sh513130,09:40:23,1765935625466,5392.56,0.9045,6.8058,0.707,0.7068,0.0283,19631300,13879329,0.707,0.707,58029900,0.706,110281800,0.705,99130300,0.704,48638700,0.703,32918600,0.708,90014900,0.709,66815600,0.71,46789200,0.711,30258000,0.712,35506100,853,100,0
sh513130,09:40:26,1765935628469,5393.53,0.9045,5.6683,0.707,0.7068,0.0283,8582700,6067969,0.707,0.707,51305100,0.706,111374700,0.705,100033200,0.704,48271100,0.703,31919600,0.708,91303000,0.709,66815600,0.71,46804200,0.711,30258000,0.712,35506100,9,100,0
sh513130,09:40:29,1765935631456,5394.7,0.9045,5.3079,0.707,0.7068,0.0283,676100,478150,0.7072,0.707,71598100,0.706,103284900,0.705,98113300,0.704,38270500,0.703,31920100,0.708,90633700,0.709,67815600,0.71,47794200,0.711,30248000,0.712,35506100,624,100,0
sh513130,09:40:32,1765935634446,5401.51,0.9045,8.9469,0.708,0.7068,0.1698,3150200,2230328,0.708,0.707,85090500,0.706,103581700,0.705,98213400,0.704,30280500,0.703,32488900,0.708,19231400,0.709,73835900,0.71,90285000,0.711,44404000,0.712,35508100,70,100,0
sh513130,09:40:35,1765935637442,5402.07,0.9045,8.4445,0.708,0.7075,0.0707,17601700,12461995,0.708,0.708,39431400,0.707,93123300,0.706,94296700,0.705,67385900,0.704,30281000,0.709,76270300,0.71,93784000,0.711,44404000,0.712,35529100,0.713,35316700,97,100,0
sh513130,09:40:38,1765935639458,5402.67,0.9045,7.8643,0.708,0.7075,0.0707,605800,428906,0.708,0.708,63961900,0.707,85453700,0.706,93311200,0.705,67039900,0.704,30290500,0.709,74343600,0.71,93794000,0.711,46384000,0.712,35629100,0.713,35316700,1028,100,0
sh513130,09:40:41,1765935643432,5403.85,0.9045,5.5802,0.708,0.7082,-0.0282,1119800,793818,0.7089,0.708,52516100,0.707,93932900,0.706,93327700,0.705,72055000,0.704,30300500,0.709,73362600,0.71,93630900,0.711,46437000,0.712,35629100,0.713,35316700,966,100,0
sh513130,09:40:44,1765935646432,5404.68,0.9045,4.2266,0.708,0.7082,-0.0282,64100,45397,0.7082,0.708,72424100,0.707,86088800,0.706,92723300,0.705,62075000,0.704,30317300,0.709,73416600,0.71,93783900,0.711,46437000,0.712,36029100,0.713,35316700,61,100,0
sh513130,09:40:47,1765935650401,5405.11,0.9045,3.5214,0.708,0.7082,-0.0282,989400,700796,0.7083,0.708,73669900,0.707,85642400,0.706,92629800,0.705,62085300,0.704,30317600,0.709,73695800,0.71,93783900,0.711,46289400,0.712,36029100,0.713,35316700,34,100,0
sh513130,09:40:50,1765935652393,5404.55,0.9045,3.5161,0.708,0.7082,-0.0282,915200,648154,0.7082,0.708,77693300,0.707,86269500,0.706,91768800,0.705,62060300,0.704,30317600,0.709,72796200,0.71,93068900,0.711,47269400,0.712,36049100,0.713,35316700,19,100,0
sh513130,09:40:53,1765935656387,5403.66,0.9045,1.3021,0.709,0.7082,0.113,74200,52584,0.7087,0.708,79966400,0.707,87654600,0.706,91568400,0.705,62072700,0.704,30317600,0.709,72812400,0.71,93019100,0.711,47269400,0.712,36049100,0.713,35316700,4,100,0
sh513130,09:40:56,1765935658385,5403.66,0.9045,0.0254,0.709,0.7081,0.1271,381300,270241,0.7087,0.708,77389700,0.707,96761100,0.706,92168400,0.705,62079700,0.704,30317600,0.709,74020200,0.71,93024100,0.711,46279400,0.712,36139100,0.713,35316700,1384,100,0
sh513130,09:40:59,1765935660372,5404.22,0.9045,1.1002,0.708,0.7081,-0.0141,943700,669073,0.709,0.708,68656800,0.707,96727300,0.706,92166100,0.705,72093800,0.704,30317500,0.709,73744900,0.71,92996500,0.711,46302800,0.712,35739100,0.713,35316700,1020,100,0
sh513130,09:41:02,1765935665369,5404.26,0.9045,2.4606,0.709,0.7081,0.1271,339600,240754,0.7089,0.708,81265500,0.707,97290700,0.706,91396500,0.705,62098100,0.704,30337500,0.709,73423900,0.71,93006500,0.711,46302800,0.712,35739100,0.713,35316700,882,100,0
sh513130,09:41:05,1765935667369,5404.4,0.9045,2.0911,0.709,0.7081,0.1271,115600,81888,0.7084,0.708,91742100,0.707,89562800,0.706,91445000,0.705,62508300,0.704,30337500,0.709,74148400,0.71,92915500,0.711,46302800,0.712,35739100,0.713,35316700,918,100,0
sh513130,09:41:08,1765935670366,5404.56,0.9045,2.1199,0.708,0.7081,-0.0141,188800,133859,0.709,0.708,92753000,0.707,89776500,0.706,91498800,0.705,62548300,0.704,30337500,0.709,74091400,0.71,92952600,0.711,46302800,0.712,35739100,0.713,35316700,112,100,0
sh513130,09:41:11,1765935673371,5405.21,0.9045,1.7636,0.709,0.7081,0.1271,86700,61470,0.709,0.708,93292500,0.707,90405600,0.706,91533400,0.705,62548300,0.704,30338500,0.709,61083000,0.71,98902900,0.711,53302800,0.712,36326500,0.713,35320700,667,100,0
sh513130,09:41:14,1765935677342,5405.37,0.9045,1.3656,0.709,0.7081,0.1271,708900,502519,0.7089,0.708,93478800,0.707,92320100,0.706,90568400,0.705,62541200,0.704,30338500,0.709,65124700,0.71,93104300,0.711,53319500,0.712,36326500,0.713,35320700,673,100,0
sh513130,09:41:17,1765935679350,5405.89,0.9045,4.3356,0.709,0.7081,0.1271,58700,41604,0.7088,0.708,95889000,0.707,94892300,0.706,90276600,0.705,62541200,0.704,30338500,0.709,65829300,0.71,93114300,0.711,54355300,0.712,36538600,0.713,35320700,285,100,0
sh513130,09:41:20,1765935681343,5406.11,0.9045,4.0425,0.709,0.7081,0.1271,117100,83024,0.709,0.708,97292000,0.707,96145000,0.706,91133500,0.705,62284700,0.704,30338500,0.709,58784300,0.71,93295400,0.711,54369300,0.712,36691600,0.713,35323900,318,100,0
sh513130,09:41:23,1765935685338,5406.58,0.9045,2.8866,0.709,0.7081,0.1271,374600,265486,0.7087,0.708,97419800,0.707,81176900,0.706,90233500,0.705,62284700,0.704,30338500,0.709,76753200,0.71,93532900,0.711,47369300,0.712,36704600,0.713,35923900,897,100,0
sh513130,09:41:26,1765935688344,5406.94,0.9045,2.5277,0.708,0.7088,-0.1129,606200,429682,0.7088,0.708,96795200,0.707,82193200,0.706,90471200,0.705,62288800,0.704,30376500,0.709,76535600,0.71,93455800,0.711,47374300,0.712,36706600,0.713,35923900,805,100,0
sh513130,09:41:29,1765935690401,5406.86,0.9045,2.6419,0.709,0.7088,0.0282,530500,375741,0.7083,0.708,97395100,0.707,83260100,0.706,90471200,0.705,62288800,0.704,30390700,0.709,70051800,0.71,93515800,0.711,54394300,0.712,36847700,0.713,35923900,553,100,0
sh513130,09:41:32,1765935693339,5407.16,0.9045,1.6129,0.709,0.7088,0.0282,197300,139880,0.709,0.708,97626200,0.707,84472800,0.706,90425300,0.705,62288900,0.704,30390700,0.709,63099100,0.71,99731800,0.711,54501600,0.712,37862700,0.713,35973900,871,100,0
sh513130,09:41:35,1765935697339,5407.19,0.9045,1.8354,0.709,0.7088,0.0282,477000,338176,0.709,0.708,98238000,0.707,84098100,0.706,90435300,0.705,62228900,0.704,30390700,0.709,62676400,0.71,99789300,0.711,54501600,0.712,37855500,0.713,35983900,873,100,0
sh513130,09:41:38,1765935700327,5407.78,0.9045,4.4853,0.709,0.7088,0.0282,24284100,17217426,0.709,0.709,36487800,0.708,101371800,0.707,83091300,0.706,70429800,0.705,61178700,0.71,103985400,0.711,87401100,0.712,43107500,0.713,36004900,0.714,34579400,1679,100,0
sh513130,09:41:41,1765935703320,5409.26,0.9045,4.9389,0.709,0.7088,0.0282,438500,310967,0.7092,0.709,10976300,0.708,106712100,0.707,75141800,0.706,70002400,0.705,59256700,0.71,104070200,0.711,88946300,0.712,48122500,0.713,36004900,0.714,34536600,550,100,0
sh513130,09:41:44,1765935705335,5409.21,0.9045,4.1882,0.709,0.7088,0.0282,11729300,8316083,0.709,0.708,105438000,0.707,76798600,0.706,72975600,0.705,62256700,0.704,30331000,0.709,19397700,0.71,103217800,0.711,88946300,0.712,48127500,0.713,37004900,359,100,0
sh513130,09:41:47,1765935709333,5407.04,0.9045,3.5146,0.709,0.7088,0.0282,87500,62037,0.709,0.708,103809300,0.707,79057300,0.706,74419800,0.705,62246700,0.704,30331000,0.709,74106400,0.71,103543200,0.711,76955200,0.712,37475500,0.713,37006900,52,100,0
sh513130,09:41:50,1765935712334,5405.24,0.9045,4.7628,0.709,0.7088,0.0282,1139500,807906,0.709,0.708,103676900,0.707,80107900,0.706,74135500,0.705,62296700,0.704,30336100,0.709,87742600,0.71,97538200,0.711,67969200,0.712,37640500,0.713,37008300,863,100,0
sh513130,09:41:53,1765935715323,5405.28,0.9045,3.6691,0.709,0.7088,0.0282,1358200,962964,0.709,0.708,102839800,0.707,81005500,0.706,75316400,0.705,62273200,0.704,30336100,0.709,86820500,0.71,98152900,0.711,67969200,0.712,37640500,0.713,37029300,816,100,0
sh513130,09:41:56,1765935718313,5403.86,0.9045,2.4021,0.709,0.7088,0.0282,1270300,900543,0.7089,0.708,33737800,0.707,89200500,0.706,95362000,0.705,72273200,0.704,30286100,0.709,87613100,0.71,98100800,0.711,67008500,0.712,37680500,0.713,37029300,325,100,0
sh513130,09:41:59,1765935721316,5404.19,0.9045,2.4543,0.709,0.7081,0.1271,1684700,1194444,0.709,0.708,72292200,0.707,90148900,0.706,95392500,0.705,62279100,0.704,30286100,0.709,86214300,0.71,97728900,0.711,67008500,0.712,37680500,0.713,37229300,836,100,0
sh513130,09:42:02,1765935723310,5404.41,0.9045,2.5395,0.709,0.7081,0.1271,1508000,1069172,0.709,0.708,88551700,0.707,81928500,0.706,94275900,0.705,62350200,0.704,30286100,0.709,83802800,0.71,97831700,0.711,67998500,0.712,37681500,0.713,37329300,35,100,0
sh513130,09:42:05,1765935727275,5403.99,0.9045,4.3843,0.709,0.7081,0.1271,611600,433623,0.709,0.708,70048200,0.707,90585400,0.706,94196000,0.705,72364600,0.704,30286100,0.709,84384100,0.71,97815000,0.711,67214500,0.712,37681500,0.713,37329300,581,100,0
sh513130,09:42:08,1765935730258,5404.15,0.9045,3.8019,0.709,0.7081,0.1271,1131400,802143,0.709,0.708,90949400,0.707,82793500,0.706,95169100,0.705,61969600,0.704,30286100,0.709,84268300,0.71,97503700,0.711,68204500,0.712,37668700,0.713,37359300,1357,100,0
sh513130,09:42:11,1765935733260,5403.93,0.9045,2.7764,0.709,0.7081,0.1271,1076500,763218,0.709,0.708,93230300,0.707,83660000,0.706,94102100,0.705,62998400,0.704,30284700,0.709,83822100,0.71,97503700,0.711,68214100,0.712,37677900,0.713,37359300,831,100,0
sh513130,09:42:14,1765935736264,5403.6,0.9045,1.9382,0.708,0.7081,-0.0141,172800,122482,0.7088,0.708,97004200,0.707,83032100,0.706,94004900,0.705,62978400,0.704,30284700,0.709,83708300,0.71,97504700,0.711,68214100,0.712,37677900,0.713,37361300,785,100,0
sh513130,09:42:17,1765935739264,5404.8,0.9045,2.1863,0.709,0.7081,0.1271,1423200,1009048,0.709,0.708,98315200,0.707,83113100,0.706,94002300,0.705,62978400,0.704,30284700,0.709,82516200,0.71,97504700,0.711,68214100,0.712,37677900,0.713,37361300,825,100,0
sh513130,09:42:20,1765935742257,5404.94,0.9045,4.2629,0.709,0.7081,0.1271,915600,649114,0.7089,0.708,99708100,0.707,83119800,0.706,94409300,0.705,63083400,0.704,30278500,0.709,81782400,0.71,97789800,0.711,68206400,0.712,37722900,0.713,37365300,259,100,0
sh513130,09:42:23,1765935744262,5404.99,0.9045,3.2374,0.708,0.7081,-0.0141,1307700,927114,0.709,0.708,101030700,0.707,83758100,0.706,94559300,0.705,63377200,0.704,30278500,0.709,73808600,0.71,97600000,0.711,75000400,0.712,37742900,0.713,37373300,79,100,0
sh513130,09:42:26,1765935748262,5405.4,0.9045,3.1504,0.709,0.7081,0.1271,151200,107201,0.709,0.708,103244400,0.707,83833100,0.706,94609100,0.705,63377200,0.704,30228500,0.709,68167500,0.71,103696200,0.711,75000400,0.712,38042900,0.713,37673300,1804,100,0
sh513130,09:42:29,1765935751266,5406.03,0.9045,3.2098,0.709,0.7087,0.0423,32769800,23233786,0.709,0.709,6361200,0.708,104461400,0.707,83347300,0.706,93568500,0.705,63377300,0.71,104937000,0.711,78615000,0.712,43694900,0.713,37687100,0.714,35658900,567,100,0
sh513130,09:42:32,1765935755260,5408.33,0.9045,7.1924,0.709,0.7087,0.0423,407000,288563,0.709,0.709,36620500,0.708,107088300,0.707,83897900,0.706,73153900,0.705,63388600,0.71,104953200,0.711,78765000,0.712,48704900,0.713,37687100,0.714,35608900,222,100,0
sh513130,09:42:35,1765935757260,5409.13,0.9045,6.9279,0.709,0.7087,0.0423,581600,412379,0.709,0.709,58749800,0.708,103779300,0.707,80164700,0.706,63213500,0.705,60390800,0.71,102144200,0.711,78762000,0.712,49777400,0.713,38137100,0.714,35608900,47,100,0
sh513130,09:42:38,1765935760264,5409.41,0.9045,6.2182,0.71,0.7087,0.1834,38000,26946,0.7091,0.709,65564300,0.708,103727000,0.707,80610900,0.706,58219000,0.705,58410800,0.71,102825600,0.711,78762000,0.712,49776400,0.713,38137100,0.714,36608900,876,100,0
sh513130,09:42:41,1765935763258,5409.24,0.9045,5.4889,0.71,0.7094,0.0846,409600,290622,0.7095,0.709,61011800,0.708,112198400,0.707,80612000,0.706,57873000,0.705,58412700,0.71,102803100,0.711,78660800,0.712,49787000,0.713,38148200,0.714,36608900,766,100,0
sh513130,09:42:44,1765935766263,5408.84,0.9045,4.1613,0.71,0.7094,0.0846,245500,174288,0.7099,0.709,70643100,0.708,103780800,0.707,80619500,0.706,62870800,0.705,58410500,0.71,102970100,0.711,78660800,0.712,49698600,0.713,38318200,0.714,36608900,326,100,0
sh513130,09:42:47,1765935770286,5410.1,0.9045,2.3474,0.71,0.7094,0.0846,1089400,773078,0.7096,0.709,71530600,0.708,103723700,0.707,80283800,0.706,62830300,0.705,58406500,0.71,102438100,0.711,78666400,0.712,49748600,0.713,38318200,0.714,36683500,1610,100,0
sh513130,09:42:50,1765935771288,5410.07,0.9045,2.2063,0.71,0.7094,0.0846,1534900,1089779,0.71,0.709,73084500,0.708,104292400,0.707,80407800,0.706,63015800,0.705,58477500,0.71,93995800,0.711,78666400,0.712,56678600,0.713,38318200,0.714,36721600,297,100,0
sh513130,09:42:47,1765935772297,5410.07,0.9045,2.4248,0.71,0.7094,0.0846,0,0,0.71,0.709,71530600,0.708,103723700,0.707,80283800,0.706,62830300,0.705,58406500,0.71,102438100,0.711,78666400,0.712,49748600,0.713,38318200,0.714,36683500,1307,100,1
sh513130,09:42:50,1765935773299,5409.9,0.9045,2.3159,0.71,0.7094,0.0846,1534900,1089779,0.71,0.709,73084500,0.708,104292400,0.707,80407800,0.706,63015800,0.705,58477500,0.71,93995800,0.711,78666400,0.712,56678600,0.713,38318200,0.714,36721600,735,100,0
sh513130,09:42:53,1765935775286,5409.5,0.9045,2.9611,0.71,0.7094,0.0846,7145200,5073092,0.71,0.709,87224600,0.708,104609700,0.707,79474600,0.706,62960200,0.705,58487200,0.71,85722100,0.711,78516400,0.712,57615700,0.713,38346200,0.714,36799800,669,100,0
sh513130,09:42:56,1765935778293,5410.23,0.9045,1.9998,0.71,0.7094,0.0846,1563300,1109940,0.71,0.709,88349800,0.708,103186500,0.707,79600800,0.706,62972600,0.705,58458800,0.71,85332500,0.711,78533100,0.712,50687800,0.713,38380700,0.714,36812100,1496,100,0
sh513130,09:42:59,1765935781291,5411.55,0.9045,3.603,0.71,0.7101,-0.0141,9264700,6577930,0.71,0.709,88057300,0.708,101321900,0.707,79406300,0.706,62993500,0.705,58318800,0.71,51020700,0.711,84505500,0.712,70689000,0.713,38370700,0.714,36862800,141,100,0
sh513130,09:43:02,1765935785278,5411.52,0.9045,3.8152,0.71,0.7101,-0.0141,19062600,13534496,0.71,0.71,18457900,0.709,91283200,0.708,99928800,0.707,73604500,0.706,62833300,0.711,86572600,0.712,93216100,0.713,53126700,0.714,36888800,0.715,41639500,815,100,0
sh513130,09:43:05,1765935787275,5412.01,0.9045,4.2893,0.71,0.7101,-0.0141,6706900,4761960,0.71,0.71,16800400,0.709,93646600,0.708,98660500,0.707,72725400,0.706,62812300,0.711,86623100,0.712,93230100,0.713,53136800,0.714,36888800,0.715,41654600,835,100,0
sh513130,09:43:08,1765935790270,5412.25,0.9045,4.3284,0.71,0.7101,-0.0141,414200,294122,0.7101,0.71,18004100,0.709,93349800,0.708,98487200,0.707,64514500,0.706,62795300,0.711,87146300,0.712,93300200,0.713,53137800,0.714,36934400,0.715,41716000,403,100,0
sh513130,09:43:11,1765935792284,5413.12,0.9045,3.4232,0.71,0.7101,-0.0141,18218000,12934835,0.71,0.709,92627100,0.708,99631200,0.707,64878100,0.706,62829600,0.705,58369500,0.71,26059800,0.711,87379300,0.712,92595900,0.713,53107800,0.714,36954400,171,100,0
sh513130,09:43:14,1765935796283,5413.97,0.9045,3.5233,0.71,0.7101,-0.0141,11430500,8115655,0.71,0.71,45709300,0.709,91605100,0.708,99819900,0.707,65196000,0.706,62840500,0.711,88702200,0.712,93600500,0.713,53107800,0.714,36954400,0.715,41933100,1839,100,0
sh513130,09:43:17,1765935798281,5414.24,0.9045,5.2539,0.71,0.7101,-0.0141,430700,305939,0.7103,0.71,77314600,0.709,87285400,0.708,89736700,0.707,49847800,0.706,59840500,0.711,86181400,0.712,93857200,0.713,54193200,0.714,36890800,0.715,41932000,1760,100,0
sh513130,09:43:20,1765935802276,5417.14,0.9045,5.4225,0.71,0.7101,-0.0141,170800,121305,0.7102,0.71,84920500,0.709,87443200,0.708,87601600,0.707,49529300,0.706,59799800,0.711,84258300,0.712,93175500,0.713,55173200,0.714,37303700,0.715,41932000,1509,100,0
sh513130,09:43:23,1765935805286,5416.21,0.9045,3.8416,0.711,0.7101,0.1267,207600,147492,0.7105,0.71,86127600,0.709,87565400,0.708,86369300,0.707,49627300,0.706,59212800,0.711,84318500,0.712,94794100,0.713,55655200,0.714,37329300,0.715,41963000,130,100,0
sh513130,09:43:26,1765935809300,5418.43,0.9045,3.2787,0.71,0.7101,-0.0141,489500,347768,0.7105,0.71,86812300,0.709,88198500,0.708,86397900,0.707,48916700,0.706,58959600,0.711,84636100,0.712,93881200,0.713,55668300,0.714,37329300,0.715,42180100,832,100,0
sh513130,09:43:29,1765935811306,5418.07,0.9045,3.5592,0.711,0.7101,0.1267,455200,323400,0.7105,0.71,88271200,0.709,87611200,0.708,86533400,0.707,48926700,0.706,58909600,0.711,77754200,0.712,93955700,0.713,62648300,0.714,37329300,0.715,42223100,852,100,0
sh513130,09:43:32,1765935814306,5418.23,0.9045,2.8854,0.711,0.7101,0.1267,316800,225199,0.7109,0.71,92112400,0.709,87811900,0.708,85531200,0.707,48914200,0.706,58883800,0.711,76767300,0.712,94007700,0.713,56621200,0.714,41081300,0.715,43293100,492,100,0
sh513130,09:43:35,1765935817313,5417.9,0.9045,6.3896,0.711,0.7101,0.1267,800900,569157,0.7106,0.71,93646400,0.709,87716000,0.708,86385600,0.707,48631000,0.706,58863800,0.711,85213600,0.712,97020000,0.713,55631200,0.714,37331700,0.715,44303100,845,100,0
sh513130,09:43:38,1765935820327,5418.71,0.9045,4.3263,0.711,0.7101,0.1267,1679200,1193908,0.711,0.71,95484400,0.709,86864000,0.708,86206500,0.707,48688900,0.706,58872500,0.711,69370100,0.712,96882500,0.713,62631200,0.714,41588700,0.715,45158400,1867,100,0
sh513130,09:43:41,1765935823325,5420.15,0.9045,3.1737,0.711,0.7101,0.1267,1313700,934040,0.711,0.71,94908200,0.709,86829800,0.708,86356100,0.707,48688900,0.706,58865500,0.711,64366700,0.712,102972200,0.713,62993100,0.714,43831200,0.715,45160800,784,100,0
sh513130,09:43:44,1765935826303,5419.92,0.9045,5.0652,0.711,0.7101,0.1267,3011200,2140964,0.711,0.71,99360700,0.709,87060900,0.708,85298500,0.707,48686900,0.706,58838100,0.711,47975000,0.712,102922700,0.713,77231800,0.714,43853900,0.715,45160800,1613,100,0
sh513130,09:43:47,1765935829307,5420.93,0.9045,4.2093,0.711,0.7101,0.1267,2352200,1672414,0.711,0.71,100747900,0.709,87198500,0.708,84966500,0.707,48703300,0.706,58868600,0.711,44306400,0.712,102384300,0.713,77221800,0.714,43853900,0.715,45270800,264,100,0
sh513130,09:43:50,1765935832313,5419.69,0.9045,6.5168,0.711,0.7108,0.0281,6041600,4295573,0.711,0.71,102075600,0.709,87241700,0.708,85268800,0.707,48672300,0.706,58746000,0.711,57039000,0.712,96545000,0.713,77362200,0.714,43937000,0.715,45194700,1086,100,0
sh513130,09:43:53,1765935834320,5420.42,0.9045,4.8127,0.711,0.7108,0.0281,27972100,19888138,0.711,0.71,102307100,0.709,87292600,0.708,85231500,0.707,48670400,0.706,58846400,0.711,24988900,0.712,104426000,0.713,77451100,0.714,43993300,0.715,45272400,918,100,0
sh513130,09:43:56,1765935838345,5420.47,0.9045,3.4783,0.711,0.7108,0.0281,6851600,4871487,0.711,0.71,102243300,0.709,87287400,0.708,85082000,0.707,48726000,0.706,58759900,0.711,77227200,0.712,81159300,0.713,70466200,0.714,37834300,0.715,39185800,576,100,0
sh513130,09:43:59,1765935840333,5418.78,0.9045,0.4492,0.711,0.7108,0.0281,2461700,1750266,0.711,0.71,72888300,0.709,95773400,0.708,86133400,0.707,58729000,0.706,58738600,0.711,81940100,0.712,82191600,0.713,69880200,0.714,37434300,0.715,39685800,401,100,0
sh513130,09:44:02,1765935844337,5417.55,0.9045,2.3436,0.711,0.7108,0.0281,1457700,1036410,0.711,0.71,73029200,0.709,95831600,0.708,86918400,0.707,58729000,0.706,58752500,0.711,76038100,0.712,82201600,0.713,68891700,0.714,41655400,0.715,40523100,60,100,0
sh513130,09:44:05,1765935846339,5417.89,0.9045,1.558,0.711,0.7101,0.1267,2268900,1613176,0.711,0.71,94273100,0.709,87418100,0.708,87140000,0.707,48715100,0.706,58752500,0.711,79603800,0.712,82182000,0.713,69236400,0.714,37503900,0.715,40628200,1915,100,0
sh513130,09:44:02,1765935847332,5417.49,0.9045,2.0927,0.711,0.7108,0.0281,0,0,0.711,0.71,73029200,0.709,95831600,0.708,86918400,0.707,58729000,0.706,58752500,0.711,76038100,0.712,82201600,0.713,68891700,0.714,41655400,0.715,40523100,840,100,1
sh513130,09:44:05,1765935848339,5417.49,0.9045,2.2556,0.711,0.7101,0.1267,2268900,1613176,0.711,0.71,94273100,0.709,87418100,0.708,87140000,0.707,48715100,0.706,58752500,0.711,79603800,0.712,82182000,0.713,69236400,0.714,37503900,0.715,40628200,1846,100,0
sh513130,09:44:08,1765935850344,5417.63,0.9045,4.6188,0.711,0.7101,0.1267,301300,214214,0.711,0.71,96169300,0.709,88398700,0.708,85778500,0.707,48825200,0.706,58752500,0.711,79325700,0.712,82708000,0.713,70130200,0.714,37505400,0.715,40657900,1700,100,0
sh513130,09:44:11,1765935853338,5418.13,0.9045,2.8165,0.711,0.7101,0.1267,645700,459085,0.711,0.71,96680000,0.709,88353300,0.708,85912000,0.707,48636700,0.706,58752500,0.711,78748700,0.712,82842300,0.713,70206200,0.714,38068000,0.715,40658800,324,100,0
sh513130,09:44:14,1765935855338,5417.91,0.9045,2.4972,0.71,0.7101,-0.0141,295300,209851,0.7106,0.71,80468600,0.709,96729100,0.708,85838400,0.707,58943200,0.706,58753300,0.711,79063600,0.712,82947500,0.713,70456800,0.714,40840000,0.715,40947700,141,100,0
sh513130,09:44:17,1765935859320,5418.15,0.9045,2.573,0.711,0.7101,0.1267,920600,654475,0.7109,0.71,99294500,0.709,88620600,0.708,85800700,0.707,49943200,0.706,58644100,0.711,78471400,0.712,83006300,0.713,70542700,0.714,40853700,0.715,41144700,708,100,0
sh513130,09:44:20,1765935862322,5417.91,0.9045,2.4983,0.711,0.7101,0.1267,620000,440815,0.711,0.71,100263800,0.709,88624700,0.708,85804300,0.707,49942500,0.706,56624100,0.711,77916400,0.712,82974900,0.713,70561200,0.714,41253700,0.715,41144700,564,100,0
sh513130,09:44:23,1765935865319,5418.64,0.9045,3.113,0.71,0.7101,-0.0141,766900,544762,0.7103,0.71,100632800,0.709,88562500,0.708,86061000,0.707,49942500,0.706,55324100,0.711,77818000,0.712,83358900,0.713,70588200,0.714,41253700,0.715,41147700,839,100,0
sh513130,09:44:26,1765935868321,5419.63,0.9045,3.3334,0.71,0.7101,-0.0141,222400,158113,0.7109,0.71,101951700,0.709,88472700,0.708,86100300,0.707,50113600,0.706,55310100,0.711,49070100,0.712,83740900,0.713,77548500,0.714,47630700,0.715,41307200,85,100,0
sh513130,09:44:29,1765935871329,5419.62,0.9045,2.9558,0.711,0.7101,0.1267,2205600,1568162,0.711,0.71,104951300,0.709,88716800,0.708,85088800,0.707,50113600,0.706,55309900,0.711,61940200,0.712,83875000,0.713,71543600,0.714,46418700,0.715,41329200,847,100,0
sh513130,09:44:32,1765935874343,5420.18,0.9045,4.8139,0.71,0.7101,-0.0141,212700,151138,0.7106,0.71,105903900,0.709,88817700,0.708,85128800,0.707,50127800,0.706,55309900,0.711,67711300,0.712,84194000,0.713,71651600,0.714,41418700,0.715,41320700,1779,100,0
sh513130,09:44:35,1765935877345,5420.43,0.9045,2.5335,0.711,0.7101,0.1267,782700,556417,0.7109,0.71,105102700,0.709,88916900,0.708,85030000,0.707,50157800,0.706,55258800,0.711,76206700,0.712,84464600,0.713,69631800,0.714,41430100,0.715,42705000,404,100,0
sh513130,09:44:38,1765935880354,5419.78,0.9045,1.8595,0.711,0.7101,0.1267,207200,147295,0.7109,0.71,107317000,0.709,88916900,0.708,85110000,0.707,50220900,0.706,55272900,0.711,76490500,0.712,84610300,0.713,69601800,0.714,41560400,0.715,42765000,1288,100,0
sh513130,09:44:41,1765935883379,5420.36,0.9045,2.8611,0.71,0.7101,-0.0141,212900,151354,0.7109,0.71,107786700,0.709,88937800,0.708,84925600,0.707,50082600,0.706,55292900,0.711,77017800,0.712,84919900,0.713,69677500,0.714,41590400,0.715,42790000,933,100,0
sh513130,09:44:44,1765935886399,5420.34,0.9045,2.7764,0.711,0.7101,0.1267,351800,249958,0.7105,0.71,108286500,0.709,88937800,0.708,86166900,0.707,50096800,0.706,55147200,0.711,77999900,0.712,85042000,0.713,68814500,0.714,42010700,0.715,43443400,0,100,0
sh513130,09:44:47,1765935889384,5420.34,0.9045,3.1907,0.711,0.7101,0.1267,355700,252844,0.7108,0.71,108673500,0.709,88938100,0.708,86172100,0.707,50097900,0.706,55122800,0.711,77662800,0.712,85398400,0.713,68875400,0.714,42010700,0.715,43663600,962,100,0
sh513130,09:44:50,1765935892391,5420.25,0.9045,2.6226,0.711,0.7101,0.1267,1511700,1074819,0.711,0.71,109869200,0.709,88973100,0.708,85182200,0.707,50097900,0.706,55172800,0.711,20090900,0.712,99429200,0.713,87862300,0.714,50937700,0.715,43724000,42,100,0
sh513130,09:44:53,1765935894395,5419.65,0.9045,1.5701,0.711,0.7101,0.1267,494000,351195,0.7109,0.71,110809600,0.709,88993100,0.708,85147200,0.707,50105100,0.706,54955900,0.711,22934400,0.712,100391400,0.713,87863000,0.714,55958400,0.715,43793700,36,100,0
sh513130,09:44:56,1765935897388,5420.15,0.9045,3.2041,0.711,0.7108,0.0281,1144600,813774,0.711,0.71,110999900,0.709,89071500,0.708,85113000,0.707,50505100,0.706,54638000,0.711,20285700,0.712,100536400,0.713,85519300,0.714,55958400,0.715,43784800,901,100,0
sh513130,09:44:59,1765935900403,5419.42,0.9045,2.0584,0.711,0.7108,0.0281,5173500,3678327,0.711,0.71,112497400,0.709,89035100,0.708,85136500,0.707,50532100,0.706,54608600,0.711,13854300,0.712,100932100,0.713,85563300,0.714,55975600,0.715,44682800,1,100,0
sh513130,09:45:02,1765935904450,5419.26,0.9045,0.5906,0.711,0.7108,0.0281,1565300,1112927,0.711,0.71,111606300,0.709,89034200,0.708,85151500,0.707,50483100,0.706,54609400,0.711,13703400,0.712,100953200,0.713,85613300,0.714,55994600,0.715,44822800,22,100,0
sh513130,09:45:05,1765935907432,5420.0,0.9045,2.4524,0.711,0.7108,0.0281,4978300,3539561,0.711,0.71,112185700,0.709,89048300,0.708,85157200,0.707,51197300,0.706,54612400,0.711,13436100,0.712,101062400,0.713,85629800,0.714,52991300,0.715,44886300,18,100,0
sh513130,09:45:08,1765935910447,5422.31,0.9045,2.2465,0.71,0.7108,-0.1125,878500,624264,0.7106,0.71,113007900,0.709,89047300,0.708,83924200,0.707,51307300,0.706,54604400,0.711,14768200,0.712,101117200,0.713,85659800,0.714,53016400,0.715,44898600,3,100,0
sh513130,09:45:11,1765935913428,5422.04,0.9045,3.5732,0.711,0.7108,0.0281,3527900,2508337,0.711,0.71,113969700,0.709,89059300,0.708,84071100,0.707,51317300,0.706,54687800,0.711,6626600,0.712,100862100,0.713,85589800,0.714,53028900,0.715,44972600,1010,100,0
sh513130,09:45:14,1765935916442,5421.76,0.9045,4.1446,0.711,0.7108,0.0281,1884300,1339729,0.711,0.71,113586800,0.709,89196200,0.708,65058800,0.707,51237300,0.706,54664800,0.711,5130900,0.712,100939200,0.713,85589800,0.714,53070700,0.715,45235900,60,100,0
sh513130,09:45:17,1765935919462,5422.08,0.9045,4.7795,0.71,0.7108,-0.1125,10389300,7386230,0.7109,0.71,113566700,0.709,89201200,0.708,64000900,0.707,51159300,0.706,54646900,0.711,10749500,0.712,103302400,0.713,85589800,0.714,53070700,0.715,45256900,984,100,0
sh513130,09:45:20,1765935921478,5422.37,0.9045,5.4089,0.71,0.7108,-0.1125,1720800,1223472,0.711,0.71,113710500,0.709,89212900,0.708,64002900,0.707,50864800,0.706,54653300,0.711,9415100,0.712,103476800,0.713,85075800,0.714,53207600,0.715,45364700,873,100,0
sh513130,09:45:17,1765935922474,5421.27,0.9045,4.9778,0.71,0.7108,-0.1125,0,0,0.71,0.71,113566700,0.709,89201200,0.708,64000900,0.707,51159300,0.706,54646900,0.711,10749500,0.712,103302400,0.713,85589800,0.714,53070700,0.715,45256900,47,100,1
sh513130,09:45:20,1765935923493,5421.27,0.9045,4.5378,0.71,0.7108,-0.1125,1720800,1223472,0.711,0.71,113710500,0.709,89212900,0.708,64002900,0.707,50864800,0.706,54653300,0.711,9415100,0.712,103476800,0.713,85075800,0.714,53207600,0.715,45364700,829,100,0
sh513130,09:45:23,1765935925475,5420.3,0.9045,4.6326,0.711,0.7108,0.0281,1120700,796818,0.711,0.71,112838000,0.709,89212900,0.708,64992900,0.707,50859900,0.706,54634300,0.711,70679700,0.712,90495000,0.713,67076900,0.714,40951600,0.715,45406300,650,100,0
sh513130,09:45:26,1765935928485,5420.28,0.9045,2.8524,0.711,0.7108,0.0281,1040600,739276,0.7104,0.71,112701900,0.709,89220100,0.708,64997900,0.707,50861900,0.706,54634300,0.711,61918300,0.712,96685000,0.713,66852600,0.714,46707600,0.715,45471000,17,100,0
sh513130,09:45:29,1765935931485,5420.03,0.9045,3.2309,0.711,0.7108,0.0281,1000700,711486,0.711,0.71,112861600,0.709,89245000,0.708,65091900,0.707,50862900,0.706,54633800,0.711,73406300,0.712,90707000,0.713,66852600,0.714,39551600,0.715,45719300,160,100,0
sh513130,09:45:32,1765935933492,5419.92,0.9045,3.1507,0.711,0.7108,0.0281,1259200,895291,0.711,0.71,113039000,0.709,89299900,0.708,65211900,0.707,50984900,0.706,54682800,0.711,72101500,0.712,90682600,0.713,66852600,0.714,39551600,0.715,45805400,1073,100,0
sh513130,09:45:35,1765935937475,5420.54,0.9045,4.2773,0.711,0.7108,0.0281,328900,233697,0.7105,0.71,113163200,0.709,89471200,0.708,65231200,0.707,51930000,0.706,54704300,0.711,75235600,0.712,90792600,0.713,66886600,0.714,39589600,0.715,46025300,960,100,0
sh513130,09:45:38,1765935940487,5420.75,0.9045,2.2819,0.711,0.7108,0.0281,310800,220979,0.711,0.71,113955000,0.709,89475600,0.708,65292400,0.707,51949800,0.706,54619700,0.711,75260800,0.712,90795600,0.713,67033700,0.714,39619600,0.715,46128800,6,100,0
sh513130,09:45:41,1765935942504,5419.56,0.9045,5.3977,0.711,0.7108,0.0281,1083100,770028,0.7109,0.71,113967600,0.709,89446100,0.708,65480000,0.707,51954800,0.706,54620500,0.711,74675300,0.712,91144900,0.713,67009100,0.714,36776600,0.715,46086800,110,100,0
sh513130,09:45:44,1765935945508,5416.82,0.9045,5.5483,0.711,0.7108,0.0281,497700,353854,0.711,0.71,81744100,0.709,97788900,0.708,68351000,0.707,61954800,0.706,54630500,0.711,77377200,0.712,92071900,0.713,65039100,0.714,36378300,0.715,46079600,763,100,0
sh513130,09:45:47,1765935948481,5415.76,0.9045,3.8194,0.711,0.7108,0.0281,252300,179297,0.7107,0.71,93652100,0.709,97869000,0.708,69246100,0.707,51992500,0.706,54658800,0.711,78832300,0.712,92071400,0.713,64172600,0.714,36379700,0.715,46103300,29,100,0
sh513130,09:45:50,1765935952499,5416.95,0.9045,4.1848,0.71,0.7101,-0.0141,167300,118922,0.7108,0.71,103817600,0.709,89477000,0.708,67448600,0.707,52028200,0.706,54663800,0.711,77710700,0.712,91799100,0.713,65162600,0.714,36779700,0.715,46203300,6,100,0
sh513130,09:45:53,1765935955495,5417.31,0.9045,4.0154,0.711,0.7101,0.1267,186300,132402,0.7107,0.71,105678900,0.709,89738600,0.708,66488600,0.707,52028200,0.706,54673800,0.711,77155300,0.712,91423500,0.713,66152600,0.714,36779700,0.715,46203300,216,100,0
sh513130,09:45:56,1765935958492,5416.03,0.9045,3.295,0.71,0.7101,-0.0141,508700,361635,0.7109,0.71,84485000,0.709,98755400,0.708,67483600,0.707,62046200,0.706,54697700,0.711,79139200,0.712,91654700,0.713,65162600,0.714,36881600,0.715,46321300,65,100,0
sh513130,09:45:59,1765935961498,5416.06,0.9045,3.3211,0.711,0.7101,0.1267,561100,398942,0.711,0.71,82656500,0.709,98762400,0.708,68381700,0.707,62054200,0.706,54664900,0.711,79872800,0.712,91594700,0.713,65158800,0.714,36880900,0.715,46236300,1056,100,0
sh513130,09:46:02,1765935964499,5416.33,0.9045,2.0762,0.711,0.7101,0.1267,163600,116201,0.7103,0.71,83826800,0.709,99007200,0.708,69202200,0.707,62056400,0.706,54641900,0.711,78283500,0.712,92234700,0.713,65158800,0.714,38880900,0.715,46307800,17,100,0
sh513130,09:46:05,1765935967500,5416.35,0.9045,4.6347,0.71,0.7101,-0.0141,583800,414991,0.7108,0.71,83748500,0.709,99109800,0.708,70173500,0.707,62106500,0.706,53823300,0.711,81812900,0.712,92341600,0.713,65239900,0.714,37630900,0.715,46421600,1027,100,0
sh513130,09:46:08,1765935971494,5416.24,0.9045,5.0884,0.711,0.7101,0.1267,737300,523697,0.7103,0.71,83080500,0.709,99109800,0.708,71847900,0.707,62106500,0.706,53814800,0.711,83547600,0.712,92945300,0.713,65309900,0.714,37687300,0.715,46450000,1016,100,0
sh513130,09:46:11,1765935973492,5417.23,0.9045,5.0467,0.711,0.7101,0.1267,288600,205050,0.7105,0.71,101437100,0.709,90779800,0.708,69237600,0.707,52111500,0.706,53814800,0.711,83553000,0.712,93988800,0.713,65319900,0.714,37787300,0.715,46450000,822,100,0
sh513130,09:46:14,1765935975492,5417.2,0.9045,4.4744,0.711,0.7101,0.1267,75100,53342,0.7103,0.71,79264500,0.709,99055400,0.708,71272300,0.707,62080500,0.706,53814800,0.711,84417800,0.712,94004900,0.713,65279900,0.714,37817300,0.715,46462000,653,100,0
sh513130,09:46:17,1765935979487,5417.77,0.9045,4.2957,0.71,0.7101,-0.0141,1104300,784143,0.7101,0.71,64909300,0.709,99731100,0.708,72166900,0.707,62085500,0.706,53783700,0.711,86019500,0.712,94003800,0.713,65283400,0.714,37887300,0.715,46432000,296,100,0
sh513130,09:46:20,1765935982527,5417.12,0.9045,2.2263,0.71,0.7101,-0.0141,156200,110905,0.71,0.71,66671200,0.709,101094600,0.708,72954600,0.707,62085600,0.706,53793700,0.711,87572100,0.712,93924600,0.713,66258700,0.714,37887300,0.715,46367300,71,100,0
sh513130,09:46:23,1765935985545,5417.39,0.9045,1.8925,0.71,0.7101,-0.0141,48200,34222,0.71,0.71,87603300,0.709,92725000,0.708,67659100,0.707,52265500,0.706,53793700,0.711,84573300,0.712,94075200,0.713,67399500,0.714,38361300,0.715,46443800,1121,100,0
sh513130,09:46:26,1765935987545,5417.95,0.9045,1.2851,0.71,0.7101,-0.0141,1045200,742094,0.71,0.71,97224700,0.709,92725000,0.708,67729000,0.707,52273500,0.706,53974600,0.711,84759700,0.712,95257600,0.713,67419500,0.714,38361300,0.715,46453400,1111,100,0
sh513130,09:46:29,1765935990536,5418.9,0.9045,4.5618,0.711,0.7101,0.1267,3076400,2187169,0.711,0.71,98956200,0.709,92804400,0.708,66733200,0.707,52315100,0.706,53984600,0.711,18527600,0.712,108328500,0.713,86443300,0.714,45643300,0.715,45529300,61,100,0
sh513130,09:46:32,1765935994510,5419.32,0.9045,5.5865,0.71,0.7101,-0.0141,289400,205512,0.7101,0.71,100682500,0.709,92810400,0.708,67144800,0.707,52335100,0.706,53987600,0.711,26513200,0.712,108233000,0.713,87618100,0.714,45643300,0.715,46590300,16,100,0
sh513130,09:46:35,1765935996514,5419.32,0.9045,4.745,0.711,0.7108,0.0281,1489400,1058778,0.7109,0.71,101752700,0.709,92855400,0.708,67176200,0.707,52336500,0.706,53988600,0.711,18147200,0.712,108288000,0.713,87618100,0.714,45748200,0.715,46583300,2020,100,0
sh513130,09:46:38,1765936000479,5420.68,0.9045,3.4989,0.711,0.7108,0.0281,18490200,13146324,0.711,0.711,52160000,0.71,104348900,0.709,91893400,0.708,66186200,0.707,51336500,0.712,108379600,0.713,89653100,0.714,50748200,0.715,46513800,0.716,25779900,16,100,0
sh513130,09:46:41,1765936003483,5422.47,0.9045,4.9757,0.71,0.7108,-0.1125,12458100,8857709,0.711,0.71,104368500,0.709,92614900,0.708,65793300,0.707,51940300,0.706,64002300,0.711,20710600,0.712,109253600,0.713,90193100,0.714,50750700,0.715,46494100,356,100,0
sh513130,09:46:44,1765936007479,5421.91,0.9045,2.6476,0.711,0.7108,0.0281,4040300,2872620,0.711,0.71,107476300,0.709,92897100,0.708,66526600,0.707,51906400,0.706,64002300,0.711,11745400,0.712,108214100,0.713,90195100,0.714,50350700,0.715,47491400,14,100,0
sh513130,09:46:47,1765936009483,5422.05,0.9045,4.0464,0.711,0.7108,0.0281,1310900,932049,0.711,0.71,108412300,0.709,92924700,0.708,66536600,0.707,51934700,0.706,64002300,0.711,11729000,0.712,108421400,0.713,90122300,0.714,50330700,0.715,47527700,1068,100,0
sh513130,09:46:50,1765936012474,5422.46,0.9045,3.4312,0.711,0.7108,0.0281,1131500,804477,0.711,0.71,109765600,0.709,92931200,0.708,66514500,0.707,51924900,0.706,63979500,0.711,17559500,0.712,108330200,0.713,89225400,0.714,50340700,0.715,47631900,79,100,0
sh513130,09:46:53,1765936015476,5422.35,0.9045,2.9935,0.71,0.7108,-0.1125,1089500,774577,0.7109,0.71,110763100,0.709,93022500,0.708,66579500,0.707,51924900,0.706,63996600,0.711,16549400,0.712,108497500,0.713,89255400,0.714,50340700,0.715,47631900,529,100,0
sh513130,09:46:56,1765936019457,5421.7,0.9045,1.4723,0.711,0.7108,0.0281,147100,104549,0.7107,0.71,111634900,0.709,94005100,0.708,66584500,0.707,51924900,0.706,63998300,0.711,59361400,0.712,102024800,0.713,77258400,0.714,44077300,0.715,47644200,565,100,0
sh513130,09:46:59,1765936021455,5421.93,0.9045,0.9294,0.711,0.7108,0.0281,582700,414224,0.7109,0.71,111879400,0.709,93862100,0.708,65581500,0.707,51889700,0.706,62565300,0.711,60355500,0.712,101979200,0.713,77260400,0.714,45322300,0.715,47874000,774,100,0
sh513130,09:47:02,1765936024448,5421.96,0.9045,0.6491,0.711,0.7108,0.0281,656200,466556,0.711,0.71,112273700,0.709,93908500,0.708,65581500,0.707,51879700,0.706,62569400,0.711,27280900,0.712,108075000,0.713,90349700,0.714,45707300,0.715,47880000,7,100,0
sh513130,09:47:05,1765936026431,5422.21,0.9045,2.1231,0.711,0.7108,0.0281,675200,480039,0.711,0.71,113011800,0.709,93908500,0.708,65572700,0.707,51894800,0.706,62569400,0.711,11922400,0.712,108508700,0.713,90350700,0.714,45707300,0.715,48217300,13,100,0
sh513130,09:47:08,1765936030436,5421.15,0.9045,4.054,0.711,0.7108,0.0281,1401200,996253,0.711,0.71,112876800,0.709,93823400,0.708,65589900,0.707,51892800,0.706,62571400,0.711,6597300,0.712,108921800,0.713,90400700,0.714,45707300,0.715,48562600,45,100,0
sh513130,09:47:11,1765936032409,5421.15,0.9045,2.4513,0.711,0.7108,0.0281,2568000,1825848,0.711,0.71,113935500,0.709,93886400,0.708,65309700,0.707,51887800,0.706,62611400,0.711,82313200,0.712,97002300,0.713,70403700,0.714,39066300,0.715,48462600,982,100,0
sh513130,09:47:14,1765936035394,5419.11,0.9045,2.5397,0.711,0.7108,0.0281,468800,333316,0.711,0.71,113092200,0.709,93936400,0.708,67157400,0.707,51817100,0.706,62716500,0.711,93158200,0.712,98009900,0.713,70329700,0.714,39066300,0.715,48467600,929,100,0
sh513130,09:47:17,1765936038365,5419.37,0.9045,2.5642,0.71,0.7108,-0.1125,704300,500680,0.7109,0.71,110935700,0.709,94017400,0.708,68147400,0.707,51818500,0.706,61994300,0.711,88418900,0.712,103995800,0.713,69339700,0.714,39067000,0.715,48467600,420,100,0
sh513130,09:47:20,1765936042361,5419.57,0.9045,3.8954,0.711,0.7108,0.0281,244100,173322,0.71,0.71,111782300,0.709,94046100,0.708,67157400,0.707,52822400,0.706,61994300,0.711,58106000,0.712,97995800,0.713,77350800,0.714,39187000,0.715,48452600,52,100,0
sh513130,09:47:23,1765936045354,5419.55,0.9045,2.4779,0.711,0.7108,0.0281,67900,48277,0.711,0.71,112448700,0.709,94046100,0.708,67157400,0.707,52822400,0.706,62162000,0.711,58336300,0.712,104171600,0.713,77400800,0.714,45439000,0.715,48753300,733,100,0
sh513130,09:47:26,1765936047344,5419.55,0.9045,2.2601,0.711,0.7108,0.0281,117700,83684,0.711,0.71,112891200,0.709,94226100,0.708,67161400,0.707,52822400,0.706,62152400,0.711,74460600,0.712,98238300,0.713,70494600,0.714,39187000,0.715,48760400,702,100,0
sh513130,09:47:23,1765936048327,5419.55,0.9045,2.412,0.711,0.7108,0.0281,0,0,0.711,0.71,112448700,0.709,94046100,0.708,67157400,0.707,52822400,0.706,62162000,0.711,58336300,0.712,104171600,0.713,77400800,0.714,45439000,0.715,48753300,1684,100,1
sh513130,09:47:26,1765936049321,5418.3,0.9045,2.2447,0.711,0.7108,0.0281,117700,83684,0.711,0.71,112891200,0.709,94226100,0.708,67161400,0.707,52822400,0.706,62152400,0.711,74460600,0.712,98238300,0.713,70494600,0.714,39187000,0.715,48760400,519,100,0
sh513130,09:47:29,1765936051303,5419.56,0.9045,2.3067,0.711,0.7108,0.0281,578700,411427,0.711,0.71,112903000,0.709,94262100,0.708,67253700,0.707,52817400,0.706,62152400,0.711,81922100,0.712,98249300,0.713,70504600,0.714,39218200,0.715,48760400,319,100,0
sh513130,09:47:32,1765936054287,5419.25,0.9045,3.2081,0.711,0.7108,0.0281,1100,782,0.7109,0.71,113140800,0.709,94395400,0.708,68031300,0.707,52857400,0.706,62079800,0.711,82088000,0.712,98440900,0.713,70537700,0.714,39235400,0.715,48777400,1137,100,0
sh513130,09:47:35,1765936057287,5419.28,0.9045,3.531,0.711,0.7108,0.0281,50400,35790,0.7101,0.71,113807600,0.709,94448900,0.708,68981300,0.707,53457400,0.706,62109800,0.711,83232500,0.712,98585000,0.713,69557700,0.714,39235400,0.715,48779400,728,100,0
sh513130,09:47:38,1765936061276,5418.94,0.9045,2.9879,0.711,0.7108,0.0281,498800,354647,0.711,0.71,113884400,0.709,94990400,0.708,69608800,0.707,53473400,0.706,62706800,0.711,76633000,0.712,99325800,0.713,77262700,0.714,39860400,0.715,49512600,782,100,0
sh513130,09:47:41,1765936063277,5419.39,0.9045,2.8572,0.71,0.7108,-0.1125,354100,251577,0.7105,0.71,115423000,0.709,94718400,0.708,68518800,0.707,53104600,0.706,62802200,0.711,75648400,0.712,99325800,0.713,78290600,0.714,39935700,0.715,49596300,846,100,0
sh513130,09:47:44,1765936067260,5419.37,0.9045,2.4535,0.711,0.7108,0.0281,146100,103874,0.711,0.71,115378500,0.709,94738400,0.708,68438800,0.707,53184600,0.706,62803700,0.711,47751400,0.712,105411100,0.713,78290600,0.714,46187700,0.715,49596300,804,100,0
sh513130,09:47:47,1765936069267,5420.21,0.9045,0.839,0.711,0.7108,0.0281,1032600,734146,0.711,0.71,115722600,0.709,95419900,0.708,67804300,0.707,53025700,0.706,62828600,0.711,60778400,0.712,105563100,0.713,78295900,0.714,46801800,0.715,49617800,810,100,0
sh513130,09:47:50,1765936073243,5419.18,0.9045,0.2631,0.711,0.7108,0.0281,62700,44577,0.711,0.71,116281100,0.709,95419900,0.708,67768800,0.707,53055700,0.706,62727700,0.711,69286000,0.712,105578400,0.713,71587700,0.714,44311800,0.715,49622800,475,100,0
sh513130,09:47:53,1765936075251,5419.51,0.9045,4.4737,0.711,0.7108,0.0281,210900,149897,0.7107,0.71,116098300,0.709,95419900,0.708,67753800,0.707,53059700,0.706,62727700,0.711,82464200,0.712,99978400,0.713,71776100,0.714,41059800,0.715,50042300,673,100,0
sh513130,09:47:56,1765936078233,5418.64,0.9045,2.7253,0.711,0.7108,0.0281,11400,8105,0.711,0.71,115972800,0.709,95419900,0.708,67380100,0.707,53109600,0.706,62747700,0.711,84259200,0.712,99978400,0.713,71723100,0.714,40790100,0.715,50056300,1046,100,0
sh513130,09:47:59,1765936081225,5419.04,0.9045,0.7018,0.711,0.7108,0.0281,95700,68033,0.7109,0.71,116023700,0.709,94521900,0.708,67401200,0.707,53109600,0.706,62747700,0.711,84592700,0.712,100033600,0.713,72336000,0.714,40799800,0.715,50134000,782,100,0
sh513130,09:48:02,1765936084226,5418.91,0.9045,1.1567,0.711,0.7108,0.0281,526200,374128,0.711,0.71,115942600,0.709,94556900,0.708,67401200,0.707,53109600,0.706,62549600,0.711,77695100,0.712,100214600,0.713,79362400,0.714,40804000,0.715,50134000,560,100,0
sh513130,09:48:05,1765936086218,5418.55,0.9045,1.1571,0.711,0.7108,0.0281,66500,47276,0.7109,0.71,115746400,0.709,94558400,0.708,67401200,0.707,53038500,0.706,62505100,0.711,84814700,0.712,100074700,0.713,72362400,0.714,40804000,0.715,50157600,388,100,0
sh513130,09:48:08,1765936090194,5420.04,0.9045,3.0897,0.71,0.7108,-0.1125,220200,156398,0.7103,0.71,116392700,0.709,94554400,0.708,67431200,0.707,53038500,0.706,62505200,0.711,30584900,0.712,106418000,0.713,92374700,0.714,47276000,0.715,50157600,14,100,0
sh513130,09:48:11,1765936093180,5420.54,0.9045,3.4875,0.711,0.7108,0.0281,90100,64026,0.7106,0.71,116491000,0.709,94594800,0.708,67434300,0.707,53028600,0.706,62513600,0.711,17794100,0.712,112470000,0.713,92400100,0.714,47283000,0.715,50177600,679,100,0
sh513130,09:48:14,1765936096181,5419.82,0.9045,3.6699,0.711,0.7108,0.0281,496000,352320,0.7103,0.71,116650300,0.709,94514800,0.708,67445200,0.707,53028600,0.706,62513600,0.711,24604900,0.712,112604900,0.713,92356900,0.714,47283000,0.715,50177600,1639,100,0
sh513130,09:48:17,1765936099188,5419.73,0.9045,3.252,0.711,0.7108,0.0281,517600,367765,0.7105,0.71,116622400,0.709,94561100,0.708,67808500,0.707,53028600,0.706,62523600,0.711,20689100,0.712,112687900,0.713,92546900,0.714,46284000,0.715,50171800,260,100,0
sh513130,09:48:20,1765936103186,5420.61,0.9045,2.9624,0.711,0.7108,0.0281,16292800,11584179,0.711,0.71,118008500,0.709,93561100,0.708,67979000,0.707,53028600,0.706,61930600,0.711,3233100,0.712,112547900,0.713,93596900,0.714,50695000,0.715,50440600,497,100,0
sh513130,09:48:23,1765936104203,5420.61,0.9045,3.7526,0.711,0.7108,0.0281,1065800,757782,0.711,0.71,117829700,0.709,94561100,0.708,67042100,0.707,52927200,0.706,62458600,0.711,9979700,0.712,112581200,0.713,93692300,0.714,50583500,0.715,50583700,776,100,0
sh513130,09:48:26,1765936108174,5420.8,0.9045,3.7552,0.711,0.7108,0.0281,182900,130028,0.7109,0.71,116570700,0.709,94561100,0.708,68043300,0.707,52927200,0.706,62460600,0.711,62196600,0.712,106591900,0.713,80839400,0.714,44431500,0.715,50611800,521,100,0
sh513130,09:48:29,1765936111160,5419.39,0.9045,3.2127,0.711,0.7108,0.0281,680000,483456,0.711,0.71,116672100,0.709,94729200,0.708,68018300,0.707,52927200,0.706,62460600,0.711,68803800,0.712,106753300,0.713,80897400,0.714,38931500,0.715,50611800,681,100,0
sh513130,09:48:32,1765936114156,5420.36,0.9045,2.1343,0.71,0.7108,-0.1125,188800,134236,0.711,0.71,116494800,0.709,94729200,0.708,68018300,0.707,52952200,0.706,62461600,0.711,86880200,0.712,100913300,0.713,72897400,0.714,38931500,0.715,50654800,1674,100,0
sh513130,09:48:35,1765936117142,5415.92,0.9045,6.1514,0.711,0.7108,0.0281,19700,14005,0.7109,0.71,84737300,0.709,103128800,0.708,69008300,0.707,62952200,0.706,62462600,0.711,88604800,0.712,101263100,0.713,72287900,0.714,38920300,0.715,50828200,651,100,0
sh513130,09:48:38,1765936120125,5415.96,0.9045,5.8098,0.711,0.7108,0.0281,464000,329904,0.711,0.71,78755000,0.709,103231300,0.708,70896400,0.707,62932200,0.706,62472700,0.711,89375800,0.712,101304200,0.713,70030200,0.714,38920300,0.715,50758600,1611,100,0
sh513130,09:48:41,1765936123121,5416.16,0.9045,5.2238,0.711,0.7101,0.1267,492900,350056,0.7102,0.71,75617900,0.709,103236300,0.708,71338500,0.707,62940200,0.706,62473700,0.711,90567500,0.712,101335200,0.713,70030200,0.714,39037800,0.715,50852900,258,100,0
sh513130,09:48:44,1765936127098,5415.96,0.9045,4.3611,0.711,0.7101,0.1267,290200,206232,0.7107,0.71,77776600,0.709,103874600,0.708,72233600,0.707,62940200,0.706,62393700,0.711,91174900,0.712,101351200,0.713,70030200,0.714,39177800,0.715,50835700,652,100,0
sh513130,09:48:47,1765936129094,5417.14,0.9045,3.8015,0.71,0.7101,-0.0141,136000,96581,0.7102,0.71,86806200,0.709,95476600,0.708,73128700,0.707,62939200,0.706,62403700,0.711,90509200,0.712,101478600,0.713,71060100,0.714,39198100,0.715,50835700,651,100,0
