symbol,tx_server_time,tx_local_time,index_price,fx_rate,sentiment,price,iopv,premium_rate,tick_vol,tick_amt,tick_vwap,bp1,bv1,bp2,bv2,bp3,bv3,bp4,bv4,bp5,bv5,sp1,sv1,sp2,sv2,sp3,sv3,sp4,sv4,sp5,sv5,idx_delay_ms,fut_delay_ms,data_flags
sh513130,09:31:04,1764725466872,5588.81,0.9078,5.6262,0.736,0.736,0.0,8475800,6238189,0.736,0.735,78133000,0.734,60803700,0.733,40368200,0.732,36200200,0.731,36001000,0.736,2474600,0.737,30387000,0.738,40097000,0.739,36689000,0.74,26241800,210,100,0
sh513130,09:31:07,1764725469867,5590.22,0.9078,4.937,0.736,0.736,0.0,12175000,8960843,0.736,0.736,25052400,0.735,78878000,0.734,62766000,0.733,40388900,0.732,35212200,0.737,31433100,0.738,40794100,0.739,36939000,0.74,28746800,0.741,26530300,213,100,0
sh513130,09:31:10,1764725471875,5591.55,0.9078,3.6019,0.736,0.7353,0.0952,261500,192464,0.736,0.736,35579600,0.735,78347300,0.734,63676400,0.733,35029900,0.732,35180200,0.737,36431100,0.738,40666100,0.739,37950000,0.74,28807800,0.741,26549900,40,100,0
sh513130,09:31:13,1764725475893,5589.8,0.9078,-0.126,0.737,0.7353,0.2312,423600,311829,0.7361,0.736,34180000,0.735,79359800,0.734,63880000,0.733,40364800,0.732,35207100,0.737,33363700,0.738,44047500,0.739,37950000,0.74,28833900,0.741,26437100,1419,100,0
sh513130,09:31:16,1764725477890,5589.77,0.9078,5.9355,0.736,0.7366,-0.0815,26796800,19722456,0.736,0.736,1686500,0.735,81126000,0.734,63890000,0.733,40345100,0.732,35244100,0.737,34701600,0.738,45046900,0.739,36960000,0.74,28954100,0.741,26457100,1295,100,0
sh513130,09:31:19,1764725480890,5587.76,0.9078,6.6727,0.736,0.7366,-0.0815,6756300,4972667,0.736,0.735,82290200,0.734,64020500,0.733,40230700,0.732,35244100,0.731,36144500,0.736,36882600,0.737,40210200,0.738,35941000,0.739,37952000,0.74,25464300,316,100,0
sh513130,09:31:22,1764725484906,5585.92,0.9078,4.9831,0.736,0.7366,-0.0815,1928300,1419216,0.736,0.735,75911900,0.734,71530500,0.733,40246900,0.732,36244100,0.731,36144500,0.736,26105900,0.737,40115100,0.738,36941000,0.739,36962000,0.74,25544000,147,100,0
sh513130,09:31:25,1764725487908,5584.97,0.9078,2.9939,0.736,0.736,0.0,2550800,1877389,0.736,0.735,67455200,0.734,71546100,0.733,40227100,0.732,43634100,0.731,36174500,0.736,28978800,0.737,40450700,0.738,37789000,0.739,36967000,0.74,25544000,1001,100,0
sh513130,09:31:28,1764725489905,5585.17,0.9078,2.7567,0.736,0.736,0.0,440500,324177,0.7359,0.735,82293600,0.734,64145800,0.733,40521300,0.732,38256100,0.731,36244500,0.736,29569500,0.737,40768700,0.738,37802500,0.739,37770300,0.74,25749100,844,100,0
sh513130,09:31:31,1764725492911,5587.39,0.9078,4.4961,0.736,0.736,0.0,1418000,1043608,0.736,0.735,84674400,0.734,64176700,0.733,40956900,0.732,36256100,0.731,36244500,0.736,11282700,0.737,44000800,0.738,39553100,0.739,37770300,0.74,27799700,429,100,0
sh513130,09:31:34,1764725496914,5588.53,0.9078,3.7947,0.736,0.736,0.0,7803200,5743152,0.736,0.735,85732300,0.734,64953400,0.733,40976900,0.732,36271100,0.731,36249500,0.736,5799000,0.737,42146500,0.738,39785100,0.739,37836800,0.74,27799700,420,100,0
sh513130,09:31:37,1764725499916,5590.18,0.9078,4.8589,0.736,0.736,0.0,1970400,1450094,0.7359,0.736,3996100,0.735,87470900,0.734,65949200,0.733,40923300,0.732,35336100,0.737,43160400,0.738,42402300,0.739,37836800,0.74,29339700,0.741,27651800,94,100,0
sh513130,09:31:40,1764725502918,5589.99,0.9078,5.0792,0.736,0.7366,-0.0815,108000,79488,0.736,0.736,24018200,0.735,86786800,0.734,65949200,0.733,43136300,0.732,35229500,0.737,42440100,0.738,42448800,0.739,38892700,0.74,29339700,0.741,27878800,408,100,0
sh513130,09:31:43,1764725505925,5590.07,0.9078,3.7655,0.737,0.7366,0.0543,79400,58444,0.7361,0.736,22419800,0.735,87432400,0.734,66157700,0.733,43156300,0.732,37430000,0.737,43481400,0.738,42477900,0.739,38925700,0.74,29463600,0.741,27983800,1387,100,0
sh513130,09:31:46,1764725508932,5590.39,0.9078,3.2562,0.737,0.7366,0.0543,2753100,2026341,0.736,0.736,10919900,0.735,88826300,0.734,66211000,0.733,43279300,0.732,37445000,0.737,43749800,0.738,42486300,0.739,37959700,0.74,27963600,0.741,27983900,420,100,0
sh513130,09:31:49,1764725510936,5590.38,0.9078,2.7115,0.737,0.7359,0.1495,13259600,9759094,0.736,0.736,500000,0.735,89651000,0.734,66101100,0.733,43328300,0.732,37495000,0.737,43183900,0.738,42742900,0.739,37964700,0.74,29463700,0.741,27983900,346,100,0
sh513130,09:31:52,1764725514936,5590.74,0.9078,4.0893,0.736,0.736,0.0,15510000,11415799,0.736,0.735,90122000,0.734,66155900,0.733,43352500,0.732,37495000,0.731,39352600,0.736,9616400,0.737,41848600,0.738,43880400,0.739,38964500,0.74,29463700,36,100,0
sh513130,09:31:55,1764725517947,5590.63,0.9078,4.9462,0.736,0.736,0.0,1858100,1367562,0.736,0.735,93955600,0.734,66254200,0.733,43342500,0.732,37644500,0.731,39656600,0.736,20286700,0.737,43332700,0.738,44742000,0.739,39414400,0.74,28163700,905,100,0
sh513130,09:31:58,1764725520963,5588.71,0.9078,4.1295,0.736,0.736,0.0,569600,419178,0.7359,0.735,87950500,0.734,59335100,0.733,43373500,0.732,37676500,0.731,39656600,0.736,20614300,0.737,44594500,0.738,44742000,0.739,38424400,0.74,28171700,245,100,0
sh513130,09:32:01,1764725523948,5588.7,0.9078,8.2062,0.736,0.736,0.0,1427300,1050493,0.736,0.735,73391500,0.734,68208300,0.733,43483500,0.732,45056500,0.731,39661600,0.736,21073500,0.737,45779000,0.738,44742000,0.739,38434400,0.74,28184700,443,100,0
sh513130,09:32:04,1764725526958,5589.84,0.9078,5.1553,0.736,0.736,0.0,1158600,852399,0.7357,0.735,90319100,0.734,60324200,0.733,44454300,0.732,37687400,0.731,39677600,0.736,25875300,0.737,39981500,0.738,41870400,0.739,38464400,0.74,28484700,454,100,0
sh513130,09:32:07,1764725528976,5590.38,0.9078,4.1818,0.736,0.7353,0.0952,740400,544909,0.736,0.735,90927600,0.734,61148300,0.733,44540300,0.732,37716300,0.731,39678600,0.736,17714200,0.737,40687300,0.738,44055400,0.739,38532800,0.74,28491500,457,100,0
sh513130,09:32:10,1764725532963,5590.2,0.9078,2.394,0.736,0.7358,0.0272,916700,674681,0.736,0.735,91595700,0.734,62130200,0.733,43694100,0.732,37794700,0.731,39678600,0.736,15921800,0.737,40565800,0.738,44331800,0.739,38732800,0.74,28461600,305,100,0
sh513130,09:32:13,1764725535970,5589.92,0.9078,3.6993,0.736,0.7358,0.0272,248900,183181,0.736,0.735,92643200,0.734,63121800,0.733,43629500,0.732,37796700,0.731,39723200,0.736,20633100,0.737,37725800,0.738,44333800,0.739,38648800,0.74,28461600,1443,100,0
sh513130,09:32:16,1764725538984,5588.26,0.9078,2.7776,0.736,0.7358,0.0272,967900,712372,0.736,0.735,94073000,0.734,64017500,0.733,43666400,0.732,37659300,0.731,39723200,0.736,28793500,0.737,37731700,0.738,42334000,0.739,38648800,0.74,28531600,230,100,0
sh513130,09:32:19,1764725540979,5587.6,0.9078,4.0783,0.736,0.7358,0.0272,260200,191507,0.736,0.735,78691800,0.734,83396300,0.733,53702400,0.732,55049300,0.731,39822400,0.736,33574000,0.737,52780700,0.738,47435000,0.739,38648800,0.74,28576500,235,100,0
sh513130,09:32:22,1764725544982,5587.55,0.9078,3.9055,0.736,0.7358,0.0272,270400,199008,0.736,0.735,103925000,0.734,75913000,0.733,53003800,0.732,38669300,0.731,39824400,0.736,34017000,0.737,52388300,0.738,47435000,0.739,38594800,0.74,28576500,430,100,0
sh513130,09:32:25,1764725547006,5587.26,0.9078,6.5071,0.736,0.7358,0.0272,570300,419741,0.736,0.735,106114400,0.734,76842300,0.733,53104800,0.732,37663300,0.731,39856400,0.736,34188800,0.737,51968100,0.738,47435000,0.739,38619200,0.74,28590100,338,100,0
sh513130,09:32:28,1764725551002,5587.88,0.9078,2.297,0.736,0.7358,0.0272,651000,479136,0.736,0.735,106413400,0.734,77778200,0.733,53025600,0.732,37663300,0.731,39871200,0.736,34603200,0.737,41597400,0.738,47435000,0.739,38619200,0.74,28590100,495,100,0
sh513130,09:32:31,1764725553004,5587.54,0.9078,4.131,0.735,0.7358,-0.1087,935400,687840,0.7353,0.735,106467500,0.734,79265000,0.733,53075600,0.732,37668300,0.731,39897200,0.736,35274800,0.737,41381000,0.738,47435000,0.739,38619200,0.74,28535000,426,100,0
sh513130,09:32:34,1764725555997,5588.38,0.9078,5.6016,0.735,0.7358,-0.1087,1034000,760977,0.736,0.735,107889800,0.734,82038300,0.733,53129600,0.732,37736900,0.731,39901800,0.736,35824300,0.737,41156200,0.738,47519600,0.739,38656500,0.74,28535500,157,100,0
sh513130,09:32:37,1764725559002,5590.9,0.9078,5.8636,0.736,0.7358,0.0272,5890400,4335319,0.736,0.736,10031000,0.735,107987000,0.734,82038300,0.733,53351700,0.732,37749900,0.737,50056500,0.738,52535000,0.739,43656500,0.74,28535500,0.741,28303600,487,100,0
sh513130,09:32:40,1764725563013,5592.67,0.9078,4.0313,0.736,0.7358,0.0272,10285900,7570462,0.736,0.735,107747100,0.734,83837900,0.733,54390400,0.732,38764900,0.731,40956900,0.736,2272700,0.737,49545400,0.738,53535000,0.739,44756500,0.74,31050500,494,100,0
sh513130,09:32:43,1764725566015,5593.11,0.9078,2.5577,0.737,0.7358,0.1631,1514200,1114467,0.736,0.736,19650600,0.735,108967900,0.734,84764200,0.733,54410400,0.732,38754500,0.737,49472900,0.738,53631200,0.739,44416500,0.74,31050500,0.741,29311600,1519,100,0
sh513130,09:32:46,1764725568020,5591.83,0.9078,1.7418,0.737,0.7358,0.1631,248600,183013,0.7362,0.736,22676500,0.735,109656900,0.734,84021700,0.733,54913200,0.732,38775100,0.737,46166500,0.738,53631200,0.739,44416500,0.74,31070500,0.741,30311600,1377,100,0
sh513130,09:32:49,1764725571016,5593.17,0.9078,2.5961,0.737,0.7358,0.1631,210900,155246,0.7361,0.736,28267600,0.735,110704200,0.734,84229400,0.733,55065500,0.732,38774200,0.737,47045200,0.738,53627000,0.739,44413500,0.74,31070900,0.741,30321600,64,100,0
sh513130,09:32:52,1764725575035,5593.89,0.9078,3.3893,0.737,0.7364,0.0815,441200,325164,0.737,0.736,41318900,0.735,104193100,0.734,84272400,0.733,55065500,0.732,38734300,0.737,47050900,0.738,52527000,0.739,44413500,0.74,32070900,0.741,30321600,535,100,0
sh513130,09:32:55,1764725578033,5592.97,0.9078,2.9308,0.736,0.7364,-0.0543,18008200,13254049,0.736,0.735,114464900,0.734,84234800,0.733,55090500,0.732,38957400,0.731,41011100,0.736,1755800,0.737,47252100,0.738,62077500,0.739,44438500,0.74,32080900,608,100,0
sh513130,09:32:58,1764725581044,5594.37,0.9078,1.8243,0.737,0.7364,0.0815,1378500,1014581,0.736,0.736,3497100,0.735,117284700,0.734,84171000,0.733,55090500,0.732,38957500,0.737,47873300,0.738,62454000,0.739,44515600,0.74,32220900,0.741,30322000,486,100,0
sh513130,09:33:01,1764725583037,5593.65,0.9078,4.1051,0.736,0.7364,-0.0543,8353800,6148392,0.736,0.735,120073800,0.734,84233100,0.733,54138500,0.732,38957300,0.731,41012100,0.736,2745400,0.737,47881900,0.738,62451000,0.739,44515600,0.74,32245900,473,100,0
sh513130,09:33:04,1764725588047,5592.68,0.9078,4.5319,0.736,0.7364,-0.0543,3167400,2331171,0.736,0.736,25300,0.735,114631300,0.734,84239100,0.733,54508500,0.732,38962300,0.737,47885800,0.738,63249100,0.739,44608600,0.74,32250900,0.741,30322000,1537,100,0
sh513130,09:33:07,1764725589053,5592.88,0.9078,3.3834,0.736,0.7364,-0.0543,278600,205049,0.736,0.736,21106100,0.735,113807400,0.734,85091600,0.733,54451500,0.732,38961300,0.737,48750800,0.738,62166000,0.739,44608600,0.74,32250900,0.741,30322000,433,100,0
sh513130,09:33:10,1764725592052,5593.12,0.9078,5.4448,0.737,0.7357,0.1767,58600,43144,0.7362,0.736,3294000,0.735,113013300,0.734,85967700,0.733,55824500,0.732,38961300,0.737,50744900,0.738,62266000,0.739,44608600,0.74,31250900,0.741,30322000,1477,100,0
sh513130,09:33:13,1764725596056,5593.66,0.9078,4.049,0.737,0.7357,0.1767,145300,107046,0.7367,0.736,25026100,0.735,114252500,0.734,86842600,0.733,55724200,0.732,38961300,0.737,51286100,0.738,63382800,0.739,44611600,0.74,32250900,0.741,30614200,1391,100,0
sh513130,09:33:16,1764725598065,5593.28,0.9078,4.6015,0.736,0.7357,0.0408,223400,164600,0.7368,0.736,8350800,0.735,114201100,0.734,87750200,0.733,55730200,0.732,38971300,0.737,52055800,0.738,63382800,0.739,44711600,0.74,32250900,0.741,30614200,1253,100,0
sh513130,09:33:19,1764725602078,5595.03,0.9078,3.9137,0.737,0.7357,0.1767,116800,86082,0.737,0.736,52765000,0.735,105260500,0.734,84286800,0.733,45733700,0.732,38977300,0.737,51282000,0.738,62232800,0.739,44711600,0.74,32251100,0.741,30614200,965,100,0
sh513130,09:33:22,1764725604076,5595.46,0.9078,3.4042,0.737,0.7357,0.1767,114700,84456,0.7363,0.736,61918400,0.735,107735100,0.734,84292800,0.733,38353700,0.732,39029200,0.737,50390500,0.738,61886300,0.739,45701600,0.74,32351000,0.741,30613200,804,100,0
sh513130,09:33:25,1764725608090,5597.79,0.9078,3.5848,0.737,0.7364,0.0815,480600,353784,0.7361,0.736,63702500,0.735,109057600,0.734,84368900,0.733,38415600,0.732,39230200,0.737,45861000,0.738,62200600,0.739,45701600,0.74,37351000,0.741,30613200,520,100,0
sh513130,09:33:28,1764725611077,5597.13,0.9078,2.9737,0.736,0.7364,-0.0543,527200,388363,0.7367,0.736,65655700,0.735,110654500,0.734,84341000,0.733,38504800,0.732,39280600,0.737,50495600,0.738,63061900,0.739,45811800,0.74,32351000,0.741,30608600,553,100,0
sh513130,09:33:31,1764725614095,5597.41,0.9078,3.9044,0.737,0.7364,0.0815,325800,240113,0.737,0.736,66541700,0.735,112454900,0.734,84471600,0.733,38504800,0.732,39212200,0.737,46261400,0.738,64056600,0.739,45811800,0.74,37351000,0.741,30658600,66,100,0
sh513130,09:33:34,1764725616094,5597.65,0.9078,4.2214,0.737,0.7364,0.0815,1227200,904445,0.737,0.736,68086700,0.735,113580400,0.734,84472600,0.733,38497200,0.732,39212700,0.737,45193100,0.738,64042700,0.739,45861800,0.74,37399000,0.741,30732300,1565,100,0
sh513130,09:33:37,1764725619107,5597.35,0.9078,5.067,0.737,0.7364,0.0815,59000,43483,0.737,0.736,69669900,0.735,114531000,0.734,84477600,0.733,38497500,0.732,39226700,0.737,47853900,0.738,62950000,0.739,45934400,0.74,37548200,0.741,30867300,583,100,0
sh513130,09:33:40,1764725622100,5597.73,0.9078,3.7754,0.737,0.7364,0.0815,1168200,860270,0.7364,0.736,72283100,0.735,115594600,0.734,84658200,0.733,38459500,0.732,39228700,0.737,44917100,0.738,63949900,0.739,47934200,0.74,37558200,0.741,31107600,1609,100,0
sh513130,09:33:43,1764725626101,5598.96,0.9078,4.0434,0.736,0.7364,-0.0543,1142300,841839,0.737,0.736,73730500,0.735,115936600,0.734,84653100,0.733,38459500,0.732,39138700,0.737,44179900,0.738,63949900,0.739,48300400,0.74,37625500,0.741,31107600,1303,100,0
sh513130,09:33:46,1764725628112,5599.5,0.9078,5.0897,0.737,0.7364,0.0815,464500,342333,0.737,0.736,74564200,0.735,117267800,0.734,84653100,0.733,38476300,0.732,39141700,0.737,42492600,0.738,64759700,0.739,48800400,0.74,37625500,0.741,31107600,1149,100,0
sh513130,09:33:49,1764725631118,5599.8,0.9078,4.0364,0.737,0.7364,0.0815,493600,363748,0.7369,0.736,80229000,0.735,123986000,0.734,89670900,0.733,38476800,0.732,39151700,0.737,33764100,0.738,65718000,0.739,56818000,0.74,37722100,0.741,31107600,286,100,0
sh513130,09:33:52,1764725635118,5597.79,0.9078,5.5099,0.737,0.7364,0.0815,7464800,5501518,0.737,0.736,81625100,0.735,124131100,0.734,79298600,0.733,38464800,0.732,39161700,0.737,47411800,0.738,45577900,0.739,46834600,0.74,37722100,0.741,31107600,610,100,0
sh513130,09:33:55,1764725637123,5597.09,0.9078,5.1551,0.737,0.7371,-0.0136,142600,105096,0.737,0.736,65693600,0.735,131501300,0.734,79388100,0.733,45464800,0.732,39348400,0.737,52039200,0.738,46516800,0.739,46834700,0.74,32752100,0.741,31107600,519,100,0
sh513130,09:33:58,1764725640126,5597.02,0.9078,3.2164,0.737,0.7371,-0.0136,269300,198392,0.7367,0.736,55278200,0.735,131612400,0.734,79484900,0.733,56305400,0.732,39348400,0.737,52337400,0.738,46556800,0.739,46834900,0.74,32805100,0.741,31107600,240,100,0
sh513130,09:34:01,1764725643140,5595.61,0.9078,3.0456,0.737,0.7371,-0.0136,216300,159411,0.737,0.736,45830000,0.735,125541100,0.734,79456600,0.733,60675600,0.732,39362000,0.737,53486400,0.738,46576300,0.739,45844900,0.74,32805100,0.741,31107600,652,100,0
sh513130,09:34:04,1764725647139,5595.96,0.9078,2.1772,0.737,0.7371,-0.0136,597800,440571,0.737,0.736,78897700,0.735,119090300,0.734,79471200,0.733,38297600,0.732,39367000,0.737,53078500,0.738,47337400,0.739,45844900,0.74,32805100,0.741,31137600,559,100,0
sh513130,09:34:07,1764725649142,5595.81,0.9078,3.8829,0.737,0.7357,0.1767,647800,477061,0.7364,0.736,81364700,0.735,119915800,0.734,79494400,0.733,38297600,0.732,39370000,0.737,53133100,0.738,47648600,0.739,46017200,0.74,32921000,0.741,31137600,566,100,0
sh513130,09:34:10,1764725652147,5597.81,0.9078,4.6962,0.737,0.7363,0.0951,321800,237166,0.737,0.736,85260200,0.735,119973800,0.734,79617100,0.733,38315400,0.732,39370000,0.737,45641800,0.738,48689800,0.739,49007000,0.74,37921000,0.741,31137600,1497,100,0
sh513130,09:34:13,1764725655146,5599.06,0.9078,7.5209,0.737,0.7363,0.0951,54400,40079,0.7367,0.736,87949600,0.735,120653000,0.734,79445600,0.733,38789700,0.732,39370200,0.737,26675600,0.738,54732300,0.739,61006800,0.74,37921000,0.741,31137600,193,100,0
sh513130,09:34:16,1764725659158,5598.09,0.9078,5.1723,0.737,0.7363,0.0951,1246000,918200,0.7369,0.736,90373100,0.735,121838200,0.734,79469400,0.733,38922200,0.732,39370200,0.737,26503700,0.738,54885900,0.739,60999000,0.74,37920000,0.741,31277600,605,100,0
sh513130,09:34:19,1764725662195,5598.96,0.9078,4.0841,0.737,0.7363,0.0951,406100,299295,0.737,0.736,93207400,0.735,122716900,0.734,79206100,0.733,38944700,0.732,39385200,0.737,22150400,0.738,54885900,0.739,60999000,0.74,38049900,0.741,31277600,798,100,0
sh513130,09:34:22,1764725665163,5599.81,0.9078,4.8965,0.737,0.7363,0.0951,1057000,779009,0.737,0.736,95235100,0.735,123718800,0.734,79300500,0.733,38934700,0.732,39437400,0.737,26439100,0.738,55085900,0.739,60999000,0.74,38246500,0.741,31298100,670,100,0
sh513130,09:34:25,1764725668171,5600.54,0.9078,5.8794,0.736,0.7369,-0.1221,341300,251538,0.737,0.736,96863800,0.735,123802800,0.734,79314100,0.733,38957800,0.732,39477400,0.737,17872700,0.738,52502700,0.739,61303800,0.74,38246500,0.741,31309500,312,100,0
sh513130,09:34:28,1764725670182,5600.88,0.9078,3.7409,0.737,0.7369,0.0136,799400,589141,0.737,0.736,98275500,0.735,123358600,0.734,79379100,0.733,38957800,0.732,39477400,0.737,17355600,0.738,51612800,0.739,61303800,0.74,38238500,0.741,32309500,172,100,0
sh513130,09:34:31,1764725674188,5599.7,0.9078,2.5223,0.737,0.7369,0.0136,501100,369295,0.737,0.736,99946900,0.735,123130300,0.734,79393700,0.733,38963800,0.732,39477400,0.737,25552100,0.738,52662800,0.739,60007200,0.74,38238500,0.741,31309500,1708,100,0
sh513130,09:34:34,1764725676180,5599.7,0.9078,1.6554,0.737,0.7369,0.0136,430500,317227,0.7369,0.736,102087300,0.735,123403200,0.734,79763600,0.733,38086100,0.732,39481100,0.737,47215800,0.738,46023500,0.739,47269600,0.74,38238500,0.741,31309500,1721,100,0
sh513130,09:34:37,1764725679187,5599.06,0.9078,2.2894,0.737,0.737,0.0,253400,186756,0.737,0.736,104763200,0.735,123800000,0.734,79764600,0.733,38086100,0.732,39510500,0.737,47395000,0.738,46035500,0.739,48129600,0.74,38545200,0.741,31309500,564,100,0
sh513130,09:34:40,1764725682191,5597.5,0.9078,2.6759,0.737,0.737,0.0,136900,100895,0.737,0.736,99635800,0.735,122876600,0.734,79764600,0.733,38100700,0.732,39520500,0.737,53561400,0.738,46946700,0.739,47189600,0.74,33545200,0.741,31329500,1418,100,0
sh513130,09:34:43,1764725685200,5596.83,0.9078,1.5773,0.737,0.737,0.0,835700,615892,0.737,0.736,100690400,0.735,122920100,0.734,79767600,0.733,38100700,0.732,39500500,0.737,52128900,0.738,48172900,0.739,48035300,0.74,33764100,0.741,31329500,130,100,0
sh513130,09:34:46,1764725688213,5596.38,0.9078,4.0606,0.737,0.7363,0.0951,729200,537420,0.737,0.736,70864900,0.735,132066300,0.734,79779000,0.733,60515700,0.732,39501500,0.737,52483900,0.738,49253900,0.739,47045300,0.74,33764100,0.741,31329500,996,100,0
sh513130,09:34:49,1764725691217,5596.47,0.9078,5.9639,0.737,0.7363,0.0951,307300,226480,0.737,0.736,82789300,0.735,119763200,0.734,74779000,0.733,48195700,0.732,39502500,0.737,52325200,0.738,49219900,0.739,46756500,0.74,33845000,0.741,31420800,711,100,0
sh513130,09:34:52,1764725695218,5595.93,0.9078,3.5994,0.737,0.7363,0.0951,706600,520758,0.737,0.736,93307600,0.735,120796600,0.734,74771200,0.733,38185700,0.732,39502500,0.737,52205900,0.738,49169900,0.739,46556500,0.74,33845000,0.741,31420800,728,100,0
sh513130,09:34:55,1764725697213,5596.25,0.9078,2.8161,0.736,0.7363,-0.0407,83500,61527,0.7369,0.736,93422900,0.735,122736900,0.734,74771200,0.733,37172900,0.732,39502500,0.737,52482300,0.738,48063900,0.739,46556500,0.74,33905000,0.741,31420800,688,100,0
sh513130,09:34:58,1764725701213,5598.19,0.9078,3.1553,0.737,0.7363,0.0951,221700,163193,0.7361,0.736,93808300,0.735,123770000,0.734,74772100,0.733,37202900,0.732,39505200,0.737,46638400,0.738,48293000,0.739,47546500,0.74,38905000,0.741,31357100,592,100,0
sh513130,09:35:01,1764725703216,5598.33,0.9078,3.5387,0.737,0.7363,0.0951,1071900,789969,0.737,0.736,95248500,0.735,124757800,0.734,74779700,0.733,42199900,0.732,39512200,0.737,45860400,0.738,48386600,0.739,47850700,0.74,38906400,0.741,31357100,584,100,0
sh513130,09:35:04,1764725706235,5598.18,0.9078,2.58,0.737,0.7363,0.0951,452500,333483,0.737,0.736,96137100,0.735,126058500,0.734,74824700,0.733,42259900,0.732,39525100,0.737,45597800,0.738,48486600,0.739,47508200,0.74,38906400,0.741,31347100,1676,100,0
sh513130,09:35:07,1764725709227,5600.01,0.9078,2.4739,0.737,0.7363,0.0951,391700,288613,0.7368,0.736,96257800,0.735,127047700,0.734,74820900,0.733,42254900,0.732,39555100,0.737,45726800,0.738,49390400,0.739,47508200,0.74,38906400,0.741,31347100,419,100,0
sh513130,09:35:10,1764725712234,5599.43,0.9078,2.4623,0.737,0.7362,0.1087,661700,487673,0.737,0.736,101281800,0.735,132066200,0.734,79807300,0.733,42274900,0.732,39555100,0.737,55326800,0.738,56390400,0.739,46041300,0.74,33986400,0.741,31347100,1264,100,0
sh513130,09:35:13,1764725716241,5597.97,0.9078,2.9974,0.737,0.7362,0.1087,407500,300327,0.737,0.736,101779800,0.735,133416600,0.734,79802300,0.733,42260400,0.732,39615100,0.737,56254200,0.738,55390400,0.739,44957900,0.74,33986400,0.741,31468600,983,100,0
sh513130,09:35:16,1764725718239,5597.89,0.9078,2.933,0.737,0.7362,0.1087,158900,117102,0.737,0.736,96964400,0.735,132664000,0.734,80679100,0.733,47155400,0.732,39615100,0.737,57220700,0.738,56390400,0.739,44957900,0.74,33487000,0.741,31468600,832,100,0
sh513130,09:35:19,1764725721243,5597.9,0.9078,2.7077,0.737,0.7362,0.1087,1226100,903624,0.737,0.736,79902000,0.735,141237200,0.734,81550900,0.733,57155400,0.732,39635100,0.737,59180500,0.738,56533800,0.739,44957900,0.74,32487000,0.741,31468600,713,100,0
sh513130,09:35:22,1764725724237,5597.85,0.9078,2.7528,0.737,0.7362,0.1087,177700,130965,0.737,0.736,103531800,0.735,134707200,0.734,82536700,0.733,42161600,0.732,39585100,0.737,57829000,0.738,56670800,0.739,44957900,0.74,34037000,0.741,31468600,358,100,0
sh513130,09:35:25,1764725728257,5597.04,0.9078,3.1224,0.737,0.7362,0.1087,464100,342009,0.7369,0.736,96573300,0.735,142380400,0.734,83444500,0.733,42184600,0.732,39582100,0.737,59034800,0.738,57727400,0.739,44977900,0.74,32547000,0.741,31468600,55,100,0
sh513130,09:35:28,1764725732271,5595.48,0.9078,1.3703,0.737,0.7362,0.1087,914400,673643,0.7367,0.736,51110800,0.735,142215600,0.734,84310300,0.733,63574600,0.732,39582100,0.737,58589300,0.738,57980700,0.739,44977900,0.74,32548000,0.741,31468600,1811,100,0
sh513130,09:35:31,1764725733262,5593.21,0.9078,0.9088,0.737,0.7362,0.1087,93300,68759,0.737,0.736,49796700,0.735,142212700,0.734,85166600,0.733,64074600,0.732,39589800,0.737,58826800,0.738,57980700,0.739,45139100,0.74,32626400,0.741,31468700,721,100,0
sh513130,09:35:34,1764725736270,5594.14,0.9078,2.9667,0.737,0.7362,0.1087,103600,76353,0.737,0.736,59757400,0.735,142324400,0.734,86032400,0.733,56298600,0.732,39599800,0.737,59697800,0.738,58786900,0.739,45139000,0.74,32626400,0.741,31468700,1596,100,0
sh513130,09:35:37,1764725740271,5593.51,0.9078,3.413,0.737,0.7362,0.1087,71500,52645,0.7363,0.736,78872900,0.735,142277500,0.734,87764000,0.733,56248600,0.732,39599800,0.737,59900700,0.738,60529100,0.739,45139000,0.74,32626400,0.741,31468700,1302,100,0
sh513130,09:35:40,1764725742266,5593.37,0.9078,1.1981,0.737,0.7362,0.1087,68700,50631,0.737,0.736,78972300,0.735,141515100,0.734,88723300,0.733,56258600,0.732,39599800,0.737,62929700,0.738,61390600,0.739,45139000,0.74,32626400,0.741,32129800,1136,100,0
sh513130,09:35:43,1764725745277,5592.81,0.9078,0.9192,0.737,0.7362,0.1087,228800,168615,0.737,0.736,60304200,0.735,141532400,0.734,89593900,0.733,55964300,0.732,39618100,0.737,62970200,0.738,62251400,0.739,45139000,0.74,32630400,0.741,32129800,765,100,0
sh513130,09:35:46,1764725748277,5593.01,0.9078,1.5366,0.736,0.7362,-0.0272,333000,245405,0.737,0.736,82391600,0.735,141523600,0.734,90459600,0.733,55999300,0.732,39621100,0.737,63610500,0.738,62262000,0.739,45139000,0.74,32630400,0.741,32150100,703,100,0
sh513130,09:35:49,1764725751292,5594.02,0.9078,4.4807,0.737,0.7362,0.1087,44900,33084,0.7368,0.736,106157900,0.735,134191300,0.734,90429000,0.733,40999300,0.732,39621100,0.737,64093700,0.738,61263000,0.739,45139000,0.74,32711600,0.741,32100100,783,100,0
sh513130,09:35:52,1764725755290,5594.59,0.9078,5.2464,0.737,0.7362,0.1087,174600,128619,0.7366,0.736,97745800,0.735,141624000,0.734,90479000,0.733,41579800,0.732,39621100,0.737,64410300,0.738,64000000,0.739,45118400,0.74,32711600,0.741,32100100,756,100,0
sh513130,09:35:55,1764725757295,5594.79,0.9078,4.7768,0.737,0.7362,0.1087,513600,378216,0.7364,0.736,106158400,0.735,133162400,0.734,90479000,0.733,41559800,0.732,39631100,0.737,63299100,0.738,63861000,0.739,45082300,0.74,35211600,0.741,32100100,759,100,0
sh513130,09:35:58,1764725760290,5595.3,0.9078,4.2059,0.737,0.7362,0.1087,209300,154147,0.7365,0.736,82193200,0.735,141592200,0.734,90549000,0.733,56564800,0.732,39641100,0.737,64982300,0.738,65722000,0.739,45100100,0.74,33741600,0.741,32100100,1774,100,0
sh513130,09:36:01,1764725763306,5594.11,0.9078,3.143,0.737,0.7362,0.1087,211500,155864,0.7369,0.736,85807000,0.735,141496000,0.734,90580000,0.733,56561000,0.732,39641300,0.737,66936700,0.738,66583000,0.739,45140100,0.74,33741600,0.741,32100100,626,100,0
sh513130,09:36:04,1764725767301,5593.33,0.9078,2.1169,0.737,0.7362,0.1087,86600,63799,0.7367,0.736,90711500,0.735,142419200,0.734,90600000,0.733,51555500,0.732,39930100,0.737,66859700,0.738,67444000,0.739,45074300,0.74,33741600,0.741,32100100,314,100,0
sh513130,09:36:07,1764725770316,5594.64,0.9078,1.1961,0.737,0.7362,0.1087,434200,320005,0.737,0.736,91016000,0.735,142501300,0.734,90531800,0.733,41587000,0.732,39944700,0.737,67858200,0.738,67444000,0.739,45074300,0.74,33767900,0.741,32100100,1171,100,0
sh513130,09:36:10,1764725772315,5594.54,0.9078,1.7827,0.737,0.7355,0.2039,191300,140988,0.737,0.736,94491500,0.735,134281300,0.734,90563700,0.733,56733300,0.732,39951700,0.737,68527500,0.738,67438600,0.739,45655100,0.74,33767900,0.741,32100400,1022,100,0
sh513130,09:36:13,1764725776323,5592.07,0.9078,1.397,0.736,0.7355,0.068,54625900,40204763,0.736,0.735,129573000,0.734,89563700,0.733,63613300,0.732,39953700,0.731,41568500,0.736,67080500,0.737,50359300,0.738,65263800,0.739,50540700,0.74,33797900,731,100,0
sh513130,09:36:16,1764725777330,5591.09,0.9078,0.8936,0.736,0.7355,0.068,397500,292560,0.736,0.735,128768400,0.734,90732200,0.733,64603300,0.732,39953700,0.731,41569000,0.736,60366500,0.737,49604900,0.738,64283800,0.739,50140700,0.74,33911900,816,100,0
sh513130,09:36:19,1764725782360,5590.5,0.9078,1.6858,0.736,0.7355,0.068,840900,618902,0.736,0.735,128873100,0.734,91597900,0.733,64605000,0.732,39963700,0.731,41569000,0.736,70168100,0.737,49385700,0.738,64283800,0.739,40140700,0.74,33911900,296,100,0
sh513130,09:36:22,1764725784335,5590.41,0.9078,2.693,0.736,0.7355,0.068,207400,152641,0.736,0.735,128792000,0.734,93468100,0.733,64605000,0.732,39963700,0.731,41569000,0.736,63535300,0.737,48090900,0.738,64413800,0.739,45278600,0.74,33915900,120,100,0
sh513130,09:36:25,1764725787337,5589.56,0.9078,2.7099,0.736,0.7355,0.068,751300,552957,0.736,0.735,128761400,0.734,93361100,0.733,64605200,0.732,39950100,0.731,41569000,0.736,62378400,0.737,50759300,0.738,64122800,0.739,50278600,0.74,33915900,825,100,0
sh513130,09:36:28,1764725790336,5589.38,0.9078,1.8625,0.736,0.7355,0.068,402100,295895,0.7359,0.735,128541800,0.734,94232900,0.733,64605200,0.732,39951100,0.731,41570200,0.736,74974300,0.737,51504000,0.738,63922800,0.739,31502300,0.74,33915900,1826,100,0
sh513130,09:36:31,1764725793354,5589.64,0.9078,1.7889,0.736,0.7355,0.068,569900,419354,0.7358,0.735,128704100,0.734,94625600,0.733,64639400,0.732,39956100,0.731,41600200,0.736,69937800,0.737,51001300,0.738,64062800,0.739,36556100,0.74,33915900,544,100,0
sh513130,09:36:34,1764725796350,5589.35,0.9078,3.2515,0.736,0.7355,0.068,442600,325753,0.736,0.735,128861500,0.734,94649200,0.733,65521800,0.732,39956100,0.731,41602200,0.736,76273400,0.737,47799400,0.738,64121400,0.739,31609500,0.74,33915900,1384,100,0
sh513130,09:36:37,1764725799359,5588.5,0.9078,2.8229,0.736,0.7355,0.068,781400,574833,0.7356,0.735,129617400,0.734,94679200,0.733,66497800,0.732,39919100,0.731,41602200,0.736,76400500,0.737,48939600,0.738,64121400,0.739,31619500,0.74,33918700,99,100,0
sh513130,09:36:40,1764725803363,5589.73,0.9078,4.5478,0.736,0.7355,0.068,480800,353810,0.7359,0.735,131776900,0.734,94698700,0.733,67364700,0.732,39924100,0.731,41602300,0.736,79258000,0.737,48010600,0.738,64121400,0.739,31620500,0.74,33988000,853,100,0
sh513130,09:36:43,1764725805358,5589.3,0.9078,4.2029,0.736,0.7355,0.068,139100,102340,0.7357,0.735,134444800,0.734,94698700,0.733,68206600,0.732,39929100,0.731,41602300,0.736,72947300,0.737,48640000,0.738,64251600,0.739,44217800,0.74,34013000,878,100,0
sh513130,09:36:46,1764725808371,5590.74,0.9078,7.0016,0.736,0.7355,0.068,676400,497687,0.7358,0.735,135827900,0.734,91072600,0.733,64743000,0.732,39929100,0.731,41602300,0.736,34298200,0.737,57231400,0.738,78188300,0.739,49320800,0.74,33736700,501,100,0
sh513130,09:36:49,1764725811379,5592.65,0.9078,6.6137,0.736,0.7355,0.068,16336700,12023811,0.736,0.736,50579800,0.735,135322200,0.734,91091600,0.733,52283000,0.732,39933100,0.737,57850400,0.738,79178300,0.739,49720800,0.74,33656700,0.741,35446500,887,100,0
sh513130,09:36:52,1764725815386,5592.38,0.9078,4.2533,0.736,0.7355,0.068,1038100,764042,0.736,0.736,42960100,0.735,135817100,0.734,92007700,0.733,56880100,0.732,39933600,0.737,58942700,0.738,79181300,0.739,49804500,0.74,33656700,0.741,35476600,820,100,0
sh513130,09:36:55,1764725817395,5593.07,0.9078,3.1151,0.736,0.7355,0.068,19835200,14598710,0.736,0.735,135647100,0.734,92873900,0.733,57280100,0.732,39933600,0.731,41605000,0.736,18164300,0.737,60411000,0.738,79196100,0.739,49804500,0.74,33656700,906,100,0
sh513130,09:36:58,1764725821375,5591.99,0.9078,2.2943,0.736,0.7355,0.068,56000,41216,0.736,0.735,135191100,0.734,93820200,0.733,57280100,0.732,39943600,0.731,42018600,0.736,9569400,0.737,60406900,0.738,79224700,0.739,49370800,0.74,34114000,577,100,0
sh513130,09:37:01,1764725823384,5592.47,0.9078,1.8061,0.736,0.7355,0.068,12957400,9536618,0.736,0.736,6386200,0.735,135460900,0.734,95670300,0.733,57293600,0.732,39943600,0.737,61724600,0.738,79296800,0.739,49390800,0.74,34109400,0.741,35633400,424,100,0
sh513130,09:37:04,1764725827404,5592.57,0.9078,1.8794,0.736,0.7355,0.068,11113000,8179181,0.736,0.736,15804100,0.735,135619700,0.734,99567000,0.733,56996600,0.732,39953600,0.737,61926900,0.738,79176900,0.739,49790800,0.74,34109400,0.741,35634400,146,100,0
sh513130,09:37:07,1764725829398,5592.78,0.9078,2.5092,0.736,0.7355,0.068,8913700,6560490,0.736,0.736,2586900,0.735,135778100,0.734,101980600,0.733,57086100,0.732,39979900,0.737,62011200,0.738,79176900,0.739,49788800,0.74,34052400,0.741,36008000,862,100,0
sh513130,09:37:10,1764725833406,5592.58,0.9078,3.072,0.736,0.7355,0.068,3334100,2453833,0.736,0.736,8500,0.735,135835000,0.734,102017800,0.733,57952900,0.732,40003400,0.737,63151800,0.738,79176900,0.739,49788800,0.74,34067200,0.741,36008000,855,100,0
sh513130,09:37:13,1764725836412,5592.69,0.9078,3.6536,0.736,0.7355,0.068,739100,544008,0.736,0.735,135877500,0.734,102048300,0.733,58819700,0.732,40003400,0.731,42126700,0.736,2987000,0.737,78970000,0.738,79248200,0.739,49788800,0.74,34133000,1,100,0
sh513130,09:37:16,1764725838418,5592.69,0.9078,4.3368,0.736,0.7355,0.068,606300,446237,0.736,0.735,135710000,0.734,101749100,0.733,59716600,0.732,40023400,0.731,42126700,0.736,32063400,0.737,72161900,0.738,65249400,0.739,49388800,0.74,34133000,406,100,0
sh513130,09:37:19,1764725841414,5591.87,0.9078,2.2932,0.736,0.7355,0.068,484300,356445,0.736,0.735,149223900,0.734,100772100,0.733,60584200,0.732,40023400,0.731,42126700,0.736,34334600,0.737,73350700,0.738,65252400,0.739,51644800,0.74,34133000,942,100,0
sh513130,09:37:22,1764725844421,5591.89,0.9078,2.2736,0.736,0.7354,0.0816,580800,427468,0.736,0.735,149426900,0.734,100786800,0.733,61457900,0.732,40173400,0.731,42126700,0.736,46789500,0.737,72763000,0.738,65252400,0.739,42888800,0.74,34305900,1959,100,0
sh513130,09:37:25,1764725847420,5589.77,0.9078,0.7866,0.736,0.7355,0.068,970200,714066,0.736,0.735,149123900,0.734,100816100,0.733,62324700,0.732,40598400,0.731,42400200,0.736,55913600,0.737,71351000,0.738,64448000,0.739,34967100,0.74,34306500,788,100,0
sh513130,09:37:28,1764725850426,5589.76,0.9078,1.9467,0.735,0.7355,-0.068,706100,519653,0.7359,0.735,144088100,0.734,114215500,0.733,63191500,0.732,48110100,0.731,42421200,0.736,58667000,0.737,71718500,0.738,64416600,0.739,35008800,0.74,34306500,1647,100,0
sh513130,09:37:31,1764725853461,5590.05,0.9078,4.3278,0.736,0.7355,0.068,113400,83462,0.736,0.735,150280700,0.734,114346300,0.733,64063800,0.732,43111400,0.731,42421200,0.736,60190500,0.737,71410100,0.738,64416600,0.739,35008800,0.74,34301000,371,100,0
sh513130,09:37:34,1764725856433,5591.82,0.9078,4.8505,0.736,0.7355,0.068,173100,127402,0.736,0.735,151724100,0.734,115544000,0.733,65030600,0.732,42711400,0.731,42448600,0.736,48094200,0.737,69627600,0.738,64436400,0.739,49814800,0.74,34301000,9,100,0
sh513130,09:37:37,1764725859451,5592.06,0.9078,3.2055,0.735,0.7355,-0.068,229400,168713,0.7355,0.735,151834700,0.734,115545600,0.733,73280400,0.732,42711400,0.731,42548400,0.736,43236000,0.737,76941000,0.738,65587800,0.739,54889500,0.74,34050700,980,100,0
sh513130,09:37:40,1764725862492,5592.64,0.9078,2.473,0.735,0.7354,-0.0544,83100,61103,0.7353,0.735,152025400,0.734,115571100,0.733,74128500,0.732,42711400,0.731,42548400,0.736,59634800,0.737,76945000,0.738,65520600,0.739,44964400,0.74,34065700,61,100,0
sh513130,09:37:43,1764725864447,5591.86,0.9078,2.4755,0.735,0.7354,-0.0544,317600,233636,0.7356,0.735,151971500,0.734,114635600,0.733,75037900,0.732,42711400,0.731,42558100,0.736,69385100,0.737,78472900,0.738,65520600,0.739,35233300,0.74,34075700,6,100,0
sh513130,09:37:46,1764725868472,5591.6,0.9078,2.693,0.735,0.7354,-0.0544,285600,210004,0.7353,0.735,152248800,0.734,114460700,0.733,75054300,0.732,42716700,0.731,42558100,0.736,69921300,0.737,79430000,0.738,65520600,0.739,33233300,0.74,34085700,58,100,0
sh513130,09:37:49,1764725870458,5591.84,0.9078,2.6984,0.735,0.7354,-0.0544,588000,432459,0.7355,0.735,153047000,0.734,114626900,0.733,75081900,0.732,42966700,0.731,42608800,0.736,71300700,0.737,79980500,0.738,65520600,0.739,32253300,0.74,34085700,29,100,0
sh513130,09:37:52,1764725875466,5593.56,0.9078,6.0383,0.736,0.7355,0.068,568100,418092,0.7359,0.735,153303900,0.734,115688600,0.733,75190800,0.732,42966700,0.731,42608800,0.736,38738000,0.737,86042000,0.738,67449100,0.739,51009300,0.74,34129700,823,100,0
sh513130,09:37:55,1764725877469,5593.84,0.9078,4.8133,0.736,0.7355,0.068,219400,161473,0.736,0.735,153394900,0.734,115891300,0.733,75206300,0.732,42965700,0.731,42638400,0.736,11743600,0.737,93765100,0.738,78314600,0.739,51009300,0.74,34119700,701,100,0
sh513130,09:37:58,1764725881472,5593.96,0.9078,5.421,0.736,0.7355,0.068,1024000,753592,0.7359,0.735,154582800,0.734,115914300,0.733,75235400,0.732,43099400,0.731,42738400,0.736,11185600,0.737,96068400,0.738,78383000,0.739,51009300,0.74,34119700,399,100,0
sh513130,09:38:01,1764725883472,5594.17,0.9078,4.3914,0.736,0.7355,0.068,521300,383677,0.736,0.735,154804600,0.734,115918100,0.733,75233400,0.732,43139400,0.731,42765700,0.736,11158900,0.737,97768800,0.738,78383000,0.739,51409300,0.74,34119700,249,100,0
sh513130,09:38:04,1764725886471,5593.75,0.9078,4.2544,0.736,0.7355,0.068,327100,240638,0.7357,0.735,154821600,0.734,115944000,0.733,75250400,0.732,43152700,0.731,42865700,0.736,13588500,0.737,98681600,0.738,78383000,0.739,51449300,0.74,34131400,30,100,0
sh513130,09:38:07,1764725890501,5593.67,0.9078,2.1228,0.736,0.7355,0.068,1116400,821320,0.7357,0.735,154250800,0.734,115995200,0.733,75264100,0.732,43152700,0.731,42874600,0.736,49305900,0.737,91644500,0.738,65384300,0.739,46049300,0.74,34198000,65,100,0
sh513130,09:38:10,1764725892479,5594.11,0.9078,1.8349,0.736,0.7354,0.0816,138400,101862,0.736,0.735,154373700,0.734,116048800,0.733,75342300,0.732,43152700,0.731,42889600,0.736,42216900,0.737,94883200,0.738,67391100,0.739,51049300,0.74,34195000,1,100,0
sh513130,09:38:13,1764725896499,5594.33,0.9078,1.4192,0.736,0.7354,0.0816,215600,158679,0.736,0.735,155048300,0.734,116614000,0.733,75406500,0.732,43221200,0.731,42892600,0.736,14965700,0.737,102745600,0.738,78390000,0.739,51449300,0.74,34195000,1,100,0
sh513130,09:38:16,1764725899488,5593.74,0.9078,2.1848,0.736,0.7354,0.0816,122800,90380,0.736,0.735,155080100,0.734,116682700,0.733,75466500,0.732,43348700,0.731,42892600,0.736,43905900,0.737,96518300,0.738,67481100,0.739,51109300,0.74,34195000,936,100,0
sh513130,09:38:19,1764725901497,5593.49,0.9078,2.3762,0.736,0.7354,0.0816,439800,323663,0.7359,0.735,155205600,0.734,117895200,0.733,74581900,0.732,43362400,0.731,42897600,0.736,52708100,0.737,96536900,0.738,65488800,0.739,46109300,0.74,34195000,977,100,0
sh513130,09:38:22,1764725904501,5593.1,0.9078,3.6487,0.736,0.7354,0.0816,178900,131669,0.736,0.735,155374800,0.734,117999200,0.733,74826800,0.732,43467800,0.731,42947600,0.736,57563400,0.737,96883200,0.738,65557800,0.739,34153300,0.74,34195000,71,100,0
sh513130,09:38:25,1764725907505,5593.04,0.9078,1.8709,0.736,0.7354,0.0816,1102100,810133,0.7351,0.735,154199600,0.734,118304100,0.733,74869800,0.732,43527800,0.731,42977600,0.736,52801000,0.737,96883200,0.738,65557800,0.739,44959300,0.74,34195000,598,100,0
sh513130,09:38:28,1764725910515,5591.39,0.9078,0.8834,0.736,0.7354,0.0816,257000,189132,0.7359,0.735,154509900,0.734,117596100,0.733,74918700,0.732,43560500,0.731,42977600,0.736,72469100,0.737,91931600,0.738,65557800,0.739,32303300,0.74,34446100,77,100,0
sh513130,09:38:31,1764725913535,5591.12,0.9078,3.7871,0.736,0.7354,0.0816,85900,63222,0.736,0.735,154831300,0.734,117596100,0.733,74928700,0.732,43609700,0.731,42977600,0.736,75757100,0.737,91977800,0.738,64567800,0.739,32354300,0.74,34446100,167,100,0
sh513130,09:38:34,1764725916515,5589.51,0.9078,2.6769,0.736,0.7354,0.0816,1122700,825295,0.7351,0.735,129787000,0.734,117561100,0.733,77418700,0.732,53559700,0.731,42977600,0.736,75718700,0.737,92091200,0.738,64562800,0.739,32354300,0.74,34446100,15,100,0
sh513130,09:38:37,1764725919513,5589.93,0.9078,3.0617,0.736,0.7354,0.0816,157300,115771,0.736,0.735,129118500,0.734,111008100,0.733,77418700,0.732,58619700,0.731,42977600,0.736,76706900,0.737,87385700,0.738,54243900,0.739,32219700,0.74,34446100,1012,100,0
sh513130,09:38:40,1764725922527,5588.72,0.9078,3.5167,0.736,0.7347,0.1769,277000,203622,0.7351,0.735,124453700,0.734,110498000,0.733,78333400,0.732,58630400,0.731,42977600,0.736,77203500,0.737,86985700,0.738,54243900,0.739,32219700,0.74,34446100,99,100,0
sh513130,09:38:43,1764725925535,5587.89,0.9078,4.5305,0.736,0.7347,0.1769,1269500,933320,0.7352,0.735,103390200,0.734,109357200,0.733,97185600,0.732,58795400,0.731,42977600,0.736,77281200,0.737,87084700,0.738,54243900,0.739,32276700,0.74,34513300,1059,100,0
sh513130,09:38:46,1764725928535,5587.86,0.9078,5.5062,0.735,0.7347,0.0408,290800,213928,0.7357,0.735,119988100,0.734,109357200,0.733,98080500,0.732,58795400,0.731,42977600,0.736,77357700,0.737,87063700,0.738,54243900,0.739,32276700,0.74,34513300,46,100,0
sh513130,09:38:49,1764725931536,5587.05,0.9078,4.2429,0.736,0.7347,0.1769,1571100,1155287,0.7353,0.735,100903100,0.734,109398500,0.733,99091500,0.732,58945000,0.731,42970700,0.736,77201600,0.737,86975400,0.738,53746000,0.739,32276700,0.74,34514300,916,100,0
sh513130,09:38:52,1764725934531,5587.4,0.9078,3.4547,0.736,0.7347,0.1769,330800,243209,0.7352,0.735,123795900,0.734,109405400,0.733,99960200,0.732,58946000,0.731,42970700,0.736,78498400,0.737,87046800,0.738,53746000,0.739,32376700,0.74,34514300,24,100,0
sh513130,09:38:55,1764725937547,5587.18,0.9078,2.3161,0.736,0.7347,0.1769,1048600,770760,0.735,0.735,94167200,0.734,109405500,0.733,100225100,0.732,64326000,0.731,42977500,0.736,80044000,0.737,87375300,0.738,53821300,0.739,32383500,0.74,34522500,476,100,0
sh513130,09:38:58,1764725941544,5587.78,0.9078,2.992,0.736,0.7347,0.1769,266200,195709,0.7352,0.735,98762100,0.734,109345500,0.733,100245100,0.732,59816400,0.731,42995600,0.736,82649400,0.737,87470300,0.738,54073100,0.739,32383500,0.74,34423300,168,100,0
sh513130,09:39:01,1764725944560,5586.95,0.9078,1.5847,0.735,0.7347,0.0408,2269600,1668169,0.735,0.735,88617200,0.734,109901600,0.733,100584100,0.732,68417600,0.731,43028000,0.736,84008800,0.737,87763300,0.738,54408500,0.739,32416400,0.74,34507200,32,100,0
sh513130,09:39:04,1764725947567,5586.61,0.9078,3.9855,0.736,0.7347,0.1769,36500,26859,0.7359,0.735,98183800,0.734,110220100,0.733,100584200,0.732,61151500,0.731,43033000,0.736,84648800,0.737,74452600,0.738,54409500,0.739,32416400,0.74,34508200,1059,100,0
sh513130,09:39:07,1764725948570,5587.14,0.9078,3.5281,0.735,0.7347,0.0408,1956400,1438747,0.7354,0.735,123713600,0.734,110292200,0.733,96003800,0.732,56161500,0.731,43114300,0.736,84596300,0.737,74457600,0.738,54449400,0.739,32416400,0.74,34519400,62,100,0
sh513130,09:39:07,1764725950572,5586.51,0.9078,4.0456,0.735,0.7347,0.0408,1956400,1438747,0.7354,0.735,123713600,0.734,110292200,0.733,96003800,0.732,56161500,0.731,43114300,0.736,84596300,0.737,74457600,0.738,54449400,0.739,32416400,0.74,34519400,94,100,0
sh513130,09:39:10,1764725953571,5586.56,0.9078,2.833,0.735,0.7347,0.0408,191500,140763,0.7351,0.735,118341400,0.734,110418200,0.733,96003800,0.732,59425700,0.731,43114400,0.736,86088800,0.737,74326900,0.738,53659400,0.739,32431100,0.74,34519400,1078,100,0
sh513130,09:39:13,1764725955566,5586.98,0.9078,3.8416,0.736,0.7347,0.1769,59000,43381,0.7353,0.735,123968900,0.734,110547200,0.733,96458400,0.732,54260600,0.731,43132400,0.736,80043700,0.737,73331900,0.738,53659400,0.739,32434000,0.74,34428800,1084,100,0
sh513130,09:39:16,1764725958579,5588.11,0.9078,2.605,0.736,0.7347,0.1769,1360800,1000218,0.735,0.735,131114600,0.734,103077300,0.733,96460400,0.732,54360600,0.731,43132400,0.736,80149400,0.737,73404000,0.738,53159400,0.739,32434000,0.74,34453300,71,100,0
sh513130,09:39:19,1764725961583,5588.93,0.9078,7.1454,0.735,0.7347,0.0408,285600,209949,0.7351,0.735,142206300,0.734,106544800,0.733,96480000,0.732,44360600,0.731,43132400,0.736,80302200,0.737,74357700,0.738,53189400,0.739,32439000,0.74,34453300,791,100,0
sh513130,09:39:22,1764725965580,5588.71,0.9078,4.5091,0.736,0.7347,0.1769,1106500,813350,0.7351,0.735,141167600,0.734,105572300,0.733,96500100,0.732,44362700,0.731,43147400,0.736,93646800,0.737,73635500,0.738,55633900,0.739,32739000,0.74,34459300,468,100,0
sh513130,09:39:25,1764725967584,5588.72,0.9078,2.678,0.736,0.7354,0.0816,27700,20363,0.7351,0.735,141326300,0.734,107882600,0.733,87148500,0.732,44363200,0.731,43331600,0.736,93871100,0.737,74462500,0.738,55633900,0.739,32739000,0.74,34399300,324,100,0
sh513130,09:39:28,1764725970591,5589.75,0.9078,5.1911,0.736,0.7354,0.0816,1137500,836066,0.735,0.735,140270200,0.734,109260600,0.733,87158500,0.732,44463200,0.731,43335400,0.736,82835400,0.737,81657900,0.738,55633900,0.739,37747700,0.74,34409300,117,100,0
sh513130,09:39:31,1764725973609,5589.29,0.9078,2.2123,0.736,0.7354,0.0816,10200,7507,0.736,0.735,141436900,0.734,111053400,0.733,86169000,0.732,44463200,0.731,43335400,0.736,94167500,0.737,77514800,0.738,55633900,0.739,32747700,0.74,34409300,1108,100,0
sh513130,09:39:34,1764725976598,5589.89,0.9078,2.5586,0.736,0.7354,0.0816,50100,36851,0.7355,0.735,140494500,0.734,112445200,0.733,87206000,0.732,44481200,0.731,43332400,0.736,94407000,0.737,79076900,0.738,55633900,0.739,32777700,0.74,35410800,61,100,0
sh513130,09:39:37,1764725979609,5589.17,0.9078,2.378,0.736,0.7354,0.0816,837400,616313,0.736,0.735,142746200,0.734,113385500,0.733,86226000,0.732,44481200,0.731,43332400,0.736,94979600,0.737,80271400,0.738,55158900,0.739,32877700,0.74,35410800,1092,100,0
sh513130,09:39:40,1764725982613,5587.84,0.9078,1.2917,0.736,0.7354,0.0816,83200,61235,0.736,0.735,108026900,0.734,122773000,0.733,87216500,0.732,66861700,0.731,43339900,0.736,95192900,0.737,81361400,0.738,55158900,0.739,32877700,0.74,35410800,78,100,0
sh513130,09:39:43,1764725984608,5588.05,0.9078,2.2686,0.736,0.7354,0.0816,130900,96243,0.7352,0.735,89789500,0.734,123638000,0.733,87222500,0.732,67161800,0.731,43339900,0.736,95207600,0.737,81604400,0.738,55378900,0.739,32905400,0.74,35560800,106,100,0
sh513130,09:39:46,1764725988611,5586.62,0.9078,1.9778,0.736,0.7354,0.0816,1051200,772633,0.735,0.735,87324900,0.734,115821700,0.733,87442700,0.732,67171800,0.731,43389900,0.736,96052900,0.737,82466500,0.738,55378900,0.739,33058500,0.74,35560800,13,100,0
sh513130,09:39:49,1764725991620,5585.71,0.9078,1.8184,0.735,0.7354,-0.0544,1524900,1120917,0.7351,0.735,85601100,0.734,114115500,0.733,87422700,0.732,67716300,0.731,43390900,0.736,96916600,0.737,78141200,0.738,55378900,0.739,33058500,0.74,35602900,666,100,0
sh513130,09:39:52,1764725994641,5585.43,0.9078,1.4258,0.736,0.7347,0.1769,781500,574431,0.735,0.735,86966400,0.734,114086400,0.733,87289500,0.732,67309100,0.731,43402900,0.736,97077600,0.737,78141200,0.738,55378900,0.739,33058500,0.74,35759300,144,100,0
sh513130,09:39:55,1764725997626,5585.85,0.9078,3.4777,0.735,0.7347,0.0408,26700,19632,0.7353,0.735,87727100,0.734,114493200,0.733,88146300,0.732,67709100,0.731,43402900,0.736,98005100,0.737,78117500,0.738,55553100,0.739,33058500,0.74,35762300,170,100,0
sh513130,09:39:58,1764726000639,5586.17,0.9078,2.846,0.735,0.7347,0.0408,1176000,864380,0.735,0.735,86246100,0.734,114558200,0.733,89043100,0.732,67714100,0.731,43405600,0.736,102278400,0.737,78117500,0.738,55425100,0.739,33047500,0.74,35762300,123,100,0
sh513130,09:40:01,1764726003636,5585.33,0.9078,2.1888,0.735,0.7347,0.0408,85411700,62778614,0.735,0.734,114870200,0.733,88922500,0.732,67639000,0.731,43429600,0.73,50999000,0.735,33560500,0.736,102518200,0.737,76970800,0.738,50512900,0.739,33519000,1166,100,0
sh513130,09:40:04,1764726006635,5585.33,0.9078,2.5995,0.734,0.7347,-0.0953,3334400,2449546,0.7346,0.734,116726000,0.733,90875600,0.732,67677000,0.731,43450600,0.73,51009000,0.735,67221200,0.736,77669800,0.737,72979000,0.738,46379600,0.739,33507000,2925,100,0
sh513130,09:40:07,1764726009687,5584.4,0.9078,0.5394,0.735,0.7347,0.0408,11417700,8391804,0.735,0.734,119725800,0.733,90787800,0.732,67678000,0.731,43460600,0.73,52020100,0.735,63876600,0.736,75365800,0.737,73535400,0.738,46380100,0.739,33714000,1211,100,0
sh513130,09:40:10,1764726011715,5584.19,0.9078,1.7899,0.735,0.7347,0.0408,232800,171069,0.7348,0.734,120447600,0.733,90809700,0.732,67702800,0.731,43460600,0.73,52406000,0.735,64244900,0.736,73762100,0.737,72991900,0.738,46059100,0.739,33714000,1156,100,0
sh513130,09:40:13,1764726014695,5584.16,0.9078,0.7659,0.735,0.7347,0.0408,451800,331696,0.7342,0.734,118812100,0.733,91773700,0.732,67702800,0.731,43504700,0.73,52490600,0.735,74369700,0.736,86963300,0.737,73061300,0.738,37944500,0.739,33880100,19,100,0
sh513130,09:40:16,1764726018703,5585.3,0.9078,3.3491,0.735,0.7347,0.0408,266200,195562,0.7346,0.734,117952000,0.733,91615600,0.732,67702800,0.731,44041400,0.73,52490600,0.735,62693900,0.736,87043100,0.737,73076300,0.738,46039100,0.739,33915100,217,100,0
sh513130,09:40:19,1764726021717,5584.88,0.9078,1.9118,0.734,0.7347,-0.0953,56300,41346,0.7344,0.734,117851800,0.733,93482400,0.732,67700800,0.731,44061400,0.73,53481400,0.735,60389600,0.736,86922100,0.737,75226100,0.738,48281600,0.739,33865100,556,100,0
sh513130,09:40:22,1764726024720,5585.26,0.9078,2.0486,0.735,0.7347,0.0408,161200,118339,0.7341,0.734,117943400,0.733,93640400,0.732,67735800,0.731,44079100,0.73,53650800,0.735,61302400,0.736,88196300,0.737,75350900,0.738,48331600,0.739,33751900,244,100,0
sh513130,09:40:25,1764726026730,5584.91,0.9078,2.8415,0.735,0.7347,0.0408,171700,126062,0.7342,0.734,117777200,0.733,94571400,0.732,68844900,0.731,44089300,0.73,53761800,0.735,44591600,0.736,94719300,0.737,87349800,0.738,49771500,0.739,34049100,185,100,0
sh513130,09:40:28,1764726029812,5584.25,0.9078,1.3199,0.734,0.7347,-0.0953,421400,309382,0.7342,0.734,118735400,0.733,95451000,0.732,68862900,0.731,44130300,0.73,53785600,0.735,46922500,0.736,94497900,0.737,87359800,0.738,49771500,0.739,34049100,21,100,0
sh513130,09:40:31,1764726033902,5584.89,0.9078,3.2635,0.735,0.7347,0.0408,5013000,3684555,0.735,0.734,119396200,0.733,95518100,0.732,68891400,0.731,44144000,0.73,53836400,0.735,33093200,0.736,94347600,0.737,87359400,0.738,61027500,0.739,34049100,1411,100,0
sh513130,09:40:34,1764726036744,5583.65,0.9078,3.5539,0.735,0.7347,0.0408,200000,146981,0.7349,0.734,120457300,0.733,95553600,0.732,68911400,0.731,44220200,0.73,53908500,0.735,64419900,0.736,86024000,0.737,74656900,0.738,55938300,0.739,34303100,253,100,0
sh513130,09:40:37,1764726039756,5583.53,0.9078,4.4716,0.734,0.7347,-0.0953,127700,93742,0.7341,0.734,118645200,0.733,95583900,0.732,69077800,0.731,44240200,0.73,53913500,0.735,63603600,0.736,86486600,0.737,73504500,0.738,55638300,0.739,34303100,1232,100,0
sh513130,09:40:40,1764726042754,5583.18,0.9078,3.0623,0.734,0.7348,-0.1089,1073500,788010,0.7341,0.734,117994300,0.733,95579900,0.732,69097100,0.731,44243000,0.73,53919100,0.735,46157800,0.736,94980400,0.737,86453200,0.738,56338300,0.739,33353100,43,100,0
sh513130,09:40:43,1764726045760,5584.0,0.9078,2.2831,0.734,0.7348,-0.1089,241900,177605,0.7342,0.734,119010200,0.733,95548000,0.732,69366600,0.731,44248000,0.73,53922100,0.735,73329200,0.736,87111300,0.737,73385700,0.738,50882300,0.739,33030000,901,100,0
sh513130,09:40:46,1764726049762,5582.71,0.9078,3.8331,0.735,0.7348,0.0272,118900,87380,0.7349,0.734,118298500,0.733,95708600,0.732,69430400,0.731,44248000,0.73,54019700,0.735,88550700,0.736,83509600,0.737,73485500,0.738,45582300,0.739,33181400,595,100,0
sh513130,09:40:49,1764726051772,5581.96,0.9078,4.4039,0.734,0.7348,-0.1089,663900,487357,0.7341,0.734,116659700,0.733,95558400,0.732,69418400,0.731,44329300,0.73,54097700,0.735,90022600,0.736,83455400,0.737,74360900,0.738,42944300,0.739,33181200,434,100,0
sh513130,09:40:52,1764726054770,5580.99,0.9078,3.1155,0.735,0.7348,0.0272,65900,48415,0.7347,0.734,117268800,0.733,96533100,0.732,69418500,0.731,44310700,0.73,54131000,0.735,93274400,0.736,82985700,0.737,74353900,0.738,45988600,0.739,33181200,231,100,0
sh513130,09:40:55,1764726057781,5580.53,0.9078,2.5547,0.735,0.7347,0.0408,275900,202746,0.7349,0.734,116884700,0.733,97447200,0.732,70510900,0.731,44314500,0.73,54350600,0.735,96064300,0.736,82920200,0.737,74953900,0.738,45964700,0.739,33156800,1270,100,0
sh513130,09:40:58,1764726060777,5580.75,0.9078,3.5423,0.735,0.7347,0.0408,546000,400786,0.734,0.734,117526900,0.733,97488300,0.732,70833600,0.731,44322700,0.73,54351500,0.735,98609400,0.736,83072200,0.737,74953900,0.738,45947800,0.739,33184200,265,100,0
sh513130,09:41:01,1764726063837,5581.26,0.9078,4.4574,0.734,0.7347,-0.0953,579500,425607,0.7344,0.734,90237400,0.733,106303600,0.732,70842600,0.731,56337700,0.73,54380300,0.735,99060300,0.736,83935400,0.737,64814200,0.738,45930800,0.739,33184200,121,100,0
sh513130,09:41:04,1764726066795,5580.76,0.9078,3.2786,0.735,0.7347,0.0408,233700,171590,0.7342,0.734,83624200,0.733,105685500,0.732,70907600,0.731,67007700,0.73,54400500,0.735,101271600,0.736,84961400,0.737,65886200,0.738,45915600,0.739,33197800,255,100,0
sh513130,09:41:07,1764726069789,5580.34,0.9078,3.938,0.734,0.734,0.0,1417600,1040560,0.734,0.734,79483900,0.733,106701000,0.732,70908700,0.731,67011600,0.73,54496300,0.735,101202800,0.736,85053400,0.737,67036200,0.738,45915600,0.739,33097800,1179,100,0
sh513130,09:41:10,1764726072798,5579.88,0.9078,2.474,0.735,0.7341,0.1226,1586400,1164721,0.7342,0.734,78091000,0.733,96184800,0.732,74908400,0.731,67111600,0.73,54147500,0.735,101725500,0.736,85154900,0.737,67028900,0.738,45918600,0.739,33097800,246,100,0
sh513130,09:41:13,1764726075811,5579.49,0.9078,1.5968,0.735,0.7341,0.1226,3148500,2311219,0.7341,0.734,74218700,0.733,97328600,0.732,75354900,0.731,67306300,0.73,53441000,0.735,104026400,0.736,84930600,0.737,67033900,0.738,46018600,0.739,33097800,743,100,0
sh513130,09:41:16,1764726078808,5579.19,0.9078,4.3384,0.734,0.7334,0.0818,352200,258528,0.734,0.734,77098800,0.733,97500100,0.732,76212800,0.731,67316400,0.73,53453100,0.735,105685300,0.736,85038600,0.737,67399100,0.738,46018600,0.739,33097800,333,100,0
sh513130,09:41:19,1764726081809,5579.92,0.9078,6.1222,0.735,0.7334,0.2182,149500,109768,0.7342,0.734,76456500,0.733,98272000,0.732,77130100,0.731,68024000,0.73,53782000,0.735,107623100,0.736,85041600,0.737,67409100,0.738,46095800,0.739,33101800,277,100,0
sh513130,09:41:22,1764726083810,5580.59,0.9078,3.6518,0.734,0.7334,0.0818,307300,225605,0.7342,0.734,92136600,0.733,92494100,0.732,77133200,0.731,55663500,0.73,53922000,0.735,108682400,0.736,84201600,0.737,67183600,0.738,40876600,0.739,33101800,92,100,0
sh513130,09:41:25,1764726087815,5581.23,0.9078,5.6435,0.734,0.7341,-0.0136,1737800,1275862,0.7342,0.734,101457000,0.733,93438200,0.732,77243200,0.731,45405100,0.73,54036000,0.735,105601600,0.736,83910700,0.737,67187000,0.738,40892300,0.739,33084900,1309,100,0
sh513130,09:41:28,1764726089819,5581.14,0.9078,4.2773,0.735,0.7341,0.1226,1083300,796193,0.735,0.734,108531500,0.733,94669000,0.732,76291400,0.731,45693300,0.73,54177000,0.735,103878400,0.736,83162000,0.737,67187000,0.738,40920200,0.739,33084900,1311,100,0
sh513130,09:41:31,1764726093833,5580.36,0.9078,3.5315,0.734,0.734,0.0,510900,375170,0.7343,0.734,83907700,0.733,103609400,0.732,77281400,0.731,61008600,0.73,54383500,0.735,105392500,0.736,84246500,0.737,67237000,0.738,41120200,0.739,33084900,1310,100,0
sh513130,09:41:34,1764726096826,5581.04,0.9078,2.7349,0.735,0.734,0.1362,373200,273974,0.7341,0.734,107705300,0.733,97087100,0.732,77396300,0.731,46022300,0.73,54443500,0.735,105805100,0.736,83266500,0.737,67276000,0.738,41120200,0.739,33084900,185,100,0
sh513130,09:41:37,1764726099834,5580.74,0.9078,2.5548,0.734,0.734,0.0,57300,42062,0.7341,0.734,108755700,0.733,111355500,0.732,77451300,0.731,46025300,0.73,54463100,0.735,105735500,0.736,83269500,0.737,67278000,0.738,41120200,0.739,33250700,880,100,0
sh513130,09:41:40,1764726102840,5581.05,0.9078,1.9996,0.735,0.734,0.1362,217100,159425,0.7343,0.734,108856000,0.733,112222200,0.732,77464600,0.731,46100500,0.73,54323500,0.735,106201000,0.736,83657300,0.737,67278000,0.738,41120200,0.739,33250700,333,100,0
sh513130,09:41:43,1764726104845,5580.92,0.9078,1.9875,0.734,0.734,0.0,1191100,874311,0.734,0.734,108289800,0.733,113255000,0.732,77671600,0.731,45821100,0.73,54748800,0.735,105680500,0.736,84518600,0.737,67073300,0.738,41071200,0.739,33250700,293,100,0
sh513130,09:41:46,1764726107855,5581.71,0.9078,4.988,0.734,0.734,0.0,176100,129265,0.734,0.734,108526200,0.733,114984100,0.732,78158600,0.731,45841400,0.73,54767300,0.735,106330800,0.736,86130700,0.737,67154300,0.738,41057600,0.739,33250700,440,100,0
sh513130,09:41:49,1764726110842,5580.71,0.9078,3.6379,0.735,0.734,0.1362,216200,158818,0.7346,0.734,109095600,0.733,116101100,0.732,77969600,0.731,45841400,0.73,55006700,0.735,106432400,0.736,87376400,0.737,66256300,0.738,41057600,0.739,33250700,303,100,0
sh513130,09:41:52,1764726114873,5581.37,0.9078,3.8521,0.735,0.734,0.1362,459900,337807,0.7345,0.734,109779900,0.733,117259300,0.732,78055200,0.731,45841400,0.73,55012000,0.735,106546700,0.736,88244600,0.737,65309000,0.738,41076600,0.739,33317600,352,100,0
sh513130,09:41:55,1764726117866,5580.87,0.9078,3.6867,0.735,0.734,0.1362,106200,78046,0.7349,0.734,112038700,0.733,117157100,0.732,76607400,0.731,45841500,0.73,55046400,0.735,106878400,0.736,94107800,0.737,63359000,0.738,41079100,0.739,33541400,1308,100,0
sh513130,09:41:58,1764726120976,5580.58,0.9078,2.2582,0.734,0.734,0.0,429300,315498,0.7349,0.734,80808400,0.733,124572100,0.732,75816900,0.731,68521500,0.73,55058000,0.735,107045200,0.736,94502500,0.737,63359000,0.738,41499200,0.739,33541400,416,100,0
sh513130,09:42:01,1764726123865,5579.83,0.9078,1.9529,0.735,0.7347,0.0408,82100,60274,0.7342,0.734,77775400,0.733,114286100,0.732,75841900,0.731,68660400,0.73,55155400,0.735,109219900,0.736,84158900,0.737,63419000,0.738,41279200,0.739,33541400,164,100,0
sh513130,09:42:04,1764726125870,5580.34,0.9078,2.4505,0.735,0.7347,0.0408,1092100,801667,0.7341,0.734,79540800,0.733,114386100,0.732,75894400,0.731,68680900,0.73,55207900,0.735,109916400,0.736,84378900,0.737,63424000,0.738,41283200,0.739,33541400,1201,100,0
sh513130,09:42:07,1764726129881,5580.76,0.9078,1.6881,0.734,0.734,0.0,1552800,1140007,0.7342,0.734,78713100,0.733,114452100,0.732,76769500,0.731,68781000,0.73,55506000,0.735,111209900,0.736,84380100,0.737,63624000,0.738,40843200,0.739,33541400,903,100,0
sh513130,09:42:10,1764726132890,5579.2,0.9078,4.3863,0.734,0.7334,0.0818,122200,89712,0.7341,0.734,78664200,0.733,114755400,0.732,77470700,0.731,68783000,0.73,55739200,0.735,112007900,0.736,84487600,0.737,63584800,0.738,40414200,0.739,33541400,338,100,0
sh513130,09:42:13,1764726136895,5579.57,0.9078,3.6968,0.735,0.7334,0.2182,1022900,751832,0.735,0.734,79284100,0.733,115694300,0.732,77509200,0.731,69083200,0.73,56763500,0.735,110561400,0.736,84660300,0.737,63786000,0.738,40414200,0.739,33561000,369,100,0
sh513130,09:42:16,1764726137889,5579.57,0.9078,4.3461,0.734,0.734,0.0,90100,66145,0.7341,0.734,79453700,0.733,116535900,0.732,77789300,0.731,69133200,0.73,56846100,0.735,110635000,0.736,84700300,0.737,64325500,0.738,40414200,0.739,33561000,278,100,0
sh513130,09:42:19,1764726142909,5580.08,0.9078,2.475,0.735,0.734,0.1362,357300,262272,0.734,0.734,88331800,0.733,109210800,0.732,77788900,0.731,69134300,0.73,56870400,0.735,112847200,0.736,84760300,0.737,64310600,0.738,40414200,0.739,33561000,389,100,0
sh513130,09:42:22,1764726143899,5580.08,0.9078,2.1801,0.734,0.734,0.0,510100,374520,0.7342,0.734,79685300,0.733,118621000,0.732,77816200,0.731,70169300,0.73,56857600,0.735,112951000,0.736,84715100,0.737,64325400,0.738,40554200,0.739,33501100,1379,100,0
sh513130,09:42:25,1764726147911,5579.8,0.9078,2.9726,0.733,0.734,-0.1362,54497400,40001085,0.734,0.733,117677100,0.732,95859000,0.731,70666000,0.73,56885600,0.729,22883800,0.734,30574300,0.735,110301000,0.736,80992700,0.737,59712700,0.738,40495000,1351,100,0
sh513130,09:42:28,1764726150905,5579.76,0.9078,2.2634,0.734,0.734,0.0,3472200,2547934,0.7338,0.733,118346600,0.732,96754200,0.731,70748000,0.73,56988100,0.729,22887900,0.734,17959100,0.735,109986900,0.736,80577100,0.737,49556700,0.738,40495000,333,100,0
sh513130,09:42:31,1764726153917,5579.63,0.9078,2.5287,0.734,0.7341,-0.0136,285900,209826,0.7339,0.733,118254600,0.732,97825200,0.731,70929700,0.73,57000500,0.729,22888000,0.734,15821400,0.735,108320900,0.736,81282300,0.737,56320600,0.738,40495000,1180,100,0
sh513130,09:42:34,1764726156926,5580.38,0.9078,4.5926,0.734,0.7341,-0.0136,15246400,11190851,0.734,0.734,26363100,0.733,119301900,0.732,97990200,0.731,70954200,0.73,57135100,0.735,105807500,0.736,81292300,0.737,59679300,0.738,38071800,0.739,35551700,341,100,0
sh513130,09:42:37,1764726159930,5580.05,0.9078,4.9876,0.734,0.7341,-0.0136,495100,363404,0.734,0.734,75335600,0.733,121217300,0.732,98757600,0.731,48174100,0.73,57194000,0.735,104038600,0.736,80209400,0.737,59182200,0.738,38071800,0.739,35585700,725,100,0
sh513130,09:42:40,1764726163036,5579.68,0.9078,3.343,0.735,0.7341,0.1226,270700,198710,0.7341,0.734,54748400,0.733,121237600,0.732,97780800,0.731,70557100,0.73,57248000,0.735,105032300,0.736,81204500,0.737,59172000,0.738,38071800,0.739,35635700,480,100,0
sh513130,09:42:43,1764726165933,5580.14,0.9078,3.4864,0.734,0.7341,-0.0136,1099800,807276,0.734,0.734,79500500,0.733,114011200,0.732,97831500,0.731,53619800,0.73,57256300,0.735,106027600,0.736,80468100,0.737,59177000,0.738,37887500,0.739,35635700,257,100,0
sh513130,09:42:46,1764726168931,5580.8,0.9078,3.1355,0.734,0.7341,-0.0136,346400,254289,0.7341,0.734,84711400,0.733,116469800,0.732,97873100,0.731,48239800,0.73,57296300,0.735,106924500,0.736,80498100,0.737,58460700,0.738,37887500,0.739,35725400,393,100,0
sh513130,09:42:49,1764726170938,5580.66,0.9078,4.4278,0.734,0.7341,-0.0136,295900,217203,0.734,0.734,85232400,0.733,117627500,0.732,97998600,0.731,48961400,0.73,57302800,0.735,107582700,0.736,80575000,0.737,58478600,0.738,37975400,0.739,35725400,419,100,0
sh513130,09:42:52,1764726173937,5581.73,0.9078,3.3793,0.735,0.7341,0.1226,108200,79435,0.7341,0.734,89640600,0.733,119172500,0.732,94544800,0.731,49161400,0.73,57313500,0.735,103353400,0.736,86595000,0.737,58870700,0.738,37976000,0.739,35725400,1446,100,0
sh513130,09:42:55,1764726176945,5582.31,0.9078,3.6762,0.735,0.7347,0.0408,85800,63063,0.735,0.734,92022500,0.733,119195400,0.732,93591200,0.731,49221400,0.73,57395900,0.735,98126800,0.736,87317200,0.737,58865400,0.738,42976000,0.739,35725400,396,100,0
sh513130,09:42:58,1764726180947,5582.86,0.9078,3.7131,0.735,0.7347,0.0408,165600,121565,0.7341,0.734,93724100,0.733,120585200,0.732,93729100,0.731,49243000,0.73,57546000,0.735,111481700,0.736,88245100,0.737,59166400,0.738,42976000,0.739,35896900,155,100,0
sh513130,09:43:01,1764726183961,5582.7,0.9078,4.1414,0.734,0.7347,-0.0953,106700,78421,0.735,0.734,93939900,0.733,120468600,0.732,93808100,0.731,49468000,0.73,57538300,0.735,122715700,0.736,82223100,0.737,59233400,0.738,37976000,0.739,35896900,247,100,0
sh513130,09:43:04,1764726185951,5583.56,0.9078,4.2087,0.734,0.7347,-0.0953,356900,262002,0.7341,0.734,93470900,0.733,122331700,0.732,93808100,0.731,49668000,0.73,57515800,0.735,112387800,0.736,88122100,0.737,61238800,0.738,42976000,0.739,35896900,858,100,0
sh513130,09:43:07,1764726189970,5585.95,0.9078,4.2259,0.734,0.7347,-0.0953,217900,159988,0.7342,0.734,94250000,0.733,120427300,0.732,94022900,0.731,49812600,0.73,57516300,0.735,81007800,0.736,96105900,0.737,75160600,0.738,50746500,0.739,35896900,571,100,0
sh513130,09:43:10,1764726192974,5586.62,0.9078,3.7364,0.735,0.7347,0.0408,29015900,21326680,0.735,0.734,97135900,0.733,121009300,0.732,93799600,0.731,49792600,0.73,58582200,0.735,57856900,0.736,96095900,0.737,75195600,0.738,48747100,0.739,35877100,504,100,0
sh513130,09:43:13,1764726196173,5586.29,0.9078,4.6665,0.735,0.7347,0.0408,319100,234501,0.7349,0.734,98639400,0.733,121274200,0.732,94044500,0.731,49909000,0.73,58591300,0.735,92706200,0.736,82596600,0.737,64222200,0.738,41466200,0.739,35877700,314,100,0
sh513130,09:43:16,1764726197975,5586.23,0.9078,3.2717,0.735,0.7347,0.0408,151100,111054,0.735,0.734,102116100,0.733,120519000,0.732,91627500,0.731,49909700,0.73,58634300,0.735,67680100,0.736,89507200,0.737,75130700,0.738,48452100,0.739,35820900,1346,100,0
sh513130,09:43:19,1764726200984,5586.74,0.9078,1.5532,0.735,0.7347,0.0408,2327600,1709773,0.7346,0.734,101604000,0.733,122683500,0.732,92124400,0.731,49984700,0.73,58629900,0.735,60890100,0.736,95779300,0.737,75219300,0.738,48452100,0.739,35928400,428,100,0
sh513130,09:43:22,1764726204986,5587.98,0.9078,6.7039,0.735,0.7347,0.0408,1295800,951289,0.7341,0.734,102762800,0.733,121868800,0.732,92063700,0.731,49984700,0.73,58692900,0.735,54883400,0.736,96774300,0.737,75152300,0.738,48752100,0.739,35944100,322,100,0
sh513130,09:43:25,1764726206997,5589.38,0.9078,6.8014,0.735,0.7347,0.0408,51946700,38180825,0.735,0.735,43783400,0.734,102396100,0.733,119684400,0.732,74058500,0.731,49994700,0.736,100104300,0.737,75710400,0.738,48913000,0.739,35965100,0.74,37793100,386,100,0
sh513130,09:43:28,1764726210988,5590.62,0.9078,4.2599,0.735,0.7347,0.0408,889400,653709,0.735,0.735,68009100,0.734,105524500,0.733,118721100,0.732,55906000,0.731,49994700,0.736,98422700,0.737,75715400,0.738,48979800,0.739,35975100,0.74,37793100,68,100,0
sh513130,09:43:31,1764726212996,5590.87,0.9078,3.4015,0.735,0.7354,-0.0544,138800,102100,0.7356,0.735,68545900,0.734,106416900,0.733,118815200,0.732,55898400,0.731,49994700,0.736,98419600,0.737,75815400,0.738,48949800,0.739,36106100,0.74,37903100,467,100,0
sh513130,09:43:34,1764726217002,5590.8,0.9078,2.4988,0.735,0.7354,-0.0544,134100,98563,0.735,0.735,68584500,0.734,107505000,0.733,119199900,0.732,55978400,0.731,49996700,0.736,97883100,0.737,75845600,0.738,48949800,0.739,36106100,0.74,37905200,486,100,0
sh513130,09:43:37,1764726218997,5591.7,0.9078,3.3023,0.736,0.7354,0.0816,308400,226925,0.7358,0.735,70631600,0.734,106835700,0.733,119219900,0.732,55978400,0.731,49996900,0.736,97734000,0.737,77000800,0.738,48959800,0.739,36106100,0.74,37764600,495,100,0
sh513130,09:43:40,1764726222009,5591.92,0.9078,4.7665,0.735,0.7354,-0.0544,295100,217159,0.7359,0.735,71735000,0.734,107832800,0.733,119664900,0.732,55988900,0.731,49996900,0.736,97938300,0.737,77039400,0.738,49059800,0.739,36224300,0.74,37762000,314,100,0
sh513130,09:43:43,1764726226014,5590.61,0.9078,5.5424,0.736,0.7354,0.0816,335600,246998,0.736,0.735,45575900,0.734,109629600,0.733,119816000,0.732,73748900,0.731,50020000,0.736,97962400,0.737,77169800,0.738,49059800,0.739,36224300,0.74,37762000,20,100,0
sh513130,09:43:46,1764726228016,5590.5,0.9078,4.4642,0.735,0.7354,-0.0544,32035400,23546019,0.735,0.734,103072800,0.733,121813200,0.732,74185300,0.731,50021000,0.73,59665200,0.735,6084200,0.736,98085300,0.737,77191400,0.738,49069800,0.739,36224500,1449,100,0
sh513130,09:43:49,1764726231013,5590.7,0.9078,3.7993,0.735,0.7354,-0.0544,672600,494361,0.735,0.734,101232500,0.733,122082400,0.732,74200300,0.731,49825200,0.73,59674800,0.735,1759300,0.736,99992100,0.737,76821400,0.738,48710400,0.739,36067000,508,100,0
sh513130,09:43:52,1764726234031,5589.84,0.9078,2.1555,0.735,0.7348,0.0272,387100,284518,0.735,0.734,101507900,0.733,123047400,0.732,74194300,0.731,49847400,0.73,59675100,0.735,5820800,0.736,84156400,0.737,77884900,0.738,48890600,0.739,36097000,1536,100,0
sh513130,09:43:55,1764726237034,5590.46,0.9078,2.316,0.735,0.7348,0.0272,2399100,1763294,0.735,0.734,102809800,0.733,122237300,0.732,74562200,0.731,49864400,0.73,59673100,0.735,3902300,0.736,74375400,0.737,77854900,0.738,48890600,0.739,36119000,271,100,0
sh513130,09:43:58,1764726240050,5590.09,0.9078,2.2475,0.735,0.7348,0.0272,2793300,2053075,0.735,0.734,103898000,0.733,122276300,0.732,74600400,0.731,49862400,0.73,59668100,0.735,4100200,0.736,74457600,0.737,77852900,0.738,49295600,0.739,36119000,1132,100,0
sh513130,09:44:01,1764726243047,5588.96,0.9078,1.5532,0.735,0.7354,-0.0544,638500,469298,0.735,0.734,103246200,0.733,122623500,0.732,74600400,0.731,49911100,0.73,59638600,0.735,15741800,0.736,73753200,0.737,78002900,0.738,49477900,0.739,36319100,509,100,0
sh513130,09:44:04,1764726246098,5589.84,0.9078,2.7258,0.735,0.7354,-0.0544,615800,452613,0.735,0.734,103307300,0.733,122864700,0.732,74605400,0.731,49911100,0.73,59668600,0.735,14815000,0.736,74702600,0.737,78205400,0.738,49292900,0.739,36347200,707,100,0
sh513130,09:44:07,1764726249053,5588.8,0.9078,2.6091,0.735,0.7348,0.0272,2108900,1549865,0.7349,0.734,103368400,0.733,123771500,0.732,74723000,0.731,49901300,0.73,59704600,0.735,11119700,0.736,74665500,0.737,78205400,0.738,49306700,0.739,36352200,505,100,0
sh513130,09:44:10,1764726253054,5589.14,0.9078,5.6327,0.735,0.7348,0.0272,480900,353461,0.735,0.734,104741900,0.733,123566100,0.732,74723000,0.731,49922700,0.73,59723900,0.735,47437400,0.736,74044600,0.737,78297400,0.738,41688400,0.739,36407200,519,100,0
sh513130,09:44:13,1764726256053,5589.13,0.9078,4.7492,0.735,0.7348,0.0272,103300,75925,0.735,0.734,104623700,0.733,125524800,0.732,74733000,0.731,49904000,0.73,59728900,0.735,47834100,0.736,74547000,0.737,78216000,0.738,41688400,0.739,36468200,1547,100,0
sh513130,09:44:16,1764726259060,5589.38,0.9078,3.3874,0.735,0.7348,0.0272,58600,43071,0.735,0.734,104977800,0.733,126443300,0.732,74703000,0.731,49940000,0.73,59728900,0.735,59108700,0.736,74649700,0.737,77929300,0.738,41688400,0.739,36618200,554,100,0
sh513130,09:44:19,1764726261054,5589.41,0.9078,3.0957,0.735,0.7348,0.0272,126800,93172,0.7348,0.734,105268600,0.733,127162100,0.732,74703000,0.731,50068000,0.73,59728900,0.735,34233600,0.736,75609700,0.737,77904700,0.738,48704300,0.739,36719400,524,100,0
sh513130,09:44:22,1764726264338,5589.37,0.9078,4.3393,0.735,0.7348,0.0272,21400,15729,0.735,0.734,105268700,0.733,127446900,0.732,74821700,0.731,50068000,0.73,59758900,0.735,59589100,0.736,75610800,0.737,77914700,0.738,44162900,0.739,36769400,1696,100,0
sh513130,09:44:25,1764726268080,5589.09,0.9078,2.8743,0.735,0.7348,0.0272,1181900,868696,0.735,0.734,105308400,0.733,126732000,0.732,75607000,0.731,50158000,0.73,59818600,0.735,61407900,0.736,75898500,0.737,77934700,0.738,44162900,0.739,36943400,1132,100,0
sh513130,09:44:28,1764726271072,5588.89,0.9078,2.1536,0.735,0.7348,0.0272,137100,100688,0.7344,0.734,105134700,0.733,126832000,0.732,76475000,0.731,50139000,0.73,59734800,0.735,67446700,0.736,70901200,0.737,77912500,0.738,44095200,0.739,36943400,551,100,0
sh513130,09:44:31,1764726273089,5587.88,0.9078,1.7377,0.735,0.7348,0.0272,253100,186029,0.735,0.734,105205200,0.733,126938200,0.732,77349100,0.731,50141600,0.73,59743300,0.735,68766000,0.736,70910700,0.737,77912500,0.738,44354200,0.739,36978400,291,100,0
sh513130,09:44:34,1764726277095,5588.24,0.9078,1.762,0.735,0.7348,0.0272,932500,684487,0.734,0.734,105522800,0.733,127082200,0.732,78230100,0.731,50141600,0.73,59775800,0.735,68772300,0.736,71748300,0.737,78073700,0.738,44354200,0.739,37266100,624,100,0
sh513130,09:44:37,1764726279091,5588.5,0.9078,1.5008,0.735,0.7348,0.0272,314400,231070,0.735,0.734,105549800,0.733,127255900,0.732,79098100,0.731,50363400,0.73,59779800,0.735,68520300,0.736,71748300,0.737,78073700,0.738,44354200,0.739,37266100,561,100,0
sh513130,09:44:40,1764726282102,5587.87,0.9078,3.9506,0.735,0.7348,0.0272,358900,263792,0.735,0.734,106484000,0.733,127962900,0.732,80056900,0.731,50363400,0.73,59731300,0.735,68182900,0.736,71818300,0.737,78123700,0.738,44474200,0.739,37432900,91,100,0
sh513130,09:44:43,1764726286092,5586.54,0.9078,2.9882,0.734,0.7348,-0.1089,89400,65694,0.7348,0.734,106634300,0.733,113107900,0.732,80960300,0.731,50363400,0.73,59738300,0.735,68464500,0.736,71818800,0.737,78221700,0.738,44474200,0.739,37432900,1558,100,0
sh513130,09:44:46,1764726288107,5586.77,0.9078,2.3389,0.735,0.7348,0.0272,236000,173260,0.7342,0.734,106520500,0.733,113397400,0.732,81828300,0.731,50368400,0.73,59768300,0.735,68485800,0.736,71808800,0.737,78221700,0.738,44474200,0.739,37546500,1586,100,0
sh513130,09:44:49,1764726292096,5585.91,0.9078,2.9007,0.735,0.7348,0.0272,219900,161602,0.7349,0.734,106516900,0.733,113464200,0.732,82648400,0.731,50673400,0.73,59777700,0.735,74668600,0.736,72333800,0.737,78183000,0.738,39454200,0.739,37546500,1457,100,0
sh513130,09:44:52,1764726294108,5585.45,0.9078,2.5111,0.735,0.7341,0.1226,228200,167708,0.7349,0.734,98578900,0.733,122761200,0.732,82678900,0.731,50673400,0.73,59766700,0.735,75517500,0.736,71333800,0.737,76357300,0.738,39481400,0.739,37560100,1319,100,0
sh513130,09:44:55,1764726297112,5584.9,0.9078,3.4206,0.735,0.7342,0.109,117400,86263,0.7348,0.734,94542800,0.733,122027200,0.732,82686900,0.731,55673400,0.73,59867800,0.735,76385600,0.736,72294500,0.737,77365300,0.738,39491400,0.739,37610100,17,100,0
sh513130,09:44:58,1764726300115,5585.26,0.9078,4.5468,0.735,0.7342,0.109,45100,33148,0.735,0.734,107971800,0.733,113761700,0.732,83560000,0.731,50673400,0.73,59879400,0.735,71702200,0.736,71601500,0.737,77365300,0.738,44491400,0.739,37610100,858,100,0
sh513130,09:45:01,1764726304183,5584.82,0.9078,2.678,0.735,0.7342,0.109,83300,61170,0.7343,0.734,108248000,0.733,115980000,0.732,83570200,0.731,50676400,0.73,59889400,0.735,72159600,0.736,71235800,0.737,77365300,0.738,44491400,0.739,37610100,488,100,0
sh513130,09:45:04,1764726306122,5585.69,0.9078,3.9746,0.735,0.7342,0.109,60700,44565,0.7342,0.734,108311000,0.733,115856900,0.732,83572200,0.731,50676900,0.73,59909400,0.735,71208500,0.736,71237800,0.737,77860300,0.738,44491400,0.739,37610100,396,100,0
sh513130,09:45:07,1764726310384,5585.99,0.9078,3.4173,0.735,0.7342,0.109,30300,22270,0.735,0.734,110043400,0.733,117714400,0.732,83587200,0.731,50406900,0.73,59912300,0.735,62578500,0.736,77227800,0.737,77860300,0.738,44491400,0.739,37610100,355,100,0
sh513130,09:45:10,1764726313140,5584.59,0.9078,3.288,0.734,0.7342,-0.0272,165000,121257,0.7349,0.734,110265600,0.733,119632600,0.732,83597000,0.731,50406900,0.73,60381500,0.735,44959600,0.736,77245100,0.737,77860300,0.738,44476400,0.739,37650100,663,100,0
sh513130,09:45:13,1764726316136,5585.43,0.9078,3.5402,0.735,0.7342,0.109,230300,169271,0.735,0.734,111525500,0.733,119644900,0.732,83617100,0.731,50413700,0.73,60381900,0.735,71394800,0.736,72258600,0.737,76870300,0.738,44476400,0.739,37660100,1611,100,0
sh513130,09:45:16,1764726318152,5585.77,0.9078,4.3081,0.734,0.7349,-0.1225,163500,120112,0.7346,0.734,111898000,0.733,121512900,0.732,83519100,0.731,50413700,0.73,60378600,0.735,71221500,0.736,71284900,0.737,77059500,0.738,44476400,0.739,37660100,1653,100,0
sh513130,09:45:19,1764726321141,5585.28,0.9078,4.3214,0.735,0.7349,0.0136,164100,120592,0.7349,0.734,112534700,0.733,120491100,0.732,83619200,0.731,50423700,0.73,60378600,0.735,70090600,0.736,71328400,0.737,78049500,0.738,44476400,0.739,37660100,317,100,0
sh513130,09:45:22,1764726325163,5584.64,0.9078,3.7406,0.735,0.7349,0.0136,251800,184944,0.7345,0.734,113416100,0.733,122461900,0.732,74979300,0.731,50423800,0.73,60394600,0.735,70922300,0.736,71325400,0.737,77059500,0.738,44476400,0.739,37660100,27,100,0
sh513130,09:45:25,1764726327157,5584.61,0.9078,3.1936,0.735,0.7348,0.0272,154000,113190,0.735,0.734,114352700,0.733,122616900,0.732,74979700,0.731,50429800,0.73,60397700,0.735,71110600,0.736,71325400,0.737,77219800,0.738,44476400,0.739,37660100,622,100,0
sh513130,09:45:28,1764726330167,5585.77,0.9078,2.6512,0.735,0.7348,0.0272,800,588,0.735,0.734,113508300,0.733,122633300,0.732,74984800,0.731,50448600,0.73,60417700,0.735,71317800,0.736,71375400,0.737,77219800,0.738,44516400,0.739,37650100,721,100,0
sh513130,09:45:31,1764726333173,5585.66,0.9078,3.3551,0.735,0.7349,0.0136,179100,131615,0.7349,0.734,113889900,0.733,122554700,0.732,75054800,0.731,50448600,0.73,60419500,0.735,70182900,0.736,71425400,0.737,78222300,0.738,44516400,0.739,37850100,687,100,0
sh513130,09:45:34,1764726337194,5585.05,0.9078,3.5842,0.735,0.7349,0.0136,30500,22418,0.735,0.734,113384900,0.733,123421600,0.732,75068400,0.731,50748600,0.73,60272000,0.735,75795700,0.736,71431900,0.737,78222300,0.738,39516400,0.739,37850100,674,100,0
sh513130,09:45:37,1764726339177,5583.5,0.9078,3.3314,0.735,0.7349,0.0136,221300,162520,0.7344,0.734,100040200,0.733,132779200,0.732,75069600,0.731,55748600,0.73,60273000,0.735,76725200,0.736,71439900,0.737,77218800,0.738,39566400,0.739,37850100,664,100,0
sh513130,09:45:40,1764726343192,5581.1,0.9078,0.3103,0.735,0.7349,0.0136,109300,80300,0.7347,0.734,81881300,0.733,133654300,0.732,75089000,0.731,71128600,0.73,60278000,0.735,76631500,0.736,72446200,0.737,77228800,0.738,39566400,0.739,37956100,721,100,0
sh513130,09:45:43,1764726345208,5578.89,0.9078,2.2604,0.734,0.7349,-0.1225,49996800,36697908,0.734,0.733,124120100,0.732,94088200,0.731,73528600,0.73,60280100,0.729,24896700,0.734,1936600,0.735,75299100,0.736,71818700,0.737,77235800,0.738,39569400,632,100,0
sh513130,09:45:46,1764726349193,5577.87,0.9078,2.4709,0.734,0.7342,-0.0272,207200,152085,0.734,0.733,129162500,0.732,94976300,0.731,73538600,0.73,60362700,0.729,24908700,0.734,47940200,0.735,79211400,0.736,61285800,0.737,50835900,0.738,39574100,304,100,0
sh513130,09:45:49,1764726352186,5577.42,0.9078,1.7324,0.734,0.7342,-0.0272,399000,292866,0.734,0.733,132915200,0.732,94976300,0.731,73538600,0.73,60413700,0.729,24910700,0.734,56780000,0.735,72093500,0.736,61286500,0.737,50655300,0.738,39601600,1124,100,0
sh513130,09:45:52,1764726354191,5577.56,0.9078,1.9283,0.734,0.7342,-0.0272,131600,96574,0.7338,0.733,133172200,0.732,94997300,0.731,73543600,0.73,60413700,0.729,24912200,0.734,46931900,0.735,83480800,0.736,61161800,0.737,50713700,0.738,39601600,969,100,0
sh513130,09:45:55,1764726358201,5577.48,0.9078,3.7851,0.734,0.7342,-0.0272,388900,285414,0.7339,0.733,133043700,0.732,94986400,0.731,73543600,0.73,60434000,0.729,24896500,0.734,47631900,0.735,84364300,0.736,60171800,0.737,50713700,0.738,40588400,674,100,0
sh513130,09:45:58,1764726360201,5577.1,0.9078,2.7654,0.734,0.7342,-0.0272,307400,225632,0.734,0.733,129996900,0.732,94047400,0.731,73543600,0.73,60734000,0.729,24896500,0.734,60702700,0.735,76329100,0.736,59565500,0.737,46713700,0.738,40660400,517,100,0
sh513130,09:46:01,1764726363211,5576.37,0.9078,1.8063,0.734,0.7335,0.0682,49200,36085,0.7334,0.733,130146800,0.732,95079400,0.731,73543600,0.73,60754000,0.729,24896500,0.734,50978700,0.735,85756900,0.736,59525500,0.737,52713700,0.738,40677100,662,100,0
sh513130,09:46:04,1764726366206,5576.73,0.9078,2.8801,0.734,0.7335,0.0682,241000,176769,0.7335,0.733,131149400,0.732,95948500,0.731,73544900,0.73,65455200,0.729,25846500,0.734,48382600,0.735,85507700,0.736,59725500,0.737,58771900,0.738,40532500,31,100,0
sh513130,09:46:04,1764726368212,5577.64,0.9078,5.2906,0.734,0.7335,0.0682,241000,176769,0.7335,0.733,131149400,0.732,95948500,0.731,73544900,0.73,65455200,0.729,25846500,0.734,48382600,0.735,85507700,0.736,59725500,0.737,58771900,0.738,40532500,1551,100,0
sh513130,09:46:07,1764726369210,5577.9,0.9078,5.0753,0.734,0.7335,0.0682,2274600,1669438,0.7339,0.733,131108700,0.732,96816600,0.731,73562000,0.73,65561700,0.729,25843500,0.734,49343700,0.735,85977700,0.736,60990700,0.737,54818000,0.738,40532500,702,100,0
sh513130,09:46:10,1764726372211,5577.71,0.9078,3.0536,0.734,0.7335,0.0682,184000,135056,0.734,0.733,131479600,0.732,97984700,0.731,74000200,0.73,65625100,0.729,25980600,0.734,46990000,0.735,83006700,0.736,60821600,0.737,60725600,0.738,40532500,1723,100,0
sh513130,09:46:13,1764726376213,5576.48,0.9078,3.9481,0.734,0.7335,0.0682,341100,250361,0.734,0.733,132130200,0.732,98853800,0.731,74000200,0.73,65677400,0.729,25980600,0.734,47176200,0.735,83076700,0.736,60938700,0.737,60692200,0.738,40532500,1407,100,0
sh513130,09:46:16,1764726378232,5576.82,0.9078,3.8483,0.734,0.7335,0.0682,1028500,753910,0.733,0.733,131154500,0.732,99723900,0.731,74000200,0.73,65789300,0.729,25981600,0.734,54033500,0.735,83493800,0.736,61948700,0.737,55854800,0.738,40532500,1268,100,0
sh513130,09:46:19,1764726381220,5578.0,0.9078,3.6157,0.734,0.7335,0.0682,1126900,827078,0.7339,0.733,132380100,0.732,101546000,0.731,74202300,0.73,65790500,0.729,25981600,0.734,11438000,0.735,83332300,0.736,77446500,0.737,70075100,0.738,40532500,730,100,0
sh513130,09:46:22,1764726384236,5577.5,0.9078,2.6838,0.734,0.7335,0.0682,2115500,1552656,0.7339,0.733,133430700,0.732,101867600,0.731,74252300,0.73,66088500,0.729,25982700,0.734,9050600,0.735,97105100,0.736,77576000,0.737,70808400,0.738,40532500,807,100,0
sh513130,09:46:25,1764726388248,5579.35,0.9078,2.8725,0.734,0.7342,-0.0272,6889300,5056681,0.734,0.734,3003100,0.733,132885300,0.732,101677600,0.731,74252300,0.73,66089700,0.735,97597100,0.736,77886000,0.737,71108400,0.738,40532500,0.739,39677300,524,100,0
sh513130,09:46:28,1764726390259,5579.72,0.9078,2.6312,0.735,0.7342,0.109,245000,179832,0.734,0.734,28350700,0.733,131953800,0.732,101684900,0.731,73868200,0.73,66122800,0.735,99156600,0.736,77886000,0.737,71108400,0.738,40532500,0.739,39704800,382,100,0
sh513130,09:46:31,1764726394251,5579.95,0.9078,3.5399,0.734,0.7342,-0.0272,141400,103788,0.734,0.734,31977400,0.733,132971100,0.732,102340300,0.731,73914200,0.73,66129600,0.735,99176900,0.736,77886000,0.737,71241800,0.738,40532500,0.739,39674800,50,100,0
sh513130,09:46:34,1764726397257,5579.53,0.9078,1.1062,0.734,0.7342,-0.0272,113300,83162,0.734,0.734,29057500,0.733,134182600,0.732,102390300,0.731,73948000,0.73,66135300,0.735,100963200,0.736,77891000,0.737,71241800,0.738,40503000,0.739,39674800,782,100,0
sh513130,09:46:37,1764726400265,5579.76,0.9078,0.9072,0.734,0.7342,-0.0272,153700,112816,0.734,0.734,11256600,0.733,135029400,0.732,102390400,0.731,73953000,0.73,66157300,0.735,101950900,0.736,77641000,0.737,71260000,0.738,40503000,0.739,39674800,1766,100,0
sh513130,09:46:40,1764726403271,5579.51,0.9078,2.6765,0.734,0.7342,-0.0272,130200,95567,0.734,0.734,42879900,0.733,135960300,0.732,102424300,0.731,73986600,0.73,66168500,0.735,105950000,0.736,77696100,0.737,71260000,0.738,40499000,0.739,39674800,467,100,0
sh513130,09:46:43,1764726405271,5579.65,0.9078,2.5996,0.734,0.7342,-0.0272,205100,150545,0.734,0.734,29499600,0.733,135950000,0.732,102436300,0.731,74036600,0.73,66188200,0.735,105612300,0.736,77670100,0.737,71270000,0.738,40502400,0.739,39774800,317,100,0
sh513130,09:46:46,1764726408271,5579.95,0.9078,1.5784,0.735,0.7342,0.109,59200,43467,0.7342,0.734,11277600,0.733,136820700,0.732,102486300,0.731,74135600,0.73,66188200,0.735,106590800,0.736,77855100,0.737,71270000,0.738,40532400,0.739,39786800,1162,100,0
sh513130,09:46:49,1764726411289,5579.84,0.9078,1.9541,0.735,0.7342,0.109,324200,238176,0.7347,0.734,19041000,0.733,137857500,0.732,102518300,0.731,74137600,0.73,66196200,0.735,107168200,0.736,77863100,0.737,71270000,0.738,40586900,0.739,39786800,821,100,0
sh513130,09:46:52,1764726415285,5580.0,0.9078,2.2861,0.734,0.7342,-0.0272,285000,209250,0.7342,0.734,45793300,0.733,138736100,0.732,102520400,0.731,74239300,0.73,66399300,0.735,107188600,0.736,78077100,0.737,71270000,0.738,40586900,0.739,39806800,759,100,0
sh513130,09:46:55,1764726418291,5580.01,0.9078,2.5265,0.735,0.7342,0.109,67000,49232,0.7348,0.734,64375500,0.733,131215800,0.732,102638400,0.731,64244300,0.73,66420300,0.735,107327300,0.736,77458800,0.737,71554600,0.738,40586900,0.739,39806800,342,100,0
sh513130,09:46:58,1764726419290,5579.83,0.9078,3.9589,0.735,0.7342,0.109,238900,175367,0.7341,0.734,49954500,0.733,140609400,0.732,102493400,0.731,64274300,0.73,66432200,0.735,108396400,0.736,78445500,0.737,71654600,0.738,40606900,0.739,39716200,767,100,0
sh513130,09:47:01,1764726423291,5580.35,0.9078,4.2334,0.734,0.7342,-0.0272,192800,141520,0.734,0.734,71799600,0.733,133827600,0.732,103093900,0.731,52194300,0.73,67669200,0.735,102187700,0.736,78045500,0.737,72306300,0.738,41206900,0.739,40316200,823,100,0
sh513130,09:47:04,1764726427304,5577.86,0.9078,3.7272,0.733,0.7342,-0.1634,17789300,13057333,0.734,0.733,142095600,0.732,103486900,0.731,76270400,0.73,67765500,0.729,26835700,0.734,29279700,0.735,102953900,0.736,81216600,0.737,66086000,0.738,41213900,689,100,0
sh513130,09:47:07,1764726430300,5576.43,0.9078,2.2979,0.734,0.7342,-0.0272,524900,385275,0.734,0.733,129648700,0.732,102489400,0.731,76270400,0.73,67769500,0.729,26835700,0.734,70358500,0.735,96504500,0.736,64339900,0.737,52886000,0.738,41213900,1539,100,0
sh513130,09:47:10,1764726432298,5576.14,0.9078,4.6951,0.734,0.7335,0.0682,948000,695832,0.734,0.733,131723500,0.732,102491400,0.731,76285800,0.73,67937700,0.729,26835700,0.734,68747800,0.735,96224400,0.736,64359900,0.737,57586000,0.738,41213900,1380,100,0
sh513130,09:47:13,1764726436316,5574.99,0.9078,3.3449,0.734,0.7335,0.0682,230300,168968,0.7337,0.733,131657900,0.732,104874800,0.731,76277900,0.73,67929200,0.729,26835900,0.734,76600400,0.735,96251100,0.736,64362700,0.737,52586000,0.738,41213900,1096,100,0
sh513130,09:47:16,1764726438313,5574.1,0.9078,2.514,0.734,0.7335,0.0682,141600,103932,0.734,0.733,130737000,0.732,105732900,0.731,77283600,0.73,68039100,0.729,26835900,0.734,76497800,0.735,96254100,0.736,64853300,0.737,55598300,0.738,41213900,927,100,0
sh513130,09:47:19,1764726441318,5574.12,0.9078,4.1684,0.734,0.7335,0.0682,81700,59962,0.7339,0.733,131376200,0.732,106603000,0.731,77283900,0.73,68023600,0.729,26835900,0.734,77165000,0.735,96442100,0.736,63556500,0.737,55583300,0.738,41213900,830,100,0
sh513130,09:47:22,1764726444321,5573.11,0.9078,2.8499,0.734,0.7328,0.1638,188800,138577,0.734,0.733,124228200,0.732,107461100,0.731,77303100,0.73,75408600,0.729,26850500,0.734,77633100,0.735,96451100,0.736,63156300,0.737,55491700,0.738,41213900,470,100,0
sh513130,09:47:25,1764726447326,5572.25,0.9078,2.0287,0.734,0.7328,0.1638,224500,164711,0.7337,0.733,115886500,0.732,117531200,0.731,77303100,0.73,75424600,0.729,26881000,0.734,77277600,0.735,96551000,0.736,63191300,0.737,55648100,0.738,41213900,843,100,0
sh513130,09:47:28,1764726450443,5572.79,0.9078,1.6216,0.734,0.7328,0.1638,24200,17762,0.734,0.733,130647000,0.732,110550600,0.731,77313100,0.73,69046700,0.729,26881000,0.734,77638200,0.735,96818200,0.736,63192300,0.737,55632600,0.738,41213900,2,100,0
sh513130,09:47:31,1764726454339,5573.25,0.9078,2.6573,0.734,0.7335,0.0682,40000,29334,0.7333,0.733,116767800,0.732,119888700,0.731,77353100,0.73,75428500,0.729,26891000,0.734,77875100,0.735,98102900,0.736,63192300,0.737,55632600,0.738,41213900,1850,100,0
sh513130,09:47:34,1764726457350,5574.58,0.9078,5.1912,0.734,0.7335,0.0682,12115000,8892304,0.734,0.733,133867000,0.732,109875400,0.731,77361800,0.73,68087500,0.729,26891000,0.734,36404400,0.735,108892500,0.736,63169700,0.737,65932600,0.738,41213900,551,100,0
sh513130,09:47:37,1764726459341,5574.59,0.9078,4.0358,0.734,0.7335,0.0682,1061400,779067,0.734,0.733,134766700,0.732,110021000,0.731,76382300,0.73,69089500,0.729,26893000,0.734,42801600,0.735,108987000,0.736,63169700,0.737,60854800,0.738,41213900,392,100,0
sh513130,09:47:40,1764726461368,5574.57,0.9078,4.4172,0.734,0.7335,0.0682,1350300,991020,0.7339,0.733,133725000,0.732,109372500,0.731,76402300,0.73,68104500,0.729,26893000,0.734,57353100,0.735,102524000,0.736,63369700,0.737,55554800,0.738,41207900,261,100,0
sh513130,09:47:43,1764726465367,5574.08,0.9078,2.8012,0.734,0.7335,0.0682,172300,126463,0.734,0.733,132855200,0.732,110240600,0.731,77393300,0.73,68129500,0.729,26893000,0.734,59402800,0.735,104070000,0.736,63169700,0.737,55805100,0.738,41207900,881,100,0
sh513130,09:47:46,1764726468360,5574.37,0.9078,2.6118,0.734,0.7335,0.0682,199200,146047,0.7332,0.733,133715700,0.732,110423600,0.731,76454300,0.73,68254500,0.729,26903000,0.734,59789300,0.735,104123000,0.736,63149700,0.737,55773900,0.738,41207900,799,100,0
sh513130,09:47:49,1764726472366,5573.23,0.9078,1.8219,0.734,0.7335,0.0682,65900,48309,0.7331,0.733,123292500,0.732,119701800,0.731,77444400,0.73,68227600,0.729,26909800,0.734,60032300,0.735,104205100,0.736,63149700,0.737,55783900,0.738,41207900,505,100,0
sh513130,09:47:52,1764726473376,5573.45,0.9078,1.6315,0.734,0.7335,0.0682,132100,96926,0.7337,0.733,118320600,0.732,120569900,0.731,77447400,0.73,73239600,0.729,26909800,0.734,60007800,0.735,104229700,0.736,63149700,0.737,55783900,0.738,41007900,861,100,0
sh513130,09:47:55,1764726477376,5572.36,0.9078,3.1014,0.734,0.7328,0.1638,714400,523862,0.7333,0.733,117930400,0.732,121666600,0.731,77448400,0.73,73263200,0.729,26938800,0.734,64003700,0.735,104117000,0.736,63149700,0.737,55783900,0.738,41007900,879,100,0
sh513130,09:47:58,1764726480380,5572.48,0.9078,2.6204,0.734,0.7328,0.1638,1461600,1071505,0.7331,0.733,106306800,0.732,122548200,0.731,77448400,0.73,80670700,0.729,26938800,0.734,64494400,0.735,104124500,0.736,63149700,0.737,55783900,0.738,41012900,1905,100,0
sh513130,09:48:01,1764726484391,5573.62,0.9078,2.8357,0.734,0.7335,0.0682,187700,137772,0.734,0.733,96391200,0.732,122780500,0.731,77455000,0.73,90670700,0.729,26938800,0.734,64873800,0.735,103624500,0.736,62155800,0.737,55783900,0.738,40992900,694,100,0
sh513130,09:48:04,1764726486392,5573.66,0.9078,2.6261,0.734,0.7335,0.0682,217000,159151,0.7334,0.733,92663000,0.732,122783500,0.731,81325000,0.73,90980700,0.729,26948800,0.734,65980000,0.735,103546900,0.736,62111900,0.737,55783900,0.738,41052900,1584,100,0
sh513130,09:48:07,1764726489392,5572.37,0.9078,2.1098,0.733,0.7335,-0.0682,40000,29345,0.7336,0.733,91827000,0.732,122813500,0.731,82194300,0.73,92034300,0.729,27941500,0.734,68451700,0.735,103426900,0.736,62112900,0.737,55763900,0.738,41052900,286,100,0
sh513130,09:48:10,1764726492395,5572.59,0.9078,3.0866,0.733,0.7335,-0.0682,102800,75453,0.734,0.733,92155000,0.732,122832200,0.731,83077200,0.73,92045400,0.729,28041500,0.734,67514300,0.735,103316300,0.736,62102900,0.737,55134700,0.738,41052900,1142,100,0
sh513130,09:48:13,1764726495400,5572.46,0.9078,4.2756,0.734,0.7335,0.0682,125200,91892,0.734,0.733,92322800,0.732,122888200,0.731,83997500,0.73,92050800,0.729,28046500,0.734,67833900,0.735,104185100,0.736,62102900,0.737,55114700,0.738,41052900,908,100,0
sh513130,09:48:16,1764726499411,5572.76,0.9078,2.7201,0.734,0.7335,0.0682,152400,111759,0.7333,0.733,92360200,0.732,122959700,0.731,84870800,0.73,92081800,0.729,28046500,0.734,67837300,0.735,104641600,0.736,62082900,0.737,55114700,0.738,41052900,884,100,0
sh513130,09:48:19,1764726501411,5573.0,0.9078,4.381,0.733,0.7335,-0.0682,260600,191189,0.7336,0.733,90158200,0.732,122969700,0.731,85743100,0.73,92079900,0.729,28053300,0.734,67828700,0.735,105506100,0.736,62129700,0.737,55114700,0.738,41052900,880,100,0
sh513130,09:48:22,1764726504418,5572.86,0.9078,3.0345,0.734,0.7335,0.0682,83300,61094,0.7334,0.733,92425300,0.732,123423400,0.731,86612400,0.73,92074900,0.729,28053300,0.734,71064300,0.735,105373200,0.736,62129700,0.737,55232000,0.738,41192900,3,100,0
sh513130,09:48:25,1764726508426,5572.83,0.9078,4.7351,0.734,0.7335,0.0682,31400,23032,0.7335,0.733,92432800,0.732,123504500,0.731,87575800,0.73,92094000,0.729,28093300,0.734,75625900,0.735,105363900,0.736,62173600,0.737,55202000,0.738,41162900,19,100,0
sh513130,09:48:28,1764726511420,5572.53,0.9078,3.6048,0.733,0.7335,-0.0682,34400,25217,0.7331,0.733,92615900,0.732,123505800,0.731,88289000,0.73,92080300,0.729,28122900,0.734,75235000,0.735,106228400,0.736,62145600,0.737,55202000,0.738,41162900,745,100,0
sh513130,09:48:31,1764726514429,5573.41,0.9078,3.2254,0.733,0.7335,-0.0682,191900,140735,0.7334,0.733,123951500,0.732,110536900,0.731,83060800,0.73,69451800,0.729,28182900,0.734,75783000,0.735,107081100,0.736,62145600,0.737,55383200,0.738,41212900,1590,100,0
sh513130,09:48:34,1764726516433,5573.16,0.9078,2.508,0.734,0.7335,0.0682,10100,7413,0.734,0.733,101806000,0.732,99852600,0.731,83061000,0.73,91835900,0.729,28182900,0.734,76251100,0.735,107081100,0.736,62095600,0.737,55427300,0.738,41212900,12,100,0
sh513130,09:48:37,1764726519434,5573.34,0.9078,2.4576,0.734,0.7328,0.1638,502100,368057,0.733,0.733,103118800,0.732,107424700,0.731,83074000,0.73,81802900,0.729,28282900,0.734,77332200,0.735,106967100,0.736,62035600,0.737,55373100,0.738,41242900,132,100,0
sh513130,09:48:40,1764726522455,5573.01,0.9078,3.4283,0.734,0.7328,0.1638,88400,64833,0.7334,0.733,105985000,0.732,108292700,0.731,83061000,0.73,79829900,0.729,28289700,0.734,78528600,0.735,107412100,0.736,62035600,0.737,55323100,0.738,41222900,1007,100,0
sh513130,09:48:43,1764726524455,5573.52,0.9078,2.7774,0.734,0.7328,0.1638,196300,143997,0.7336,0.733,125825400,0.732,100820700,0.731,83065000,0.73,69515600,0.729,28289700,0.734,76037200,0.735,107414300,0.736,62041600,0.737,55323100,0.738,41267000,36,100,0
sh513130,09:48:43,1764726526449,5574.0,0.9078,2.4133,0.734,0.7328,0.1638,196300,143997,0.7336,0.733,125825400,0.732,100820700,0.731,83065000,0.73,69515600,0.729,28289700,0.734,76037200,0.735,107414300,0.736,62041600,0.737,55323100,0.738,41267000,30,100,0
sh513130,09:48:46,1764726528458,5573.94,0.9078,2.9375,0.733,0.7328,0.0273,173200,126995,0.7332,0.733,125901600,0.732,102537000,0.731,83065000,0.73,69518600,0.729,28299700,0.734,76101600,0.735,108328800,0.736,62053400,0.737,55336600,0.738,41267000,15,100,0
sh513130,09:48:49,1764726530463,5573.85,0.9078,2.3888,0.733,0.7328,0.0273,442600,324580,0.7333,0.733,127071100,0.732,103793900,0.731,83065300,0.73,70532300,0.729,28299700,0.734,70953900,0.735,108125300,0.736,62076700,0.737,60589000,0.738,41267000,21,100,0
sh513130,09:48:49,1764726532467,5574.27,0.9078,1.9715,0.733,0.7328,0.0273,442600,324580,0.7333,0.733,127071100,0.732,103793900,0.731,83065300,0.73,70532300,0.729,28299700,0.734,70953900,0.735,108125300,0.736,62076700,0.737,60589000,0.738,41267000,48,100,0
sh513130,09:48:52,1764726534457,5573.87,0.9078,2.314,0.734,0.7328,0.1638,158000,115937,0.7338,0.733,127498400,0.732,104750800,0.731,83080800,0.73,70520100,0.729,28309700,0.734,76495300,0.735,109973400,0.736,62076700,0.737,55589000,0.738,41267000,24,100,0
sh513130,09:48:55,1764726537471,5573.45,0.9078,4.7858,0.734,0.7335,0.0682,173900,127502,0.7332,0.733,119381100,0.732,114031800,0.731,83098700,0.73,70529200,0.729,28309700,0.734,76553500,0.735,109837900,0.736,62084700,0.737,55581300,0.738,41267000,925,100,0
sh513130,09:48:58,1764726540471,5574.4,0.9078,3.5382,0.734,0.7335,0.0682,53800,39489,0.734,0.733,123070200,0.732,101604900,0.731,78075700,0.73,70544200,0.729,28322500,0.734,76953200,0.735,111790100,0.736,62084700,0.737,55319600,0.738,41267000,1764,100,0
sh513130,09:49:01,1764726544475,5574.81,0.9078,3.5802,0.734,0.7335,0.0682,566100,415452,0.7339,0.733,124728500,0.732,102511900,0.731,77085700,0.73,70604300,0.729,28322500,0.734,76022900,0.735,110942400,0.736,62087700,0.737,55619600,0.738,41267000,783,100,0
sh513130,09:49:04,1764726547475,5574.53,0.9078,2.0732,0.733,0.7335,-0.0682,236600,173479,0.7332,0.733,125373000,0.732,104424100,0.731,77085700,0.73,70624500,0.729,28322500,0.734,70960600,0.735,110951400,0.736,62087700,0.737,60619600,0.738,41267000,139,100,0
sh513130,09:49:07,1764726548494,5576.25,0.9078,4.3433,0.734,0.7335,0.0682,26902100,19746090,0.734,0.734,38104900,0.733,124635000,0.732,104465000,0.731,74572000,0.73,70649500,0.735,121331400,0.736,76558200,0.737,71270800,0.738,42277000,0.739,37867700,75,100,0
sh513130,09:49:10,1764726552613,5577.41,0.9078,3.8748,0.734,0.7335,0.0682,285500,209557,0.734,0.734,59268500,0.733,124925600,0.732,104867600,0.731,56825600,0.73,70646300,0.735,108363400,0.736,76548200,0.737,71252000,0.738,42277000,0.739,37867700,91,100,0
sh513130,09:49:13,1764726556503,5577.91,0.9078,3.733,0.734,0.7335,0.0682,136200,99976,0.734,0.734,39213400,0.733,125178500,0.732,103927400,0.731,74245600,0.73,70685300,0.735,108311500,0.736,77795500,0.737,71252000,0.738,42277000,0.739,38957700,59,100,0
sh513130,09:49:16,1764726558496,5577.97,0.9078,3.5684,0.734,0.7335,0.0682,290000,212860,0.734,0.734,41589500,0.733,126158300,0.732,105240700,0.731,74270600,0.73,70711900,0.735,108322600,0.736,77795500,0.737,71252000,0.738,42277000,0.739,38957700,52,100,0
sh513130,09:49:19,1764726561502,5578.89,0.9078,3.0147,0.734,0.7335,0.0682,3051700,2239982,0.734,0.734,198000,0.733,127041000,0.732,105251200,0.731,74375600,0.73,70733900,0.735,108345000,0.736,77403200,0.737,71252000,0.738,42276300,0.739,38957700,1026,100,0
sh513130,09:49:22,1764726564737,5580.24,0.9078,2.9982,0.734,0.7341,-0.0136,162400,119201,0.734,0.734,52605000,0.733,120386700,0.732,104215900,0.731,64775600,0.73,70738300,0.735,108295000,0.736,76903200,0.737,71277400,0.738,42286300,0.739,38957700,154,100,0
sh513130,09:49:25,1764726567582,5580.85,0.9078,1.6701,0.734,0.7341,-0.0136,595400,437051,0.734,0.734,62111700,0.733,122484300,0.732,104238900,0.731,56790400,0.73,70765300,0.735,108430300,0.736,76890000,0.737,71337000,0.738,42286300,0.739,38957700,806,100,0
sh513130,09:49:28,1764726571516,5582.14,0.9078,2.2745,0.735,0.7341,0.1226,1075700,789598,0.734,0.734,64744100,0.733,123238900,0.732,104253900,0.731,56790400,0.73,70755300,0.735,108488300,0.736,76893000,0.737,71337000,0.738,42286300,0.739,38957700,448,100,0
sh513130,09:49:31,1764726573510,5582.79,0.9078,1.9765,0.734,0.7341,-0.0136,877800,644428,0.7341,0.734,64461100,0.733,124517600,0.732,104314000,0.731,57037400,0.73,70796600,0.735,94849700,0.736,84421700,0.737,72327000,0.738,47286300,0.739,38957700,281,100,0
sh513130,09:49:34,1764726576526,5583.53,0.9078,4.1607,0.735,0.7341,0.1226,18100,13304,0.735,0.734,68047300,0.733,125928500,0.732,104510400,0.731,57057400,0.73,70796600,0.735,86082300,0.736,84421700,0.737,72327000,0.738,52286300,0.739,38972700,46,100,0
sh513130,09:49:37,1764726578513,5584.38,0.9078,3.2962,0.735,0.7341,0.1226,412900,303089,0.734,0.734,69844400,0.733,125903400,0.732,95869400,0.731,57077400,0.73,70817800,0.735,67687200,0.736,84421700,0.737,90326600,0.738,52586300,0.739,38972700,29,100,0
sh513130,09:49:40,1764726582533,5584.63,0.9078,2.3802,0.734,0.7348,-0.1089,58600,43023,0.7342,0.734,70710500,0.733,125897900,0.732,95855700,0.731,57085100,0.73,70893600,0.735,88697100,0.736,84421700,0.737,72328400,0.738,52836300,0.739,38972700,2,100,0
sh513130,09:49:43,1764726585526,5584.97,0.9078,3.6894,0.735,0.7348,0.0272,1076200,789997,0.7341,0.734,72293300,0.733,125968800,0.732,95855700,0.731,57085100,0.73,70909200,0.735,93630900,0.736,85489300,0.737,72360900,0.738,47873300,0.739,38972700,1003,100,0
sh513130,09:49:46,1764726589553,5584.59,0.9078,2.8704,0.734,0.7348,-0.1089,106500,78197,0.7342,0.734,74204300,0.733,125921500,0.732,95855700,0.731,56842200,0.73,70949400,0.735,93604900,0.736,85709300,0.737,72380900,0.738,48385300,0.739,38972700,1076,100,0
sh513130,09:49:49,1764726591545,5584.71,0.9078,2.2406,0.735,0.7348,0.0272,1010400,741644,0.734,0.734,73742600,0.733,126757700,0.732,94955700,0.731,56886200,0.73,70947200,0.735,93622300,0.736,85726200,0.737,72660900,0.738,48385300,0.739,38607700,1024,100,0
sh513130,09:49:52,1764726594539,5584.15,0.9078,3.6303,0.735,0.7348,0.0272,168200,123582,0.7347,0.734,71482800,0.733,125985400,0.732,92963700,0.731,56947300,0.73,71003900,0.735,93611800,0.736,85506500,0.737,72661600,0.738,48385300,0.739,38607700,100,100,0
sh513130,09:49:55,1764726597551,5584.12,0.9078,2.8794,0.735,0.7348,0.0272,1152200,845812,0.7341,0.734,70559900,0.733,125647800,0.732,93049300,0.731,56950500,0.73,71004100,0.735,107319300,0.736,77136500,0.737,72661600,0.738,43085300,0.739,38607700,585,100,0
sh513130,09:49:58,1764726600538,5584.18,0.9078,3.3049,0.735,0.7348,0.0272,15500,11393,0.735,0.734,70686600,0.733,126636000,0.732,93049500,0.731,57300500,0.73,71051900,0.735,106923800,0.736,78186500,0.737,72661600,0.738,43485300,0.739,38607700,57,100,0
sh513130,09:50:01,1764726604556,5584.15,0.9078,2.7661,0.734,0.7348,-0.1089,145200,106636,0.7344,0.734,69410600,0.733,127560600,0.732,92999500,0.731,57300500,0.73,71107100,0.735,106856900,0.736,78185500,0.737,72696600,0.738,43485300,0.739,38607700,62,100,0
sh513130,09:50:04,1764726606555,5584.64,0.9078,2.9479,0.734,0.7348,-0.1089,1279900,939719,0.7342,0.734,68901200,0.733,129225700,0.732,93007900,0.731,57300500,0.73,71107200,0.735,101568100,0.736,77206100,0.737,72683000,0.738,48485300,0.739,38607700,81,100,0
sh513130,09:50:07,1764726608566,5583.45,0.9078,1.7161,0.734,0.7348,-0.1089,37900,27850,0.7348,0.734,68641900,0.733,114742000,0.732,93007900,0.731,57900500,0.73,71107400,0.735,107443600,0.736,78206100,0.737,72684000,0.738,43530000,0.739,38907700,98,100,0
sh513130,09:50:10,1764726612569,5583.44,0.9078,2.6202,0.734,0.7341,-0.0136,3300,2424,0.7345,0.734,63836600,0.733,114764500,0.732,93858200,0.731,57900500,0.73,71122400,0.735,107239500,0.736,78214100,0.737,72886500,0.738,43530000,0.739,38906700,76,100,0
sh513130,09:50:13,1764726615575,5583.36,0.9078,1.5438,0.734,0.7341,-0.0136,172500,126687,0.7344,0.734,66231500,0.733,116598800,0.732,92910100,0.731,57515500,0.73,71197400,0.735,108039600,0.736,77252100,0.737,72887200,0.738,43506300,0.739,39150700,1078,100,0
sh513130,09:50:16,1764726618597,5583.77,0.9078,1.951,0.735,0.7341,0.1226,35000,25694,0.7341,0.734,68283600,0.733,119616900,0.732,93920100,0.731,57515500,0.73,71002600,0.735,95539500,0.736,86037000,0.737,72889200,0.738,48506300,0.739,39150700,85,100,0
sh513130,09:50:19,1764726622594,5584.27,0.9078,1.3152,0.735,0.7341,0.1226,258900,190070,0.7341,0.734,70049600,0.733,119604100,0.732,93352100,0.731,57521400,0.73,71000400,0.735,92931600,0.736,86013100,0.737,72889200,0.738,48506300,0.739,39150700,78,100,0
sh513130,09:50:22,1764726624594,5584.19,0.9078,2.1795,0.735,0.7341,0.1226,342700,251820,0.7348,0.734,70318900,0.733,118627600,0.732,93352100,0.731,57521400,0.73,71000100,0.735,105634600,0.736,78502000,0.737,72889200,0.738,43506300,0.739,39150700,31,100,0
