symbol,tx_server_time,tx_local_time,bd_server_time,bd_local_time,price,iopv,premium_rate,index_price,tick_vol,tick_amt,tick_vwap,interval_s,bp1,bv1,bp2,bv2,bp3,bv3,bp4,bv4,bp5,bv5,sp1,sv1,sp2,sv2,sp3,sv3,sp4,sv4,sp5,sv5
sh513130,13:41:03,1763962867001,N/A,0,0.732,0.733,-0.1364,0.0,0,0,0.732,0.0,0.732,62349000,0.731,113445100,0.730,144532500,0.729,86663800,0.728,52475300,0.733,98674500,0.734,138514200,0.735,125388100,0.736,65142700,0.737,56231400
sh513130,13:41:03,1763962867784,N/A,0,0.732,0.733,-0.1364,0.0,0,0,0.732,0.783,0.732,62349000,0.731,113445100,0.730,144532500,0.729,86663800,0.728,52475300,0.733,98674500,0.734,138514200,0.735,125388100,0.736,65142700,0.737,56231400
sh513130,13:41:06,1763962868767,N/A,0,0.732,0.733,-0.1364,0.0,840600,616046,0.7329,0.984,0.732,60242300,0.731,113488200,0.730,144542500,0.729,86663800,0.728,53965400,0.733,99299800,0.734,138533600,0.735,126274900,0.736,65142700,0.737,56255400
sh513130,13:41:06,1763962869767,N/A,0,0.732,0.733,-0.1364,0.0,0,0,0.732,1.0,0.732,60242300,0.731,113488200,0.730,144542500,0.729,86663800,0.728,53965400,0.733,99299800,0.734,138533600,0.735,126274900,0.736,65142700,0.737,56255400
sh513130,13:41:09,1763962870782,N/A,0,0.732,0.733,-0.1364,0.0,87600,64162,0.7324,1.015,0.732,67042500,0.731,113523600,0.730,144697300,0.729,81764100,0.728,53965400,0.733,99206100,0.734,139348000,0.735,126285200,0.736,65142700,0.737,56265400
sh513130,13:41:09,1763962871786,N/A,0,0.732,0.733,-0.1364,0.0,0,0,0.732,1.005,0.732,67042500,0.731,113523600,0.730,144697300,0.729,81764100,0.728,53965400,0.733,99206100,0.734,139348000,0.735,126285200,0.736,65142700,0.737,56265400
sh513130,13:41:09,1763962872779,13:42:12,1763962872349,0.732,0.733,-0.1364,5535.2,0,0,0.732,0.992,0.732,67042500,0.731,113523600,0.730,144697300,0.729,81764100,0.728,53965400,0.733,99206100,0.734,139348000,0.735,126285200,0.736,65142700,0.737,56265400
sh513130,13:41:09,1763962873785,13:42:12,1763962872349,0.732,0.733,-0.1364,5535.2,0,0,0.732,1.007,0.732,67042500,0.731,113523600,0.730,144697300,0.729,81764100,0.728,53965400,0.733,99206100,0.734,139348000,0.735,126285200,0.736,65142700,0.737,56265400
sh513130,13:41:12,1763962874786,13:42:14,1763962874385,0.732,0.733,-0.1364,5534.48,92700,67856,0.732,1.001,0.732,53503300,0.731,129818600,0.730,137213100,0.729,86764100,0.728,53966700,0.733,99353300,0.734,139870000,0.735,126303200,0.736,65259700,0.737,56265400
sh513130,13:41:12,1763962875794,13:42:14,1763962874385,0.732,0.733,-0.1364,5534.48,0,0,0.732,1.008,0.732,53503300,0.731,129818600,0.730,137213100,0.729,86764100,0.728,53966700,0.733,99353300,0.734,139870000,0.735,126303200,0.736,65259700,0.737,56265400
sh513130,13:41:12,1763962876780,13:42:16,1763962876399,0.732,0.733,-0.1364,5534.07,0,0,0.732,0.986,0.732,53503300,0.731,129818600,0.730,137213100,0.729,86764100,0.728,53966700,0.733,99353300,0.734,139870000,0.735,126303200,0.736,65259700,0.737,56265400
sh513130,13:41:15,1763962877793,13:42:16,1763962876399,0.732,0.733,-0.1364,5534.07,132700,97169,0.7322,1.013,0.732,48273300,0.731,121818600,0.730,144298300,0.729,86764100,0.728,53966700,0.733,100104400,0.734,140660000,0.735,126363900,0.736,65271700,0.737,56270500
sh513130,13:41:15,1763962878789,13:42:18,1763962878400,0.732,0.733,-0.1364,5534.15,0,0,0.732,0.996,0.732,48273300,0.731,121818600,0.730,144298300,0.729,86764100,0.728,53966700,0.733,100104400,0.734,140660000,0.735,126363900,0.736,65271700,0.737,56270500
sh513130,13:41:18,1763962879785,13:42:18,1763962878400,0.732,0.733,-0.1364,5534.15,906700,663705,0.732,0.996,0.732,53546000,0.731,121828600,0.730,144298300,0.729,86834100,0.728,53867100,0.733,99684200,0.734,138070200,0.735,126368700,0.736,65289400,0.737,56270500
sh513130,13:41:18,1763962880791,13:42:20,1763962880579,0.732,0.733,-0.1364,5534.35,0,0,0.732,1.006,0.732,53546000,0.731,121828600,0.730,144298300,0.729,86834100,0.728,53867100,0.733,99684200,0.734,138070200,0.735,126368700,0.736,65289400,0.737,56270500
sh513130,13:47:27,1763963248112,N/A,0,0.733,0.7337,-0.0954,0.0,0,0,0.733,0.0,0.732,123267100,0.731,112842000,0.730,117843500,0.729,58221400,0.728,54118100,0.733,673900,0.734,136918100,0.735,147212300,0.736,96405700,0.737,60856700
sh513130,13:47:27,1763963249053,N/A,0,0.733,0.7337,-0.0954,0.0,0,0,0.733,0.941,0.732,123267100,0.731,112842000,0.730,117843500,0.729,58221400,0.728,54118100,0.733,673900,0.734,136918100,0.735,147212300,0.736,96405700,0.737,60856700
sh513130,13:47:27,1763963250187,N/A,0,0.733,0.7337,-0.0954,0.0,0,0,0.733,1.134,0.732,123267100,0.731,112842000,0.730,117843500,0.729,58221400,0.728,54118100,0.733,673900,0.734,136918100,0.735,147212300,0.736,96405700,0.737,60856700
sh513130,13:47:27,1763963251048,N/A,0,0.733,0.7337,-0.0954,0.0,0,0,0.733,0.861,0.732,123267100,0.731,112842000,0.730,117843500,0.729,58221400,0.728,54118100,0.733,673900,0.734,136918100,0.735,147212300,0.736,96405700,0.737,60856700
sh513130,13:47:30,1763963252203,N/A,0,0.733,0.7337,-0.0954,0.0,138800,101737,0.733,1.155,0.732,122976600,0.731,113985800,0.730,117843500,0.729,58221400,0.728,54119000,0.733,11148100,0.734,152905800,0.735,147256000,0.736,96025700,0.737,60856700
sh513130,13:47:30,1763963253400,N/A,0,0.733,0.7337,-0.0954,0.0,0,0,0.733,1.196,0.732,122976600,0.731,113985800,0.730,117843500,0.729,58221400,0.728,54119000,0.733,11148100,0.734,152905800,0.735,147256000,0.736,96025700,0.737,60856700
sh513130,13:47:30,1763963254205,13:48:32,1763963254127,0.733,0.7337,-0.0954,5538.38,0,0,0.733,0.805,0.732,122976600,0.731,113985800,0.730,117843500,0.729,58221400,0.728,54119000,0.733,11148100,0.734,152905800,0.735,147256000,0.736,96025700,0.737,60856700
sh513130,13:47:33,1763963255066,13:48:34,1763963254380,0.733,0.7337,-0.0954,5538.43,285600,209335,0.733,0.862,0.732,122691500,0.731,114860000,0.730,118358300,0.729,58621200,0.728,54119000,0.733,8446600,0.734,153461700,0.735,147018900,0.736,96140300,0.737,60856700
sh513130,13:47:33,1763963256081,13:48:34,1763963254380,0.733,0.7337,-0.0954,5538.43,0,0,0.733,1.015,0.732,122691500,0.731,114860000,0.730,118358300,0.729,58621200,0.728,54119000,0.733,8446600,0.734,153461700,0.735,147018900,0.736,96140300,0.737,60856700
sh513130,13:47:36,1763963257198,13:48:36,1763963256353,0.733,0.7337,-0.0954,5538.31,1249900,916177,0.733,1.116,0.732,122620600,0.731,115734200,0.730,118348300,0.729,58621200,0.728,54129200,0.733,2007900,0.734,137619800,0.735,147020400,0.736,96280300,0.737,60795200
sh513130,13:47:36,1763963258071,13:48:36,1763963256353,0.733,0.7337,-0.0954,5538.31,0,0,0.733,0.873,0.732,122620600,0.731,115734200,0.730,118348300,0.729,58621200,0.728,54129200,0.733,2007900,0.734,137619800,0.735,147020400,0.736,96280300,0.737,60795200
sh513130,13:47:36,1763963259062,13:48:38,1763963258345,0.733,0.7337,-0.0954,5538.87,0,0,0.733,0.992,0.732,122620600,0.731,115734200,0.730,118348300,0.729,58621200,0.728,54129200,0.733,2007900,0.734,137619800,0.735,147020400,0.736,96280300,0.737,60795200
sh513130,13:47:36,1763963260071,13:48:38,1763963258345,0.733,0.7337,-0.0954,5538.87,0,0,0.733,1.009,0.732,122620600,0.731,115734200,0.730,118348300,0.729,58621200,0.728,54129200,0.733,2007900,0.734,137619800,0.735,147020400,0.736,96280300,0.737,60795200
sh513130,13:47:39,1763963261068,13:48:40,1763963260461,0.733,0.7337,-0.0954,5538.09,1935000,1417855,0.7327,0.996,0.733,686800,0.732,122217500,0.731,111363200,0.730,118348300,0.729,58621200,0.734,137697700,0.735,147292600,0.736,96707400,0.737,60795200,0.738,51769600
sh513130,13:47:39,1763963262082,13:48:40,1763963260461,0.733,0.7337,-0.0954,5538.09,0,0,0.733,1.015,0.733,686800,0.732,122217500,0.731,111363200,0.730,118348300,0.729,58621200,0.734,137697700,0.735,147292600,0.736,96707400,0.737,60795200,0.738,51769600
sh513130,13:47:42,1763963263091,13:48:42,1763963262630,0.733,0.7337,-0.0954,5538.59,1781600,1305775,0.7329,1.009,0.732,123026900,0.731,111363200,0.730,118348300,0.729,59620600,0.728,54522800,0.733,21003700,0.734,137761900,0.735,147282600,0.736,96731400,0.737,60795200
sh513130,13:47:42,1763963264100,13:48:42,1763963262630,0.733,0.7337,-0.0954,5538.59,0,0,0.733,1.009,0.732,123026900,0.731,111363200,0.730,118348300,0.729,59620600,0.728,54522800,0.733,21003700,0.734,137761900,0.735,147282600,0.736,96731400,0.737,60795200
sh513130,13:47:42,1763963265072,13:48:44,1763963264796,0.733,0.7337,-0.0954,5539.37,0,0,0.733,0.972,0.732,123026900,0.731,111363200,0.730,118348300,0.729,59620600,0.728,54522800,0.733,21003700,0.734,137761900,0.735,147282600,0.736,96731400,0.737,60795200
sh513130,13:47:42,1763963266076,13:48:44,1763963264796,0.733,0.7337,-0.0954,5539.37,0,0,0.733,1.004,0.732,123026900,0.731,111363200,0.730,118348300,0.729,59620600,0.728,54522800,0.733,21003700,0.734,137761900,0.735,147282600,0.736,96731400,0.737,60795200
sh513130,13:47:45,1763963267084,13:48:46,1763963267055,0.733,0.7337,-0.0954,5538.83,122000,89426,0.733,1.008,0.732,123029500,0.731,112237400,0.730,118348300,0.729,59620600,0.728,54522800,0.733,24350600,0.734,138025300,0.735,147024200,0.736,96352400,0.737,60795200
sh513130,13:47:45,1763963268086,13:48:46,1763963267055,0.733,0.7337,-0.0954,5538.83,0,0,0.733,1.002,0.732,123029500,0.731,112237400,0.730,118348300,0.729,59620600,0.728,54522800,0.733,24350600,0.734,138025300,0.735,147024200,0.736,96352400,0.737,60795200
sh513130,13:47:45,1763963269081,13:48:48,1763963268378,0.733,0.7337,-0.0954,5538.72,0,0,0.733,0.995,0.732,123029500,0.731,112237400,0.730,118348300,0.729,59620600,0.728,54522800,0.733,24350600,0.734,138025300,0.735,147024200,0.736,96352400,0.737,60795200
sh513130,13:47:48,1763963270090,13:48:48,1763963269138,0.732,0.7337,-0.2317,5538.72,359700,263376,0.7322,1.009,0.732,122777900,0.731,113111600,0.730,118348300,0.729,58621200,0.728,54532800,0.733,35360500,0.734,154045100,0.735,147048400,0.736,96352400,0.737,60791900
sh513130,13:47:48,1763963271088,13:48:50,1763963270322,0.732,0.7337,-0.2317,5539.5,0,0,0.732,0.998,0.732,122777900,0.731,113111600,0.730,118348300,0.729,58621200,0.728,54532800,0.733,35360500,0.734,154045100,0.735,147048400,0.736,96352400,0.737,60791900
sh513130,13:47:48,1763963272084,13:48:50,1763963271304,0.732,0.7337,-0.2317,5539.5,0,0,0.732,0.996,0.732,122777900,0.731,113111600,0.730,118348300,0.729,58621200,0.728,54532800,0.733,35360500,0.734,154045100,0.735,147048400,0.736,96352400,0.737,60791900
sh513130,13:47:51,1763963273093,13:48:52,1763963272383,0.733,0.7337,-0.0954,5539.06,127800,93676,0.733,1.008,0.732,122833000,0.731,113985800,0.730,118348300,0.729,58621200,0.728,55532400,0.733,36472300,0.734,152534200,0.735,147570600,0.736,97354900,0.737,60791900
sh513130,13:47:51,1763963274097,13:48:52,1763963273516,0.733,0.7337,-0.0954,5539.06,0,0,0.733,1.004,0.732,122833000,0.731,113985800,0.730,118348300,0.729,58621200,0.728,55532400,0.733,36472300,0.734,152534200,0.735,147570600,0.736,97354900,0.737,60791900
sh513130,13:47:51,1763963275092,13:48:54,1763963274372,0.733,0.7337,-0.0954,5538.54,0,0,0.733,0.995,0.732,122833000,0.731,113985800,0.730,118348300,0.729,58621200,0.728,55532400,0.733,36472300,0.734,152534200,0.735,147570600,0.736,97354900,0.737,60791900
sh513130,13:47:54,1763963276107,13:48:54,1763963275641,0.733,0.733,0.0,5538.54,4300,3149,0.7323,1.015,0.732,130840000,0.731,106860000,0.730,118323300,0.729,58621200,0.728,55547300,0.733,37552100,0.734,152495500,0.735,140440100,0.736,105328900,0.737,60791900
sh513130,13:47:54,1763963277103,13:48:56,1763963276360,0.733,0.733,0.0,5538.46,0,0,0.733,0.996,0.732,130840000,0.731,106860000,0.730,118323300,0.729,58621200,0.728,55547300,0.733,37552100,0.734,152495500,0.735,140440100,0.736,105328900,0.737,60791900
sh513130,13:47:54,1763963278107,13:48:56,1763963277836,0.733,0.733,0.0,5538.46,0,0,0.733,1.004,0.732,130840000,0.731,106860000,0.730,118323300,0.729,58621200,0.728,55547300,0.733,37552100,0.734,152495500,0.735,140440100,0.736,105328900,0.737,60791900
sh513130,13:47:57,1763963279112,13:48:58,1763963278362,0.733,0.733,0.0,5540.14,10483800,7684615,0.733,1.005,0.732,122055400,0.731,115968400,0.730,118318300,0.729,57621800,0.728,55557300,0.733,6150600,0.734,136639600,0.735,149314500,0.736,97728900,0.737,60791900
sh513130,13:47:57,1763963280107,13:48:58,1763963279996,0.733,0.733,0.0,5540.14,0,0,0.733,0.994,0.732,122055400,0.731,115968400,0.730,118318300,0.729,57621800,0.728,55557300,0.733,6150600,0.734,136639600,0.735,149314500,0.736,97728900,0.737,60791900
sh513130,13:47:57,1763963281116,13:49:00,1763963280716,0.733,0.733,0.0,5540.7,0,0,0.733,1.009,0.732,122055400,0.731,115968400,0.730,118318300,0.729,57621800,0.728,55557300,0.733,6150600,0.734,136639600,0.735,149314500,0.736,97728900,0.737,60791900
sh513130,13:48:00,1763963282112,13:49:00,1763963280716,0.733,0.733,0.0,5540.7,6330700,4640403,0.733,0.996,0.733,60598300,0.732,123080400,0.731,110598000,0.730,84926900,0.729,37627400,0.734,136785800,0.735,146716000,0.736,97728900,0.737,60791900,0.738,51780600
sh513130,13:48:00,1763963283123,13:49:02,1763963282390,0.733,0.733,0.0,5540.72,0,0,0.733,1.012,0.733,60598300,0.732,123080400,0.731,110598000,0.730,84926900,0.729,37627400,0.734,136785800,0.735,146716000,0.736,97728900,0.737,60791900,0.738,51780600
sh513130,13:48:00,1763963284124,13:49:02,1763963282390,0.733,0.733,0.0,5540.72,0,0,0.733,1.001,0.733,60598300,0.732,123080400,0.731,110598000,0.730,84926900,0.729,37627400,0.734,136785800,0.735,146716000,0.736,97728900,0.737,60791900,0.738,51780600
sh513130,13:48:00,1763963285114,13:49:04,1763963284364,0.733,0.733,0.0,5540.2,0,0,0.733,0.99,0.733,60598300,0.732,123080400,0.731,110598000,0.730,84926900,0.729,37627400,0.734,136785800,0.735,146716000,0.736,97728900,0.737,60791900,0.738,51780600
sh513130,13:48:03,1763963286106,13:49:04,1763963284364,0.732,0.7337,-0.2317,5540.2,5994800,4394171,0.733,0.992,0.732,123377400,0.731,111283500,0.730,116903900,0.729,53624200,0.728,54564300,0.733,15848700,0.734,136493200,0.735,146988200,0.736,97727400,0.737,60791900
sh513130,13:48:03,1763963287113,13:49:06,1763963286542,0.732,0.7337,-0.2317,5539.79,0,0,0.732,1.007,0.732,123377400,0.731,111283500,0.730,116903900,0.729,53624200,0.728,54564300,0.733,15848700,0.734,136493200,0.735,146988200,0.736,97727400,0.737,60791900
sh513130,13:48:06,1763963288111,13:49:06,1763963286542,0.732,0.7337,-0.2317,5539.79,8135200,5962828,0.733,0.998,0.732,123282600,0.731,112468300,0.730,117408700,0.729,54623800,0.728,55564300,0.733,2081700,0.734,137095600,0.735,146700500,0.736,97327400,0.737,60801900
sh513130,13:48:06,1763963289113,13:49:08,1763963288708,0.732,0.7337,-0.2317,5540.02,0,0,0.732,1.001,0.732,123282600,0.731,112468300,0.730,117408700,0.729,54623800,0.728,55564300,0.733,2081700,0.734,137095600,0.735,146700500,0.736,97327400,0.737,60801900
sh513130,13:48:06,1763963290112,13:49:08,1763963288708,0.732,0.7337,-0.2317,5540.02,0,0,0.732,0.999,0.732,123282600,0.731,112468300,0.730,117408700,0.729,54623800,0.728,55564300,0.733,2081700,0.734,137095600,0.735,146700500,0.736,97327400,0.737,60801900
sh513130,13:48:09,1763963291120,13:49:10,1763963290924,0.733,0.7337,-0.0954,5540.84,2104900,1542892,0.733,1.008,0.732,123408000,0.731,113342500,0.730,117370700,0.729,54623800,0.728,55564300,0.733,12995400,0.734,136794700,0.735,146999000,0.736,97728400,0.737,60801900
sh513130,13:48:09,1763963292124,13:49:10,1763963290924,0.733,0.7337,-0.0954,5540.84,0,0,0.733,1.004,0.732,123408000,0.731,113342500,0.730,117370700,0.729,54623800,0.728,55564300,0.733,12995400,0.734,136794700,0.735,146999000,0.736,97728400,0.737,60801900
sh513130,13:48:12,1763963293111,13:49:12,1763963293075,0.733,0.7337,-0.0954,5540.8,4579600,3356843,0.733,0.987,0.733,31439700,0.732,123491100,0.731,111594100,0.730,117370700,0.729,38627000,0.734,136969300,0.735,146726800,0.736,97728400,0.737,61669000,0.738,51829000
sh513130,13:48:09,1763963294124,13:49:12,1763963293075,0.733,0.7337,-0.0954,5540.8,-4579600,-3356843,0.733,1.013,0.732,123408000,0.731,113342500,0.730,117370700,0.729,54623800,0.728,55564300,0.733,12995400,0.734,136794700,0.735,146999000,0.736,97728400,0.737,60801900
sh513130,13:48:12,1763963295127,13:49:14,1763963294333,0.733,0.7337,-0.0954,5540.23,4579600,3356843,0.733,1.003,0.733,31439700,0.732,123491100,0.731,111594100,0.730,117370700,0.729,38627000,0.734,136969300,0.735,146726800,0.736,97728400,0.737,61669000,0.738,51829000
sh513130,13:48:15,1763963296124,13:49:14,1763963295219,0.733,0.7337,-0.0954,5540.23,10440600,7652861,0.733,0.998,0.733,71272200,0.732,123713400,0.731,110322500,0.730,84998700,0.729,38649500,0.734,136786700,0.735,146956000,0.736,97728400,0.737,60801900,0.738,51829000
sh513130,13:48:15,1763963297142,13:49:16,1763963296362,0.733,0.7337,-0.0954,5541.55,0,0,0.733,1.017,0.733,71272200,0.732,123713400,0.731,110322500,0.730,84998700,0.729,38649500,0.734,136786700,0.735,146956000,0.736,97728400,0.737,60801900,0.738,51829000
sh513130,13:48:15,1763963298141,13:49:16,1763963297384,0.733,0.7337,-0.0954,5541.55,0,0,0.733,1.0,0.733,71272200,0.732,123713400,0.731,110322500,0.730,84998700,0.729,38649500,0.734,136786700,0.735,146956000,0.736,97728400,0.737,60801900,0.738,51829000
sh513130,13:48:15,1763963299132,13:49:18,1763963298331,0.733,0.7337,-0.0954,5540.66,0,0,0.733,0.991,0.733,71272200,0.732,123713400,0.731,110322500,0.730,84998700,0.729,38649500,0.734,136786700,0.735,146956000,0.736,97728400,0.737,60801900,0.738,51829000
sh513130,13:48:18,1763963300131,13:49:18,1763963299554,0.733,0.7337,-0.0954,5540.66,341100,250095,0.7332,0.999,0.733,39730400,0.732,115357200,0.731,111321900,0.730,109695700,0.729,38599500,0.734,136369500,0.735,146988700,0.736,97728400,0.737,61670500,0.738,51839000
sh513130,13:48:18,1763963301129,13:49:20,1763963300365,0.733,0.7337,-0.0954,5541.23,0,0,0.733,0.998,0.733,39730400,0.732,115357200,0.731,111321900,0.730,109695700,0.729,38599500,0.734,136369500,0.735,146988700,0.736,97728400,0.737,61670500,0.738,51839000
sh513130,13:48:18,1763963302134,13:49:20,1763963301779,0.733,0.7337,-0.0954,5541.23,0,0,0.733,1.005,0.733,39730400,0.732,115357200,0.731,111321900,0.730,109695700,0.729,38599500,0.734,136369500,0.735,146988700,0.736,97728400,0.737,61670500,0.738,51839000
sh513130,13:48:21,1763963303144,13:49:22,1763963302369,0.733,0.7337,-0.0954,5542.27,1057000,774781,0.733,1.01,0.732,123784900,0.731,112140200,0.730,117375700,0.729,54596300,0.728,54564300,0.733,531000,0.734,137891600,0.735,146968700,0.736,97728400,0.737,60794400
sh513130,13:48:21,1763963304132,13:49:22,1763963304032,0.733,0.7337,-0.0954,5542.27,0,0,0.733,0.988,0.732,123784900,0.731,112140200,0.730,117375700,0.729,54596300,0.728,54564300,0.733,531000,0.734,137891600,0.735,146968700,0.736,97728400,0.737,60794400
sh513130,13:48:21,1763963305164,13:49:24,1763963304368,0.733,0.7337,-0.0954,5542.0,0,0,0.733,1.032,0.732,123784900,0.731,112140200,0.730,117375700,0.729,54596300,0.728,54564300,0.733,531000,0.734,137891600,0.735,146968700,0.736,97728400,0.737,60794400
sh513130,13:48:24,1763963306131,13:49:24,1763963306081,0.733,0.7337,-0.0954,5542.0,1046100,766791,0.733,0.967,0.733,21721200,0.732,123511500,0.731,113288000,0.730,117457800,0.729,38489500,0.734,137892600,0.735,146919700,0.736,97328400,0.737,60794400,0.738,51839000
sh513130,13:48:24,1763963307164,13:49:26,1763963306392,0.733,0.7337,-0.0954,5542.05,0,0,0.733,1.033,0.733,21721200,0.732,123511500,0.731,113288000,0.730,117457800,0.729,38489500,0.734,137892600,0.735,146919700,0.736,97328400,0.737,60794400,0.738,51839000
sh513130,13:48:24,1763963308152,13:49:26,1763963306392,0.733,0.7337,-0.0954,5542.05,0,0,0.733,0.988,0.733,21721200,0.732,123511500,0.731,113288000,0.730,117457800,0.729,38489500,0.734,137892600,0.735,146919700,0.736,97328400,0.737,60794400,0.738,51839000
sh513130,13:48:27,1763963309149,13:49:28,1763963308396,0.733,0.7337,-0.0954,5541.9,35800,26241,0.733,0.997,0.733,32488400,0.732,123935400,0.731,113888600,0.730,108677800,0.729,38491500,0.734,137992800,0.735,146949900,0.736,97728400,0.737,61661500,0.738,51839000
sh513130,13:48:27,1763963310152,13:49:28,1763963308396,0.733,0.7337,-0.0954,5541.9,0,0,0.733,1.003,0.733,32488400,0.732,123935400,0.731,113888600,0.730,108677800,0.729,38491500,0.734,137992800,0.735,146949900,0.736,97728400,0.737,61661500,0.738,51839000
sh513130,13:48:27,1763963311154,13:49:30,1763963310399,0.733,0.7337,-0.0954,5541.76,0,0,0.733,1.002,0.733,32488400,0.732,123935400,0.731,113888600,0.730,108677800,0.729,38491500,0.734,137992800,0.735,146949900,0.736,97728400,0.737,61661500,0.738,51839000
sh513130,13:48:27,1763963312149,13:49:30,1763963310399,0.733,0.7337,-0.0954,5541.76,0,0,0.733,0.995,0.733,32488400,0.732,123935400,0.731,113888600,0.730,108677800,0.729,38491500,0.734,137992800,0.735,146949900,0.736,97728400,0.737,61661500,0.738,51839000
sh513130,13:48:30,1763963313143,13:49:32,1763963312569,0.733,0.7337,-0.0954,5541.61,1147800,842338,0.7339,0.995,0.733,70715200,0.732,115535400,0.731,110265900,0.730,82380800,0.729,38491500,0.734,136021100,0.735,146953300,0.736,97704900,0.737,62528600,0.738,51841000
sh513130,13:48:30,1763963314152,13:49:32,1763963312569,0.733,0.7337,-0.0954,5541.61,0,0,0.733,1.008,0.733,70715200,0.732,115535400,0.731,110265900,0.730,82380800,0.729,38491500,0.734,136021100,0.735,146953300,0.736,97704900,0.737,62528600,0.738,51841000
sh513130,13:48:33,1763963315164,13:49:34,1763963314739,0.733,0.7337,-0.0954,5542.44,144700,106069,0.733,1.013,0.733,73780600,0.732,115730100,0.731,110313900,0.730,81409100,0.729,38491500,0.734,136024800,0.735,147357400,0.736,97702800,0.737,62528600,0.738,51841000
sh513130,13:48:33,1763963316153,13:49:34,1763963314739,0.733,0.7337,-0.0954,5542.44,0,0,0.733,0.989,0.733,73780600,0.732,115730100,0.731,110313900,0.730,81409100,0.729,38491500,0.734,136024800,0.735,147357400,0.736,97702800,0.737,62528600,0.738,51841000
sh513130,13:48:33,1763963317164,13:49:36,1763963316935,0.733,0.7337,-0.0954,5542.22,0,0,0.733,1.011,0.733,73780600,0.732,115730100,0.731,110313900,0.730,81409100,0.729,38491500,0.734,136024800,0.735,147357400,0.736,97702800,0.737,62528600,0.738,51841000
sh513130,13:48:36,1763963318155,13:49:36,1763963316935,0.733,0.7337,-0.0954,5542.22,79200,58065,0.7331,0.991,0.733,76659300,0.732,117259500,0.731,109323900,0.730,80409100,0.729,38491500,0.734,135044000,0.735,147342500,0.736,97702800,0.737,62528800,0.738,51851000
sh513130,13:48:36,1763963319170,13:49:38,1763963319136,0.733,0.7337,-0.0954,5542.92,0,0,0.733,1.015,0.733,76659300,0.732,117259500,0.731,109323900,0.730,80409100,0.729,38491500,0.734,135044000,0.735,147342500,0.736,97702800,0.737,62528800,0.738,51851000
sh513130,13:48:36,1763963320180,13:49:38,1763963319136,0.733,0.7337,-0.0954,5542.92,0,0,0.733,1.01,0.733,76659300,0.732,117259500,0.731,109323900,0.730,80409100,0.729,38491500,0.734,135044000,0.735,147342500,0.736,97702800,0.737,62528800,0.738,51851000
sh513130,13:48:39,1763963321167,13:49:40,1763963320364,0.733,0.7337,-0.0954,5542.46,1498700,1099595,0.7337,0.987,0.733,76155900,0.732,117285300,0.731,110363900,0.730,79395500,0.729,38498400,0.734,134109800,0.735,147215100,0.736,97702800,0.737,62528800,0.738,53050800
sh513130,13:48:39,1763963322181,13:49:40,1763963321247,0.733,0.7337,-0.0954,5542.46,0,0,0.733,1.015,0.733,76155900,0.732,117285300,0.731,110363900,0.730,79395500,0.729,38498400,0.734,134109800,0.735,147215100,0.736,97702800,0.737,62528800,0.738,53050800
sh513130,13:48:39,1763963323177,13:49:42,1763963322377,0.733,0.7337,-0.0954,5542.68,0,0,0.733,0.995,0.733,76155900,0.732,117285300,0.731,110363900,0.730,79395500,0.729,38498400,0.734,134109800,0.735,147215100,0.736,97702800,0.737,62528800,0.738,53050800
sh513130,13:48:39,1763963324166,13:49:42,1763963323416,0.733,0.7337,-0.0954,5542.68,0,0,0.733,0.989,0.733,76155900,0.732,117285300,0.731,110363900,0.730,79395500,0.729,38498400,0.734,134109800,0.735,147215100,0.736,97702800,0.737,62528800,0.738,53050800
sh513130,13:48:42,1763963325171,13:49:44,1763963324376,0.734,0.7337,0.0409,5542.27,1964700,1441976,0.7339,1.006,0.733,61043200,0.732,117285300,0.731,110488000,0.730,78431600,0.729,38498400,0.734,132727400,0.735,147215100,0.736,97706800,0.737,62478800,0.738,53050800
sh513130,13:48:42,1763963326173,13:49:44,1763963325586,0.734,0.7337,0.0409,5542.27,0,0,0.734,1.002,0.733,61043200,0.732,117285300,0.731,110488000,0.730,78431600,0.729,38498400,0.734,132727400,0.735,147215100,0.736,97706800,0.737,62478800,0.738,53050800
sh513130,13:48:45,1763963327177,13:49:46,1763963326370,0.734,0.7337,0.0409,5542.27,386200,283135,0.7331,1.004,0.733,37562300,0.732,125688800,0.731,111387400,0.730,103428600,0.729,38498400,0.734,132774700,0.735,147214100,0.736,97883700,0.737,62478800,0.738,53050800
sh513130,13:48:45,1763963328177,13:49:46,1763963327789,0.734,0.7337,0.0409,5542.27,0,0,0.734,0.999,0.733,37562300,0.732,125688800,0.731,111387400,0.730,103428600,0.729,38498400,0.734,132774700,0.735,147214100,0.736,97883700,0.737,62478800,0.738,53050800
sh513130,13:48:45,1763963329171,13:49:48,1763963328363,0.734,0.7337,0.0409,5543.19,0,0,0.734,0.994,0.733,37562300,0.732,125688800,0.731,111387400,0.730,103428600,0.729,38498400,0.734,132774700,0.735,147214100,0.736,97883700,0.737,62478800,0.738,53050800
sh513130,13:48:45,1763963330173,13:49:48,1763963329919,0.734,0.7337,0.0409,5543.19,0,0,0.734,1.002,0.733,37562300,0.732,125688800,0.731,111387400,0.730,103428600,0.729,38498400,0.734,132774700,0.735,147214100,0.736,97883700,0.737,62478800,0.738,53050800
sh513130,13:48:48,1763963331193,13:49:50,1763963330371,0.734,0.7337,0.0409,5543.07,45300,33245,0.7339,1.02,0.733,51202900,0.732,123618400,0.731,103407400,0.730,98428600,0.729,38498400,0.734,132818500,0.735,139305700,0.736,105904300,0.737,62478800,0.738,53130800
sh513130,13:48:48,1763963332177,13:49:50,1763963332099,0.734,0.7337,0.0409,5543.07,0,0,0.734,0.984,0.733,51202900,0.732,123618400,0.731,103407400,0.730,98428600,0.729,38498400,0.734,132818500,0.735,139305700,0.736,105904300,0.737,62478800,0.738,53130800
sh513130,13:48:51,1763963333185,13:49:52,1763963332398,0.734,0.7337,0.0409,5542.81,1157000,849143,0.7339,1.009,0.733,39909800,0.732,123333600,0.731,111066900,0.730,103346500,0.729,38498400,0.734,131807500,0.735,147309000,0.736,97905800,0.737,60744600,0.738,53210800
sh513130,13:48:51,1763963334187,13:49:52,1763963332398,0.734,0.7337,0.0409,5542.81,0,0,0.734,1.002,0.733,39909800,0.732,123333600,0.731,111066900,0.730,103346500,0.729,38498400,0.734,131807500,0.735,147309000,0.736,97905800,0.737,60744600,0.738,53210800
sh513130,13:48:51,1763963335192,13:49:54,1763963334363,0.734,0.7337,0.0409,5542.18,0,0,0.734,1.005,0.733,39909800,0.732,123333600,0.731,111066900,0.730,103346500,0.729,38498400,0.734,131807500,0.735,147309000,0.736,97905800,0.737,60744600,0.738,53210800
sh513130,13:48:51,1763963336202,13:49:54,1763963334363,0.734,0.7337,0.0409,5542.18,0,0,0.734,1.011,0.733,39909800,0.732,123333600,0.731,111066900,0.730,103346500,0.729,38498400,0.734,131807500,0.735,147309000,0.736,97905800,0.737,60744600,0.738,53210800
sh513130,13:48:54,1763963337196,13:49:56,1763963336440,0.734,0.7337,0.0409,5542.69,526100,386013,0.7337,0.994,0.733,41436500,0.732,122333100,0.731,110866900,0.730,103350700,0.729,38498400,0.734,132343100,0.735,147324000,0.736,97910800,0.737,60747600,0.738,53210800
sh513130,13:48:57,1763963338192,13:49:56,1763963336440,0.734,0.7337,0.0409,5542.69,1931700,1416939,0.7335,0.996,0.733,41542000,0.732,122485500,0.731,111767700,0.730,103350700,0.729,38506400,0.734,131315100,0.735,147326800,0.736,97891300,0.737,60726300,0.738,53230800
sh513130,13:48:54,1763963339192,13:49:58,1763963338617,0.734,0.7337,0.0409,5542.81,-1931700,-1416939,0.734,1.0,0.733,41436500,0.732,122333100,0.731,110866900,0.730,103350700,0.729,38498400,0.734,132343100,0.735,147324000,0.736,97910800,0.737,60747600,0.738,53210800
sh513130,13:48:57,1763963340188,13:49:58,1763963338617,0.734,0.7337,0.0409,5542.81,1931700,1416939,0.7335,0.996,0.733,41542000,0.732,122485500,0.731,111767700,0.730,103350700,0.729,38506400,0.734,131315100,0.735,147326800,0.736,97891300,0.737,60726300,0.738,53230800
sh513130,13:48:57,1763963341205,13:50:00,1763963340793,0.734,0.7337,0.0409,5542.06,0,0,0.734,1.017,0.733,41542000,0.732,122485500,0.731,111767700,0.730,103350700,0.729,38506400,0.734,131315100,0.735,147326800,0.736,97891300,0.737,60726300,0.738,53230800
sh513130,13:48:57,1763963342207,13:50:00,1763963340793,0.734,0.7337,0.0409,5542.06,0,0,0.734,1.002,0.733,41542000,0.732,122485500,0.731,111767700,0.730,103350700,0.729,38506400,0.734,131315100,0.735,147326800,0.736,97891300,0.737,60726300,0.738,53230800
sh513130,13:49:00,1763963343196,13:50:02,1763963342928,0.734,0.7337,0.0409,5541.79,1188500,872349,0.734,0.989,0.733,81542000,0.732,113083500,0.731,110794400,0.730,78353700,0.729,38511400,0.734,130139100,0.735,147600400,0.736,97891300,0.737,60726300,0.738,53230800
sh513130,13:49:00,1763963344199,13:50:02,1763963343716,0.734,0.7337,0.0409,5541.79,0,0,0.734,1.003,0.733,81542000,0.732,113083500,0.731,110794400,0.730,78353700,0.729,38511400,0.734,130139100,0.735,147600400,0.736,97891300,0.737,60726300,0.738,53230800
sh513130,13:49:03,1763963345203,13:50:04,1763963345180,0.734,0.7337,0.0409,5541.53,76100,55792,0.7331,1.004,0.733,72871900,0.732,122275100,0.731,111783100,0.730,78325400,0.729,38560300,0.734,130738900,0.735,139600400,0.736,105960700,0.737,60726300,0.738,53304400
sh513130,13:49:03,1763963346201,13:50:04,1763963345180,0.734,0.7337,0.0409,5541.53,0,0,0.734,0.998,0.733,72871900,0.732,122275100,0.731,111783100,0.730,78325400,0.729,38560300,0.734,130738900,0.735,139600400,0.736,105960700,0.737,60726300,0.738,53304400
sh513130,13:49:03,1763963347205,13:50:06,1763963346344,0.734,0.7337,0.0409,5542.46,0,0,0.734,1.004,0.733,72871900,0.732,122275100,0.731,111783100,0.730,78325400,0.729,38560300,0.734,130738900,0.735,139600400,0.736,105960700,0.737,60726300,0.738,53304400
sh513130,13:49:06,1763963348233,13:50:06,1763963347285,0.734,0.7337,0.0409,5542.46,20600,15120,0.734,1.028,0.733,45091500,0.732,122391800,0.731,113782500,0.730,100332600,0.729,38418800,0.734,130925900,0.735,139610400,0.736,105960700,0.737,61583400,0.738,53312000
sh513130,13:49:06,1763963349262,13:50:08,1763963348381,0.734,0.7337,0.0409,5542.15,0,0,0.734,1.029,0.733,45091500,0.732,122391800,0.731,113782500,0.730,100332600,0.729,38418800,0.734,130925900,0.735,139610400,0.736,105960700,0.737,61583400,0.738,53312000
sh513130,13:49:06,1763963350209,13:50:08,1763963349455,0.734,0.7337,0.0409,5542.15,0,0,0.734,0.947,0.733,45091500,0.732,122391800,0.731,113782500,0.730,100332600,0.729,38418800,0.734,130925900,0.735,139610400,0.736,105960700,0.737,61583400,0.738,53312000
sh513130,13:49:09,1763963351206,13:50:10,1763963350371,0.733,0.7337,-0.0954,5542.16,187300,137453,0.7339,0.998,0.733,36382800,0.732,122460200,0.731,114918900,0.730,110717600,0.729,38277300,0.734,130453300,0.735,139607000,0.736,105960700,0.737,62450500,0.738,53312000
sh513130,13:49:09,1763963352220,13:50:10,1763963351647,0.733,0.7337,-0.0954,5542.16,0,0,0.733,1.014,0.733,36382800,0.732,122460200,0.731,114918900,0.730,110717600,0.729,38277300,0.734,130453300,0.735,139607000,0.736,105960700,0.737,62450500,0.738,53312000
sh513130,13:49:09,1763963353219,13:50:12,1763963352386,0.733,0.7337,-0.0954,5541.85,0,0,0.733,0.999,0.733,36382800,0.732,122460200,0.731,114918900,0.730,110717600,0.729,38277300,0.734,130453300,0.735,139607000,0.736,105960700,0.737,62450500,0.738,53312000
sh513130,13:49:09,1763963354211,13:50:12,1763963353801,0.733,0.7337,-0.0954,5541.85,0,0,0.733,0.992,0.733,36382800,0.732,122460200,0.731,114918900,0.730,110717600,0.729,38277300,0.734,130453300,0.735,139607000,0.736,105960700,0.737,62450500,0.738,53312000
sh513130,13:49:12,1763963355213,13:50:14,1763963354384,0.734,0.7337,0.0409,5541.78,173500,127231,0.7333,1.002,0.733,84061500,0.732,114060200,0.731,114919500,0.730,78340600,0.729,38277300,0.734,130916200,0.735,139474800,0.736,105978200,0.737,63319300,0.738,53312000
sh513130,13:49:12,1763963356221,13:50:14,1763963355960,0.734,0.7337,0.0409,5541.78,0,0,0.734,1.008,0.733,84061500,0.732,114060200,0.731,114919500,0.730,78340600,0.729,38277300,0.734,130916200,0.735,139474800,0.736,105978200,0.737,63319300,0.738,53312000
sh513130,13:49:12,1763963357213,13:50:16,1763963356428,0.734,0.7337,0.0409,5541.92,0,0,0.734,0.992,0.733,84061500,0.732,114060200,0.731,114919500,0.730,78340600,0.729,38277300,0.734,130916200,0.735,139474800,0.736,105978200,0.737,63319300,0.738,53312000
sh513130,13:49:15,1763963358228,13:50:16,1763963358200,0.733,0.7337,-0.0954,5541.92,808600,592740,0.733,1.015,0.733,38056200,0.732,122469800,0.731,116918900,0.730,110654400,0.729,38277300,0.734,130877100,0.735,139456800,0.736,105998200,0.737,64186400,0.738,53315700
sh513130,13:49:15,1763963359235,13:50:18,1763963358418,0.733,0.7337,-0.0954,5542.22,0,0,0.733,1.007,0.733,38056200,0.732,122469800,0.731,116918900,0.730,110654400,0.729,38277300,0.734,130877100,0.735,139456800,0.736,105998200,0.737,64186400,0.738,53315700
sh513130,13:49:15,1763963360229,13:50:18,1763963358418,0.733,0.7337,-0.0954,5542.22,0,0,0.733,0.993,0.733,38056200,0.732,122469800,0.731,116918900,0.730,110654400,0.729,38277300,0.734,130877100,0.735,139456800,0.736,105998200,0.737,64186400,0.738,53315700
sh513130,13:49:18,1763963361231,13:50:20,1763963360368,0.733,0.7337,-0.0954,5542.47,480400,352547,0.7339,1.002,0.733,41241800,0.732,122567900,0.731,116899300,0.730,110957400,0.729,38277300,0.734,130707400,0.735,139449000,0.736,106024600,0.737,61585100,0.738,53365700
sh513130,13:49:18,1763963362227,13:50:20,1763963360368,0.733,0.7337,-0.0954,5542.47,0,0,0.733,0.996,0.733,41241800,0.732,122567900,0.731,116899300,0.730,110957400,0.729,38277300,0.734,130707400,0.735,139449000,0.736,106024600,0.737,61585100,0.738,53365700
sh513130,13:49:21,1763963363236,13:50:22,1763963362481,0.733,0.7337,-0.0954,5542.72,650700,477559,0.7339,1.008,0.733,84956300,0.732,114282200,0.731,115929900,0.730,78370400,0.729,38282300,0.734,130088300,0.735,139479000,0.736,106030400,0.737,62452200,0.738,53303800
sh513130,13:49:21,1763963364241,13:50:22,1763963362481,0.733,0.7337,-0.0954,5542.72,0,0,0.733,1.005,0.733,84956300,0.732,114282200,0.731,115929900,0.730,78370400,0.729,38282300,0.734,130088300,0.735,139479000,0.736,106030400,0.737,62452200,0.738,53303800
sh513130,13:49:21,1763963365237,13:50:24,1763963364663,0.733,0.7337,-0.0954,5542.53,0,0,0.733,0.996,0.733,84956300,0.732,114282200,0.731,115929900,0.730,78370400,0.729,38282300,0.734,130088300,0.735,139479000,0.736,106030400,0.737,62452200,0.738,53303800
sh513130,13:49:24,1763963366231,13:50:24,1763963364663,0.733,0.7337,-0.0954,5542.53,115500,84671,0.7331,0.995,0.733,55381000,0.732,114268700,0.731,116899300,0.730,105367400,0.729,38282300,0.734,130119800,0.735,139573200,0.736,106031900,0.737,63329300,0.738,53303800
sh513130,13:49:24,1763963367236,13:50:26,1763963366822,0.733,0.7337,-0.0954,5543.28,0,0,0.733,1.004,0.733,55381000,0.732,114268700,0.731,116899300,0.730,105367400,0.729,38282300,0.734,130119800,0.735,139573200,0.736,106031900,0.737,63329300,0.738,53303800
sh513130,13:49:24,1763963368242,13:50:26,1763963366822,0.733,0.7337,-0.0954,5543.28,0,0,0.733,1.006,0.733,55381000,0.732,114268700,0.731,116899300,0.730,105367400,0.729,38282300,0.734,130119800,0.735,139573200,0.736,106031900,0.737,63329300,0.738,53303800
sh513130,13:49:27,1763963369241,13:50:28,1763963368988,0.734,0.7337,0.0409,5542.59,103900,76184,0.7332,0.999,0.733,83674900,0.732,114391600,0.731,115899900,0.730,78380400,0.729,38282300,0.734,130176000,0.735,139580700,0.736,106111900,0.737,61595100,0.738,53347600
sh513130,13:49:27,1763963370251,13:50:28,1763963368988,0.734,0.7337,0.0409,5542.59,0,0,0.734,1.011,0.733,83674900,0.732,114391600,0.731,115899900,0.730,78380400,0.729,38282300,0.734,130176000,0.735,139580700,0.736,106111900,0.737,61595100,0.738,53347600
sh513130,13:49:27,1763963371239,13:50:30,1763963371160,0.734,0.7337,0.0409,5542.59,0,0,0.734,0.988,0.733,83674900,0.732,114391600,0.731,115899900,0.730,78380400,0.729,38282300,0.734,130176000,0.735,139580700,0.736,106111900,0.737,61595100,0.738,53347600
sh513130,13:49:30,1763963372247,13:50:30,1763963371160,0.733,0.7337,-0.0954,5542.59,98200,72000,0.7332,1.008,0.733,83050100,0.732,114391600,0.731,115894900,0.730,78344300,0.729,38282300,0.734,130363500,0.735,139615600,0.736,106138500,0.737,62462200,0.738,53349600
sh513130,13:49:30,1763963373251,13:50:32,1763963372401,0.733,0.7337,-0.0954,5542.47,0,0,0.733,1.005,0.733,83050100,0.732,114391600,0.731,115894900,0.730,78344300,0.729,38282300,0.734,130363500,0.735,139615600,0.736,106138500,0.737,62462200,0.738,53349600
sh513130,13:49:30,1763963374249,13:50:32,1763963373326,0.733,0.7337,-0.0954,5542.47,0,0,0.733,0.998,0.733,83050100,0.732,114391600,0.731,115894900,0.730,78344300,0.729,38282300,0.734,130363500,0.735,139615600,0.736,106138500,0.737,62462200,0.738,53349600
sh513130,13:49:33,1763963375257,13:50:34,1763963374385,0.734,0.7337,0.0409,5542.98,56000,41089,0.7337,1.008,0.733,84671700,0.732,114526700,0.731,115895000,0.730,78347300,0.729,38282300,0.734,130138800,0.735,139598600,0.736,106150100,0.737,62462200,0.738,53349600
sh513130,13:49:33,1763963376326,13:50:36,1763963376304,0.734,0.7337,0.0409,5542.9,0,0,0.734,1.069,0.733,84671700,0.732,114526700,0.731,115895000,0.730,78347300,0.729,38282300,0.734,130138800,0.735,139598600,0.736,106150100,0.737,62462200,0.738,53349600
sh513130,13:49:33,1763963377255,13:50:36,1763963376388,0.734,0.7337,0.0409,5542.9,0,0,0.734,0.928,0.733,84671700,0.732,114526700,0.731,115895000,0.730,78347300,0.729,38282300,0.734,130138800,0.735,139598600,0.736,106150100,0.737,62462200,0.738,53349600
sh513130,13:49:36,1763963378262,13:50:36,1763963377658,0.734,0.7337,0.0409,5542.9,237800,174463,0.7337,1.008,0.733,84669500,0.732,114389200,0.731,115895000,0.730,78097300,0.729,38282300,0.734,130029600,0.735,139604000,0.736,106150100,0.737,62462200,0.738,53349800
sh513130,13:49:36,1763963379264,13:50:38,1763963378355,0.734,0.7337,0.0409,5543.59,0,0,0.734,1.002,0.733,84669500,0.732,114389200,0.731,115895000,0.730,78097300,0.729,38282300,0.734,130029600,0.735,139604000,0.736,106150100,0.737,62462200,0.738,53349800
sh513130,13:49:36,1763963380267,13:50:38,1763963379912,0.734,0.7337,0.0409,5543.59,0,0,0.734,1.003,0.733,84669500,0.732,114389200,0.731,115895000,0.730,78097300,0.729,38282300,0.734,130029600,0.735,139604000,0.736,106150100,0.737,62462200,0.738,53349800
sh513130,13:49:39,1763963381264,13:50:40,1763963380401,0.734,0.7337,0.0409,5543.53,26000,19064,0.7332,0.997,0.733,42827300,0.732,122824000,0.731,116887400,0.730,110876300,0.729,38282300,0.734,130880400,0.735,139604000,0.736,106155100,0.737,62462200,0.738,53549800
sh513130,13:49:39,1763963382258,13:50:40,1763963382013,0.734,0.7337,0.0409,5543.53,0,0,0.734,0.994,0.733,42827300,0.732,122824000,0.731,116887400,0.730,110876300,0.729,38282300,0.734,130880400,0.735,139604000,0.736,106155100,0.737,62462200,0.738,53549800
sh513130,13:49:39,1763963383265,13:50:42,1763963382370,0.734,0.7337,0.0409,5542.18,0,0,0.734,1.006,0.733,42827300,0.732,122824000,0.731,116887400,0.730,110876300,0.729,38282300,0.734,130880400,0.735,139604000,0.736,106155100,0.737,62462200,0.738,53549800
sh513130,13:49:39,1763963384264,13:50:42,1763963384184,0.734,0.7337,0.0409,5542.18,0,0,0.734,0.999,0.733,42827300,0.732,122824000,0.731,116887400,0.730,110876300,0.729,38282300,0.734,130880400,0.735,139604000,0.736,106155100,0.737,62462200,0.738,53549800
sh513130,13:49:42,1763963385259,13:50:44,1763963384370,0.734,0.7337,0.0409,5541.93,191900,140823,0.7338,0.996,0.733,15427100,0.732,122824000,0.731,116787400,0.730,111176300,0.729,54017600,0.734,131161900,0.735,139610000,0.736,106255100,0.737,60764600,0.738,53549800
sh513130,13:49:42,1763963386276,13:50:44,1763963384370,0.734,0.7337,0.0409,5541.93,0,0,0.734,1.017,0.733,15427100,0.732,122824000,0.731,116787400,0.730,111176300,0.729,54017600,0.734,131161900,0.735,139610000,0.736,106255100,0.737,60764600,0.738,53549800
sh513130,13:49:45,1763963387280,13:50:46,1763963386349,0.733,0.7337,-0.0954,5542.11,4164700,3052758,0.733,1.004,0.733,2712400,0.732,122824000,0.731,116814000,0.730,111176300,0.729,54017100,0.734,131683100,0.735,147671000,0.736,98256500,0.737,60764600,0.738,53543100
sh513130,13:49:45,1763963388279,13:50:46,1763963386349,0.733,0.7337,-0.0954,5542.11,0,0,0.733,0.999,0.733,2712400,0.732,122824000,0.731,116814000,0.730,111176300,0.729,54017100,0.734,131683100,0.735,147671000,0.736,98256500,0.737,60764600,0.738,53543100
sh513130,13:49:48,1763963389267,13:50:48,1763963388511,0.733,0.733,0.0,5542.28,3931600,2882237,0.7331,0.989,0.733,1657800,0.732,122450600,0.731,117961800,0.730,111176300,0.729,54017100,0.734,130930500,0.735,147677600,0.736,98324400,0.737,61050800,0.738,53563100
sh513130,13:49:48,1763963390277,13:50:48,1763963388511,0.733,0.733,0.0,5542.28,0,0,0.733,1.009,0.733,1657800,0.732,122450600,0.731,117961800,0.730,111176300,0.729,54017100,0.734,130930500,0.735,147677600,0.736,98324400,0.737,61050800,0.738,53563100
sh513130,13:49:48,1763963391286,13:50:50,1763963390681,0.733,0.733,0.0,5542.26,0,0,0.733,1.009,0.733,1657800,0.732,122450600,0.731,117961800,0.730,111176300,0.729,54017100,0.734,130930500,0.735,147677600,0.736,98324400,0.737,61050800,0.738,53563100
sh513130,13:49:48,1763963392282,13:50:50,1763963390681,0.733,0.733,0.0,5542.26,0,0,0.733,0.996,0.733,1657800,0.732,122450600,0.731,117961800,0.730,111176300,0.729,54017100,0.734,130930500,0.735,147677600,0.736,98324400,0.737,61050800,0.738,53563100
sh513130,13:49:51,1763963393289,13:50:52,1763963392915,0.733,0.733,0.0,5541.4,1856200,1360595,0.733,1.007,0.732,122520500,0.731,110836000,0.730,119188100,0.729,54017100,0.728,54142100,0.733,4818600,0.734,130965800,0.735,147689600,0.736,98324400,0.737,61050800
sh513130,13:49:51,1763963394286,13:50:52,1763963392915,0.733,0.733,0.0,5541.4,0,0,0.733,0.998,0.732,122520500,0.731,110836000,0.730,119188100,0.729,54017100,0.728,54142100,0.733,4818600,0.734,130965800,0.735,147689600,0.736,98324400,0.737,61050800
sh513130,13:49:54,1763963395297,13:50:54,1763963395012,0.733,0.7337,-0.0954,5540.56,1967800,1442397,0.733,1.011,0.732,121837100,0.731,113274800,0.730,119188100,0.729,54017100,0.728,55142100,0.733,41031200,0.734,147616900,0.735,147814800,0.736,92924400,0.737,61055800
sh513130,13:49:54,1763963396288,13:50:54,1763963395012,0.733,0.7337,-0.0954,5540.56,0,0,0.733,0.991,0.732,121837100,0.731,113274800,0.730,119188100,0.729,54017100,0.728,55142100,0.733,41031200,0.734,147616900,0.735,147814800,0.736,92924400,0.737,61055800
sh513130,13:49:54,1763963397290,13:50:56,1763963397179,0.733,0.7337,-0.0954,5540.64,0,0,0.733,1.002,0.732,121837100,0.731,113274800,0.730,119188100,0.729,54017100,0.728,55142100,0.733,41031200,0.734,147616900,0.735,147814800,0.736,92924400,0.737,61055800
sh513130,13:49:54,1763963398285,13:50:56,1763963397179,0.733,0.7337,-0.0954,5540.64,0,0,0.733,0.995,0.732,121837100,0.731,113274800,0.730,119188100,0.729,54017100,0.728,55142100,0.733,41031200,0.734,147616900,0.735,147814800,0.736,92924400,0.737,61055800
sh513130,13:49:57,1763963399284,13:50:58,1763963398507,0.733,0.7337,-0.0954,5540.74,22000,16126,0.733,0.999,0.732,121950400,0.731,122147000,0.730,111161800,0.729,54017100,0.728,55142100,0.733,41032300,0.734,148701900,0.735,148010300,0.736,92925400,0.737,61055800
sh513130,13:49:57,1763963400294,13:50:58,1763963399336,0.733,0.7337,-0.0954,5540.74,0,0,0.733,1.01,0.732,121950400,0.731,122147000,0.730,111161800,0.729,54017100,0.728,55142100,0.733,41032300,0.734,148701900,0.735,148010300,0.736,92925400,0.737,61055800
sh513130,13:49:57,1763963401299,13:51:00,1763963400365,0.733,0.7337,-0.0954,5540.36,0,0,0.733,1.005,0.732,121950400,0.731,122147000,0.730,111161800,0.729,54017100,0.728,55142100,0.733,41032300,0.734,148701900,0.735,148010300,0.736,92925400,0.737,61055800
sh513130,13:49:57,1763963402308,13:51:00,1763963401508,0.733,0.7337,-0.0954,5540.36,0,0,0.733,1.009,0.732,121950400,0.731,122147000,0.730,111161800,0.729,54017100,0.728,55142100,0.733,41032300,0.734,148701900,0.735,148010300,0.736,92925400,0.737,61055800
sh513130,13:50:00,1763963403289,13:51:02,1763963402379,0.732,0.7337,-0.2317,5540.8,65500,47963,0.7323,0.981,0.732,129906600,0.731,115107700,0.730,111171800,0.729,54017100,0.728,55142100,0.733,35563000,0.734,148745900,0.735,140173300,0.736,105925400,0.737,61055800
sh513130,13:50:00,1763963404309,13:51:02,1763963403708,0.732,0.7337,-0.2317,5540.8,0,0,0.732,1.02,0.732,129906600,0.731,115107700,0.730,111171800,0.729,54017100,0.728,55142100,0.733,35563000,0.734,148745900,0.735,140173300,0.736,105925400,0.737,61055800
sh513130,13:50:03,1763963405311,13:51:04,1763963404410,0.733,0.733,0.0,5539.73,45400,33270,0.7328,1.002,0.732,129696000,0.731,116256600,0.730,111170000,0.729,56015700,0.728,55142100,0.733,41264700,0.734,148806300,0.735,140163300,0.736,101270300,0.737,61056600
sh513130,13:50:03,1763963406307,13:51:04,1763963405921,0.733,0.733,0.0,5539.73,0,0,0.733,0.996,0.732,129696000,0.731,116256600,0.730,111170000,0.729,56015700,0.728,55142100,0.733,41264700,0.734,148806300,0.735,140163300,0.736,101270300,0.737,61056600
sh513130,13:50:03,1763963407312,13:51:06,1763963406402,0.733,0.733,0.0,5540.11,0,0,0.733,1.006,0.732,129696000,0.731,116256600,0.730,111170000,0.729,56015700,0.728,55142100,0.733,41264700,0.734,148806300,0.735,140163300,0.736,101270300,0.737,61056600
sh513130,13:50:06,1763963408304,13:51:06,1763963408070,0.733,0.733,0.0,5540.11,349300,256021,0.733,0.992,0.732,122295500,0.731,125130800,0.730,111087100,0.729,56015700,0.728,55112100,0.733,26464900,0.734,133346000,0.735,148223700,0.736,98345300,0.737,61056600
sh513130,13:50:06,1763963409306,13:51:08,1763963408397,0.733,0.733,0.0,5539.95,0,0,0.733,1.002,0.732,122295500,0.731,125130800,0.730,111087100,0.729,56015700,0.728,55112100,0.733,26464900,0.734,133346000,0.735,148223700,0.736,98345300,0.737,61056600
sh513130,13:50:06,1763963410318,13:51:10,1763963410308,0.733,0.733,0.0,5540.23,0,0,0.733,1.012,0.732,122295500,0.731,125130800,0.730,111087100,0.729,56015700,0.728,55112100,0.733,26464900,0.734,133346000,0.735,148223700,0.736,98345300,0.737,61056600
sh513130,13:50:09,1763963411303,13:51:10,1763963410369,0.733,0.733,0.0,5540.23,170400,124743,0.7321,0.984,0.732,122814900,0.731,125256100,0.730,111309100,0.729,56157200,0.728,55112100,0.733,4049900,0.734,134070400,0.735,148274900,0.736,98345300,0.737,61056600
sh513130,13:50:09,1763963412320,13:51:12,1763963412304,0.733,0.733,0.0,5540.35,0,0,0.733,1.018,0.732,122814900,0.731,125256100,0.730,111309100,0.729,56157200,0.728,55112100,0.733,4049900,0.734,134070400,0.735,148274900,0.736,98345300,0.737,61056600
sh513130,13:50:09,1763963413320,13:51:12,1763963412366,0.733,0.733,0.0,5540.35,0,0,0.733,1.0,0.732,122814900,0.731,125256100,0.730,111309100,0.729,56157200,0.728,55112100,0.733,4049900,0.734,134070400,0.735,148274900,0.736,98345300,0.737,61056600
sh513130,13:50:09,1763963414323,13:51:14,1763963414314,0.733,0.733,0.0,5540.54,0,0,0.733,1.003,0.732,122814900,0.731,125256100,0.730,111309100,0.729,56157200,0.728,55112100,0.733,4049900,0.734,134070400,0.735,148274900,0.736,98345300,0.737,61056600
sh513130,13:50:12,1763963415322,13:51:14,1763963414545,0.733,0.733,0.0,5540.54,188500,138025,0.7322,0.999,0.732,123719100,0.731,118331300,0.730,119309100,0.729,56157200,0.728,55112100,0.733,3229600,0.734,134696100,0.735,148531900,0.736,98345300,0.737,61056600
sh513130,13:50:12,1763963416347,13:51:16,1763963416333,0.733,0.733,0.0,5540.56,0,0,0.733,1.025,0.732,123719100,0.731,118331300,0.730,119309100,0.729,56157200,0.728,55112100,0.733,3229600,0.734,134696100,0.735,148531900,0.736,98345300,0.737,61056600
sh513130,13:50:15,1763963417319,13:51:16,1763963416713,0.733,0.733,0.0,5540.56,5192200,3805870,0.733,0.972,0.733,17133800,0.732,124202900,0.731,111293900,0.730,119359100,0.729,56158200,0.734,134886800,0.735,148531900,0.736,98745300,0.737,61156600,0.738,53529900
sh513130,13:50:15,1763963418345,13:51:18,1763963418301,0.733,0.733,0.0,5540.6,0,0,0.733,1.026,0.733,17133800,0.732,124202900,0.731,111293900,0.730,119359100,0.729,56158200,0.734,134886800,0.735,148531900,0.736,98745300,0.737,61156600,0.738,53529900
sh513130,13:50:15,1763963419319,13:51:18,1763963418887,0.733,0.733,0.0,5540.6,0,0,0.733,0.974,0.733,17133800,0.732,124202900,0.731,111293900,0.730,119359100,0.729,56158200,0.734,134886800,0.735,148531900,0.736,98745300,0.737,61156600,0.738,53529900
sh513130,13:50:18,1763963420344,13:51:20,1763963420330,0.733,0.7337,-0.0954,5540.1,561000,411213,0.733,1.025,0.733,197600,0.732,124486400,0.731,111944500,0.730,118959100,0.729,56299700,0.734,135708800,0.735,148750300,0.736,98724100,0.737,61156600,0.738,53529900
sh513130,13:50:18,1763963421331,13:51:20,1763963421075,0.733,0.7337,-0.0954,5540.1,0,0,0.733,0.988,0.733,197600,0.732,124486400,0.731,111944500,0.730,118959100,0.729,56299700,0.734,135708800,0.735,148750300,0.736,98724100,0.737,61156600,0.738,53529900
sh513130,13:50:18,1763963422332,13:51:22,1763963422316,0.733,0.7337,-0.0954,5540.51,0,0,0.733,1.0,0.733,197600,0.732,124486400,0.731,111944500,0.730,118959100,0.729,56299700,0.734,135708800,0.735,148750300,0.736,98724100,0.737,61156600,0.738,53529900
sh513130,13:50:21,1763963423337,13:51:22,1763963423302,0.733,0.7337,-0.0954,5540.51,574300,420963,0.733,1.006,0.732,124216100,0.731,121092300,0.730,110959100,0.729,56561200,0.728,55112100,0.733,659200,0.734,135574700,0.735,149646500,0.736,98721800,0.737,61156600
sh513130,13:50:21,1763963424336,13:51:24,1763963424319,0.733,0.7337,-0.0954,5540.81,0,0,0.733,0.999,0.732,124216100,0.731,121092300,0.730,110959100,0.729,56561200,0.728,55112100,0.733,659200,0.734,135574700,0.735,149646500,0.736,98721800,0.737,61156600
sh513130,13:50:24,1763963425340,13:51:24,1763963424400,0.733,0.7337,-0.0954,5540.81,750700,550264,0.733,1.003,0.733,3014400,0.732,124184700,0.731,118569700,0.730,111687300,0.729,56623100,0.734,135729500,0.735,147973300,0.736,98321800,0.737,61156600,0.738,53629900
sh513130,13:50:24,1763963426331,13:51:26,1763963426296,0.733,0.7337,-0.0954,5540.27,0,0,0.733,0.991,0.733,3014400,0.732,124184700,0.731,118569700,0.730,111687300,0.729,56623100,0.734,135729500,0.735,147973300,0.736,98321800,0.737,61156600,0.738,53629900
sh513130,13:50:24,1763963427340,13:51:26,1763963426336,0.733,0.7337,-0.0954,5540.27,0,0,0.733,1.009,0.733,3014400,0.732,124184700,0.731,118569700,0.730,111687300,0.729,56623100,0.734,135729500,0.735,147973300,0.736,98321800,0.737,61156600,0.738,53629900
sh513130,13:50:27,1763963428379,13:51:28,1763963428318,0.733,0.7337,-0.0954,5540.44,501700,367746,0.733,1.04,0.733,2999400,0.732,124225300,0.731,118569700,0.730,112087300,0.729,56623100,0.734,135774600,0.735,147984300,0.736,98721800,0.737,61156600,0.738,53609900
sh513130,13:50:27,1763963429338,13:51:28,1763963428401,0.733,0.7337,-0.0954,5540.44,0,0,0.733,0.959,0.733,2999400,0.732,124225300,0.731,118569700,0.730,112087300,0.729,56623100,0.734,135774600,0.735,147984300,0.736,98721800,0.737,61156600,0.738,53609900
sh513130,13:50:27,1763963430360,13:51:30,1763963430319,0.733,0.7337,-0.0954,5540.91,0,0,0.733,1.021,0.733,2999400,0.732,124225300,0.731,118569700,0.730,112087300,0.729,56623100,0.734,135774600,0.735,147984300,0.736,98721800,0.737,61156600,0.738,53609900
sh513130,13:50:30,1763963431343,13:51:30,1763963430421,0.733,0.7337,-0.0954,5540.91,985700,722518,0.733,0.983,0.733,28275100,0.732,124225300,0.731,118769700,0.730,112080600,0.729,40626300,0.734,136164800,0.735,147983500,0.736,98721800,0.737,61156600,0.738,53609900
sh513130,13:50:30,1763963432347,13:51:32,1763963432316,0.733,0.7337,-0.0954,5540.69,0,0,0.733,1.004,0.733,28275100,0.732,124225300,0.731,118769700,0.730,112080600,0.729,40626300,0.734,136164800,0.735,147983500,0.736,98721800,0.737,61156600,0.738,53609900
sh513130,13:50:30,1763963433355,13:51:32,1763963432396,0.733,0.7337,-0.0954,5540.69,0,0,0.733,1.008,0.733,28275100,0.732,124225300,0.731,118769700,0.730,112080600,0.729,40626300,0.734,136164800,0.735,147983500,0.736,98721800,0.737,61156600,0.738,53609900
sh513130,13:50:30,1763963434336,13:51:34,1763963434291,0.733,0.7337,-0.0954,5541.05,0,0,0.733,0.981,0.733,28275100,0.732,124225300,0.731,118769700,0.730,112080600,0.729,40626300,0.734,136164800,0.735,147983500,0.736,98721800,0.737,61156600,0.738,53609900
sh513130,13:50:33,1763963435341,13:51:34,1763963434387,0.733,0.7337,-0.0954,5541.05,187100,137209,0.7333,1.005,0.733,28690300,0.732,124498700,0.731,118496100,0.730,112080600,0.729,40626300,0.734,135464900,0.735,147976500,0.736,98725500,0.737,62023700,0.738,53609900
sh513130,13:50:33,1763963436357,13:51:36,1763963436326,0.733,0.7337,-0.0954,5542.61,0,0,0.733,1.016,0.733,28690300,0.732,124498700,0.731,118496100,0.730,112080600,0.729,40626300,0.734,135464900,0.735,147976500,0.736,98725500,0.737,62023700,0.738,53609900
sh513130,13:50:33,1763963437363,13:51:36,1763963436368,0.733,0.7337,-0.0954,5542.61,0,0,0.733,1.006,0.733,28690300,0.732,124498700,0.731,118496100,0.730,112080600,0.729,40626300,0.734,135464900,0.735,147976500,0.736,98725500,0.737,62023700,0.738,53609900
sh513130,13:50:36,1763963438351,13:51:38,1763963438323,0.734,0.7337,0.0409,5543.01,345700,253429,0.7331,0.989,0.733,75527000,0.732,116158700,0.731,116464700,0.730,79008600,0.729,40626300,0.734,135717700,0.735,148048600,0.736,98725500,0.737,62023700,0.738,53609900
sh513130,13:50:36,1763963439345,13:51:38,1763963438416,0.734,0.7337,0.0409,5543.01,0,0,0.734,0.994,0.733,75527000,0.732,116158700,0.731,116464700,0.730,79008600,0.729,40626300,0.734,135717700,0.735,148048600,0.736,98725500,0.737,62023700,0.738,53609900
sh513130,13:50:39,1763963440348,13:51:40,1763963440325,0.733,0.7337,-0.0954,5542.48,219000,160532,0.733,1.003,0.733,76919200,0.732,115552700,0.731,116496900,0.730,79008600,0.729,40626300,0.734,136161000,0.735,147959500,0.736,98735200,0.737,62023700,0.738,53609900
sh513130,13:50:39,1763963441359,13:51:40,1763963440575,0.733,0.7337,-0.0954,5542.48,0,0,0.733,1.011,0.733,76919200,0.732,115552700,0.731,116496900,0.730,79008600,0.729,40626300,0.734,136161000,0.735,147959500,0.736,98735200,0.737,62023700,0.738,53609900
sh513130,13:50:39,1763963442361,13:51:42,1763963442315,0.733,0.7337,-0.0954,5544.51,0,0,0.733,1.002,0.733,76919200,0.732,115552700,0.731,116496900,0.730,79008600,0.729,40626300,0.734,136161000,0.735,147959500,0.736,98735200,0.737,62023700,0.738,53609900
sh513130,13:50:39,1763963443444,13:51:42,1763963442784,0.733,0.7337,-0.0954,5544.51,0,0,0.733,1.083,0.733,76919200,0.732,115552700,0.731,116496900,0.730,79008600,0.729,40626300,0.734,136161000,0.735,147959500,0.736,98735200,0.737,62023700,0.738,53609900
sh513130,13:50:42,1763963444421,13:51:44,1763963444393,0.734,0.7337,0.0409,5544.56,61800,45310,0.7332,0.976,0.733,79286700,0.732,122929200,0.731,108496900,0.730,79008600,0.729,40726300,0.734,119439500,0.735,146566000,0.736,96735200,0.737,72323700,0.738,53644900
sh513130,13:50:42,1763963445445,13:51:44,1763963444980,0.734,0.7337,0.0409,5544.56,0,0,0.734,1.025,0.733,79286700,0.732,122929200,0.731,108496900,0.730,79008600,0.729,40726300,0.734,119439500,0.735,146566000,0.736,96735200,0.737,72323700,0.738,53644900
sh513130,13:50:45,1763963446436,13:51:46,1763963446411,0.733,0.7337,-0.0954,5543.65,122100,89501,0.733,0.99,0.733,78248000,0.732,115736700,0.731,116496900,0.730,78810600,0.729,40726300,0.734,119497600,0.735,154460400,0.736,88735200,0.737,72343700,0.738,53644900
sh513130,13:50:45,1763963447439,13:51:46,1763963447258,0.733,0.7337,-0.0954,5543.65,0,0,0.733,1.003,0.733,78248000,0.732,115736700,0.731,116496900,0.730,78810600,0.729,40726300,0.734,119497600,0.735,154460400,0.736,88735200,0.737,72343700,0.738,53644900
sh513130,13:50:45,1763963448483,13:51:48,1763963448420,0.733,0.7337,-0.0954,5544.25,0,0,0.733,1.044,0.733,78248000,0.732,115736700,0.731,116496900,0.730,78810600,0.729,40726300,0.734,119497600,0.735,154460400,0.736,88735200,0.737,72343700,0.738,53644900
sh513130,13:50:45,1763963449440,13:51:48,1763963449361,0.733,0.7337,-0.0954,5544.25,0,0,0.733,0.957,0.733,78248000,0.732,115736700,0.731,116496900,0.730,78810600,0.729,40726300,0.734,119497600,0.735,154460400,0.736,88735200,0.737,72343700,0.738,53644900
sh513130,13:50:48,1763963450455,13:51:50,1763963450454,0.733,0.7337,-0.0954,5544.17,65700,48158,0.733,1.015,0.733,79928300,0.732,123035900,0.731,107984900,0.730,79317500,0.729,40726300,0.734,120008000,0.735,146468000,0.736,96735200,0.737,72343700,0.738,53644900
sh513130,13:50:48,1763963451472,13:51:50,1763963450454,0.733,0.7337,-0.0954,5544.17,0,0,0.733,1.017,0.733,79928300,0.732,123035900,0.731,107984900,0.730,79317500,0.729,40726300,0.734,120008000,0.735,146468000,0.736,96735200,0.737,72343700,0.738,53644900
sh513130,13:50:51,1763963452458,13:51:50,1763963451552,0.733,0.7337,-0.0954,5544.17,47000,34451,0.733,0.987,0.733,80736300,0.732,115035900,0.731,116984900,0.730,79317500,0.729,40726300,0.734,120219900,0.735,154474100,0.736,88735200,0.737,73210800,0.738,53644900
sh513130,13:50:48,1763963453448,13:51:52,1763963452571,0.733,0.7337,-0.0954,5544.08,-47000,-34451,0.733,0.99,0.733,79928300,0.732,123035900,0.731,107984900,0.730,79317500,0.729,40726300,0.734,120008000,0.735,146468000,0.736,96735200,0.737,72343700,0.738,53644900
sh513130,13:50:51,1763963454529,13:51:54,1763963454461,0.733,0.7337,-0.0954,5544.18,47000,34451,0.733,1.081,0.733,80736300,0.732,115035900,0.731,116984900,0.730,79317500,0.729,40726300,0.734,120219900,0.735,154474100,0.736,88735200,0.737,73210800,0.738,53644900
sh513130,13:50:51,1763963455450,13:51:54,1763963454461,0.733,0.7337,-0.0954,5544.18,0,0,0.733,0.921,0.733,80736300,0.732,115035900,0.731,116984900,0.730,79317500,0.729,40726300,0.734,120219900,0.735,154474100,0.736,88735200,0.737,73210800,0.738,53644900
sh513130,13:50:54,1763963456457,13:51:56,1763963456450,0.733,0.7344,-0.1906,5544.76,581700,426396,0.733,1.008,0.733,82257200,0.732,115028100,0.731,116984900,0.730,79327500,0.729,40726300,0.734,115849000,0.735,154424100,0.736,89725700,0.737,79107900,0.738,53666900
sh513130,13:50:54,1763963457459,13:51:56,1763963456450,0.733,0.7344,-0.1906,5544.76,0,0,0.733,1.001,0.733,82257200,0.732,115028100,0.731,116984900,0.730,79327500,0.729,40726300,0.734,115849000,0.735,154424100,0.736,89725700,0.737,79107900,0.738,53666900
sh513130,13:50:54,1763963458452,13:51:58,1763963458419,0.733,0.7344,-0.1906,5544.71,0,0,0.733,0.994,0.733,82257200,0.732,115028100,0.731,116984900,0.730,79327500,0.729,40726300,0.734,115849000,0.735,154424100,0.736,89725700,0.737,79107900,0.738,53666900
sh513130,13:50:57,1763963459456,13:51:58,1763963458472,0.734,0.7344,-0.0545,5544.71,105000,76995,0.7333,1.003,0.733,84873200,0.732,123028100,0.731,108861700,0.730,79327500,0.729,40726300,0.734,120862100,0.735,146434700,0.736,97392400,0.737,74107900,0.738,53776900
sh513130,13:50:57,1763963460453,13:52:00,1763963460419,0.734,0.7344,-0.0545,5545.28,0,0,0.734,0.998,0.733,84873200,0.732,123028100,0.731,108861700,0.730,79327500,0.729,40726300,0.734,120862100,0.735,146434700,0.736,97392400,0.737,74107900,0.738,53776900
sh513130,13:50:57,1763963461460,13:52:00,1763963460486,0.734,0.7344,-0.0545,5545.28,0,0,0.734,1.007,0.733,84873200,0.732,123028100,0.731,108861700,0.730,79327500,0.729,40726300,0.734,120862100,0.735,146434700,0.736,97392400,0.737,74107900,0.738,53776900
sh513130,13:51:00,1763963462476,13:52:02,1763963462473,0.734,0.7344,-0.0545,5545.95,157800,115798,0.7338,1.016,0.733,85758200,0.732,123128100,0.731,108957600,0.730,79327500,0.729,40726300,0.734,106794400,0.735,130468100,0.736,100392100,0.737,79094500,0.738,53779300
sh513130,13:51:00,1763963463460,13:52:02,1763963462473,0.734,0.7344,-0.0545,5545.95,0,0,0.734,0.983,0.733,85758200,0.732,123128100,0.731,108957600,0.730,79327500,0.729,40726300,0.734,106794400,0.735,130468100,0.736,100392100,0.737,79094500,0.738,53779300
sh513130,13:51:00,1763963464463,13:52:04,1763963464378,0.734,0.7344,-0.0545,5545.81,0,0,0.734,1.003,0.733,85758200,0.732,123128100,0.731,108957600,0.730,79327500,0.729,40726300,0.734,106794400,0.735,130468100,0.736,100392100,0.737,79094500,0.738,53779300
sh513130,13:51:03,1763963465468,13:52:04,1763963464591,0.734,0.7344,-0.0545,5545.81,70100,51434,0.7337,1.005,0.733,86714500,0.732,123134900,0.731,108967700,0.730,79327500,0.729,40726300,0.734,111507000,0.735,146464900,0.736,101592300,0.737,79971700,0.738,53799300
sh513130,13:51:03,1763963466480,13:52:04,1763963464591,0.734,0.7344,-0.0545,5545.81,0,0,0.734,1.012,0.733,86714500,0.732,123134900,0.731,108967700,0.730,79327500,0.729,40726300,0.734,111507000,0.735,146464900,0.736,101592300,0.737,79971700,0.738,53799300
sh513130,13:51:03,1763963467470,13:52:06,1763963466824,0.734,0.7344,-0.0545,5546.69,0,0,0.734,0.99,0.733,86714500,0.732,123134900,0.731,108967700,0.730,79327500,0.729,40726300,0.734,111507000,0.735,146464900,0.736,101592300,0.737,79971700,0.738,53799300
sh513130,13:51:06,1763963468469,13:52:08,1763963468432,0.733,0.7344,-0.1906,5546.86,6319400,4638434,0.734,0.999,0.733,90162100,0.732,122938100,0.731,103326000,0.730,79327500,0.729,39726300,0.734,77228500,0.735,132459100,0.736,119691500,0.737,80838800,0.738,53822300
sh513130,13:51:06,1763963469464,13:52:08,1763963468979,0.733,0.7344,-0.1906,5546.86,0,0,0.733,0.995,0.733,90162100,0.732,122938100,0.731,103326000,0.730,79327500,0.729,39726300,0.734,77228500,0.735,132459100,0.736,119691500,0.737,80838800,0.738,53822300
sh513130,13:51:06,1763963470478,13:52:10,1763963470454,0.733,0.7344,-0.1906,5547.11,0,0,0.733,1.014,0.733,90162100,0.732,122938100,0.731,103326000,0.730,79327500,0.729,39726300,0.734,77228500,0.735,132459100,0.736,119691500,0.737,80838800,0.738,53822300
sh513130,13:51:06,1763963471535,13:52:10,1763963471150,0.733,0.7344,-0.1906,5547.11,0,0,0.733,1.057,0.733,90162100,0.732,122938100,0.731,103326000,0.730,79327500,0.729,39726300,0.734,77228500,0.735,132459100,0.736,119691500,0.737,80838800,0.738,53822300
sh513130,13:51:09,1763963472511,13:52:12,1763963472471,0.733,0.7344,-0.1906,5548.32,46539400,34159779,0.734,0.976,0.733,83743600,0.732,122943400,0.731,106370500,0.730,79330900,0.729,40714400,0.734,26527800,0.735,132468200,0.736,119722900,0.737,82159300,0.738,54143000
sh513130,13:51:09,1763963473475,13:52:12,1763963473370,0.733,0.7344,-0.1906,5548.32,0,0,0.733,0.965,0.733,83743600,0.732,122943400,0.731,106370500,0.730,79330900,0.729,40714400,0.734,26527800,0.735,132468200,0.736,119722900,0.737,82159300,0.738,54143000
sh513130,13:51:12,1763963474472,13:52:14,1763963474414,0.734,0.7344,-0.0545,5549.11,3785700,2778640,0.734,0.997,0.733,93035000,0.732,122952300,0.731,106370500,0.730,79330900,0.729,40714400,0.734,26917100,0.735,132434100,0.736,111710900,0.737,91076400,0.738,54143100
sh513130,13:51:12,1763963475481,13:52:14,1763963474414,0.734,0.7344,-0.0545,5549.11,0,0,0.734,1.009,0.733,93035000,0.732,122952300,0.731,106370500,0.730,79330900,0.729,40714400,0.734,26917100,0.735,132434100,0.736,111710900,0.737,91076400,0.738,54143100
sh513130,13:51:15,1763963476484,13:52:16,1763963476444,0.734,0.7344,-0.0545,5548.48,8596100,6309536,0.734,1.003,0.733,92832700,0.732,123069000,0.731,106369500,0.730,79328400,0.729,40572900,0.734,15976600,0.735,132384700,0.736,120580800,0.737,83076400,0.738,57141600
sh513130,13:51:15,1763963477479,13:52:16,1763963476444,0.734,0.7344,-0.0545,5548.48,0,0,0.734,0.995,0.733,92832700,0.732,123069000,0.731,106369500,0.730,79328400,0.729,40572900,0.734,15976600,0.735,132384700,0.736,120580800,0.737,83076400,0.738,57141600
sh513130,13:51:15,1763963478483,13:52:18,1763963478473,0.734,0.7344,-0.0545,5549.93,0,0,0.734,1.004,0.733,92832700,0.732,123069000,0.731,106369500,0.730,79328400,0.729,40572900,0.734,15976600,0.735,132384700,0.736,120580800,0.737,83076400,0.738,57141600
sh513130,13:51:15,1763963479475,13:52:18,1763963478473,0.734,0.7344,-0.0545,5549.93,0,0,0.734,0.992,0.733,92832700,0.732,123069000,0.731,106369500,0.730,79328400,0.729,40572900,0.734,15976600,0.735,132384700,0.736,120580800,0.737,83076400,0.738,57141600
sh513130,13:51:18,1763963480481,13:52:20,1763963480461,0.734,0.7344,-0.0545,5549.62,16102000,11818862,0.734,1.006,0.734,61093500,0.733,93188700,0.732,121837900,0.731,61994200,0.730,63332100,0.735,134422600,0.736,113449100,0.737,91096400,0.738,57161700,0.739,51121100
sh513130,13:51:18,1763963481494,13:52:20,1763963480461,0.734,0.7344,-0.0545,5549.62,0,0,0.734,1.013,0.734,61093500,0.733,93188700,0.732,121837900,0.731,61994200,0.730,63332100,0.735,134422600,0.736,113449100,0.737,91096400,0.738,57161700,0.739,51121100
sh513130,13:51:18,1763963482498,13:52:22,1763963482468,0.734,0.7344,-0.0545,5550.16,0,0,0.734,1.004,0.734,61093500,0.733,93188700,0.732,121837900,0.731,61994200,0.730,63332100,0.735,134422600,0.736,113449100,0.737,91096400,0.738,57161700,0.739,51121100
sh513130,13:51:21,1763963483494,13:52:22,1763963482468,0.734,0.7344,-0.0545,5550.16,183000,134322,0.734,0.996,0.734,16303100,0.733,94745600,0.732,112386300,0.731,82985800,0.730,78728900,0.735,134606900,0.736,111991400,0.737,91202400,0.738,57235900,0.739,51121200
sh513130,13:51:21,1763963484485,13:52:24,1763963484431,0.734,0.7344,-0.0545,5550.29,0,0,0.734,0.992,0.734,16303100,0.733,94745600,0.732,112386300,0.731,82985800,0.730,78728900,0.735,134606900,0.736,111991400,0.737,91202400,0.738,57235900,0.739,51121200
sh513130,13:51:24,1763963485493,13:52:24,1763963484431,0.735,0.7351,-0.0136,5550.29,521800,383508,0.735,1.008,0.734,60230200,0.733,97005300,0.732,111487000,0.731,63648800,0.730,62737200,0.735,133957100,0.736,120029500,0.737,84069500,0.738,57239800,0.739,51121200
sh513130,13:51:24,1763963486487,13:52:26,1763963486468,0.735,0.7351,-0.0136,5550.24,0,0,0.735,0.994,0.734,60230200,0.733,97005300,0.732,111487000,0.731,63648800,0.730,62737200,0.735,133957100,0.736,120029500,0.737,84069500,0.738,57239800,0.739,51121200
sh513130,13:51:24,1763963487508,13:52:26,1763963486468,0.735,0.7351,-0.0136,5550.24,0,0,0.735,1.021,0.734,60230200,0.733,97005300,0.732,111487000,0.731,63648800,0.730,62737200,0.735,133957100,0.736,120029500,0.737,84069500,0.738,57239800,0.739,51121200
sh513130,13:51:24,1763963488493,13:52:28,1763963488436,0.735,0.7351,-0.0136,5551.31,0,0,0.735,0.985,0.734,60230200,0.733,97005300,0.732,111487000,0.731,63648800,0.730,62737200,0.735,133957100,0.736,120029500,0.737,84069500,0.738,57239800,0.739,51121200
sh513130,13:51:27,1763963489496,13:52:28,1763963488529,0.734,0.7351,-0.1496,5551.31,6281800,4610867,0.734,1.003,0.734,56380100,0.733,99270400,0.732,110251700,0.731,63527600,0.730,62737200,0.735,135207800,0.736,112070700,0.737,93795800,0.738,57240600,0.739,50621200
sh513130,13:51:27,1763963490510,13:52:30,1763963490478,0.734,0.7351,-0.1496,5552.43,0,0,0.734,1.014,0.734,56380100,0.733,99270400,0.732,110251700,0.731,63527600,0.730,62737200,0.735,135207800,0.736,112070700,0.737,93795800,0.738,57240600,0.739,50621200
sh513130,13:51:27,1763963491500,13:52:30,1763963490880,0.734,0.7351,-0.1496,5552.43,0,0,0.734,0.99,0.734,56380100,0.733,99270400,0.732,110251700,0.731,63527600,0.730,62737200,0.735,135207800,0.736,112070700,0.737,93795800,0.738,57240600,0.739,50621200
sh513130,13:51:30,1763963492496,13:52:32,1763963492419,0.734,0.7351,-0.1496,5552.57,447300,328423,0.7342,0.996,0.734,65634900,0.733,91730100,0.732,110412200,0.731,58383500,0.730,62296800,0.735,134730000,0.736,112070700,0.737,93813600,0.738,57246200,0.739,50621200
sh513130,13:51:30,1763963493499,13:52:32,1763963492872,0.734,0.7351,-0.1496,5552.57,0,0,0.734,1.003,0.734,65634900,0.733,91730100,0.732,110412200,0.731,58383500,0.730,62296800,0.735,134730000,0.736,112070700,0.737,93813600,0.738,57246200,0.739,50621200
sh513130,13:51:30,1763963494501,13:52:34,1763963494452,0.734,0.7351,-0.1496,5552.16,0,0,0.734,1.002,0.734,65634900,0.733,91730100,0.732,110412200,0.731,58383500,0.730,62296800,0.735,134730000,0.736,112070700,0.737,93813600,0.738,57246200,0.739,50621200
sh513130,13:51:33,1763963495519,13:52:34,1763963495076,0.734,0.7351,-0.1496,5552.16,83300,61175,0.7344,1.018,0.734,62163600,0.733,100324600,0.732,111385300,0.731,63435500,0.730,62295900,0.735,137163400,0.736,112036300,0.737,93818600,0.738,57236200,0.739,50621200
sh513130,13:51:33,1763963496508,13:52:36,1763963496426,0.734,0.7351,-0.1496,5551.69,0,0,0.734,0.989,0.734,62163600,0.733,100324600,0.732,111385300,0.731,63435500,0.730,62295900,0.735,137163400,0.736,112036300,0.737,93818600,0.738,57236200,0.739,50621200
sh513130,13:51:33,1763963497520,13:52:36,1763963497331,0.734,0.7351,-0.1496,5551.69,0,0,0.734,1.012,0.734,62163600,0.733,100324600,0.732,111385300,0.731,63435500,0.730,62295900,0.735,137163400,0.736,112036300,0.737,93818600,0.738,57236200,0.739,50621200
sh513130,13:51:33,1763963498502,13:52:38,1763963498461,0.734,0.7351,-0.1496,5551.98,0,0,0.734,0.982,0.734,62163600,0.733,100324600,0.732,111385300,0.731,63435500,0.730,62295900,0.735,137163400,0.736,112036300,0.737,93818600,0.738,57236200,0.739,50621200
sh513130,13:51:36,1763963499517,13:52:38,1763963499412,0.734,0.7351,-0.1496,5551.98,967800,711146,0.7348,1.015,0.734,34086800,0.733,101343500,0.732,111976200,0.731,85437500,0.730,61705900,0.735,136800700,0.736,112068400,0.737,93818600,0.738,57455500,0.739,50621200
sh513130,13:51:36,1763963500522,13:52:40,1763963500483,0.734,0.7351,-0.1496,5552.49,0,0,0.734,1.005,0.734,34086800,0.733,101343500,0.732,111976200,0.731,85437500,0.730,61705900,0.735,136800700,0.736,112068400,0.737,93818600,0.738,57455500,0.739,50621200
sh513130,13:51:39,1763963501514,13:52:40,1763963500483,0.734,0.7351,-0.1496,5552.49,259800,190936,0.7349,0.991,0.734,57146400,0.733,102610100,0.732,111971300,0.731,68411600,0.730,61611200,0.735,137475800,0.736,112174900,0.737,94686200,0.738,57389600,0.739,50621200
sh513130,13:51:39,1763963502514,13:52:42,1763963502477,0.734,0.7351,-0.1496,5552.05,0,0,0.734,1.0,0.734,57146400,0.733,102610100,0.732,111971300,0.731,68411600,0.730,61611200,0.735,137475800,0.736,112174900,0.737,94686200,0.738,57389600,0.739,50621200
sh513130,13:51:39,1763963503524,13:52:42,1763963502477,0.734,0.7351,-0.1496,5552.05,0,0,0.734,1.011,0.734,57146400,0.733,102610100,0.732,111971300,0.731,68411600,0.730,61611200,0.735,137475800,0.736,112174900,0.737,94686200,0.738,57389600,0.739,50621200
sh513130,13:51:39,1763963504517,13:52:44,1763963504463,0.734,0.7351,-0.1496,5552.39,0,0,0.734,0.993,0.734,57146400,0.733,102610100,0.732,111971300,0.731,68411600,0.730,61611200,0.735,137475800,0.736,112174900,0.737,94686200,0.738,57389600,0.739,50621200
sh513130,13:51:42,1763963505523,13:52:44,1763963504463,0.734,0.7351,-0.1496,5552.39,227900,167420,0.7346,1.006,0.734,67499500,0.733,102521500,0.732,110456700,0.731,63361700,0.730,61611300,0.735,137339400,0.736,112546200,0.737,95568300,0.738,57389600,0.739,50621200
sh513130,13:51:45,1763963506524,13:52:46,1763963506468,0.734,0.7351,-0.1496,5552.41,70200,51597,0.735,1.001,0.734,83235400,0.733,97008500,0.732,110476700,0.731,58311700,0.730,61566400,0.735,136941000,0.736,113615800,0.737,96035700,0.738,57384600,0.739,50635100
sh513130,13:51:45,1763963507515,13:52:46,1763963506468,0.734,0.7351,-0.1496,5552.41,0,0,0.734,0.991,0.734,83235400,0.733,97008500,0.732,110476700,0.731,58311700,0.730,61566400,0.735,136941000,0.736,113615800,0.737,96035700,0.738,57384600,0.739,50635100
sh513130,13:51:45,1763963508512,13:52:48,1763963508467,0.734,0.7351,-0.1496,5552.55,0,0,0.734,0.997,0.734,83235400,0.733,97008500,0.732,110476700,0.731,58311700,0.730,61566400,0.735,136941000,0.736,113615800,0.737,96035700,0.738,57384600,0.739,50635100
sh513130,13:51:45,1763963509514,13:52:48,1763963508467,0.734,0.7351,-0.1496,5552.55,0,0,0.734,1.002,0.734,83235400,0.733,97008500,0.732,110476700,0.731,58311700,0.730,61566400,0.735,136941000,0.736,113615800,0.737,96035700,0.738,57384600,0.739,50635100
sh513130,13:51:48,1763963510527,13:52:50,1763963510428,0.734,0.7351,-0.1496,5552.38,97800,71795,0.7341,1.013,0.734,84207700,0.733,99172700,0.732,110521500,0.731,58381700,0.730,61545100,0.735,136899600,0.736,114022600,0.737,96050000,0.738,58257900,0.739,50790500
sh513130,13:51:48,1763963511525,13:52:50,1763963510428,0.734,0.7351,-0.1496,5552.38,0,0,0.734,0.998,0.734,84207700,0.733,99172700,0.732,110521500,0.731,58381700,0.730,61545100,0.735,136899600,0.736,114022600,0.737,96050000,0.738,58257900,0.739,50790500
sh513130,13:51:48,1763963512530,13:52:52,1763963512447,0.734,0.7351,-0.1496,5552.62,0,0,0.734,1.004,0.734,84207700,0.733,99172700,0.732,110521500,0.731,58381700,0.730,61545100,0.735,136899600,0.736,114022600,0.737,96050000,0.738,58257900,0.739,50790500
sh513130,13:51:51,1763963513533,13:52:52,1763963512447,0.734,0.7351,-0.1496,5552.62,175000,128500,0.7343,1.003,0.734,85419800,0.733,100235600,0.732,110532700,0.731,58515500,0.730,61664700,0.735,136830400,0.736,114032200,0.737,96077000,0.738,59163800,0.739,50790500
sh513130,13:51:51,1763963514531,13:52:54,1763963514432,0.734,0.7351,-0.1496,5552.95,0,0,0.734,0.998,0.734,85419800,0.733,100235600,0.732,110532700,0.731,58515500,0.730,61664700,0.735,136830400,0.736,114032200,0.737,96077000,0.738,59163800,0.739,50790500
sh513130,13:51:51,1763963515549,13:52:54,1763963514623,0.734,0.7351,-0.1496,5552.95,0,0,0.734,1.018,0.734,85419800,0.733,100235600,0.732,110532700,0.731,58515500,0.730,61664700,0.735,136830400,0.736,114032200,0.737,96077000,0.738,59163800,0.739,50790500
sh513130,13:51:54,1763963516528,13:52:56,1763963516489,0.735,0.735,0.0,5552.23,61800,45403,0.7347,0.979,0.734,85098600,0.733,99998100,0.732,110482700,0.731,58515500,0.730,61812900,0.735,136776700,0.736,114164900,0.737,96279200,0.738,60955600,0.739,50790500
sh513130,13:51:54,1763963517534,13:52:56,1763963516784,0.735,0.735,0.0,5552.23,0,0,0.735,1.006,0.734,85098600,0.733,99998100,0.732,110482700,0.731,58515500,0.730,61812900,0.735,136776700,0.736,114164900,0.737,96279200,0.738,60955600,0.739,50790500
sh513130,13:51:54,1763963518536,13:52:58,1763963518431,0.735,0.735,0.0,5552.6,0,0,0.735,1.001,0.734,85098600,0.733,99998100,0.732,110482700,0.731,58515500,0.730,61812900,0.735,136776700,0.736,114164900,0.737,96279200,0.738,60955600,0.739,50790500
sh513130,13:51:57,1763963519537,13:52:58,1763963519041,0.735,0.735,0.0,5552.6,189900,139390,0.734,1.002,0.734,88903300,0.733,100124900,0.732,110588700,0.731,58611500,0.730,61862900,0.735,137228600,0.736,114164900,0.737,96366200,0.738,61826500,0.739,50890500
sh513130,13:51:57,1763963520534,13:53:00,1763963520494,0.735,0.735,0.0,5552.94,0,0,0.735,0.997,0.734,88903300,0.733,100124900,0.732,110588700,0.731,58611500,0.730,61862900,0.735,137228600,0.736,114164900,0.737,96366200,0.738,61826500,0.739,50890500
sh513130,13:51:57,1763963521545,13:53:00,1763963521191,0.735,0.735,0.0,5552.94,0,0,0.735,1.01,0.734,88903300,0.733,100124900,0.732,110588700,0.731,58611500,0.730,61862900,0.735,137228600,0.736,114164900,0.737,96366200,0.738,61826500,0.739,50890500
sh513130,13:52:00,1763963522538,13:53:02,1763963522508,0.735,0.735,0.0,5552.5,280600,206241,0.735,0.993,0.734,93564000,0.733,100266300,0.732,109636300,0.731,58669400,0.730,61870500,0.735,137138400,0.736,114053200,0.737,96354200,0.738,62696400,0.739,50890500
sh513130,13:52:00,1763963523549,13:53:02,1763963523325,0.735,0.735,0.0,5552.5,0,0,0.735,1.011,0.734,93564000,0.733,100266300,0.732,109636300,0.731,58669400,0.730,61870500,0.735,137138400,0.736,114053200,0.737,96354200,0.738,62696400,0.739,50890500
sh513130,13:52:00,1763963524542,13:53:04,1763963524485,0.735,0.735,0.0,5551.97,0,0,0.735,0.992,0.734,93564000,0.733,100266300,0.732,109636300,0.731,58669400,0.730,61870500,0.735,137138400,0.736,114053200,0.737,96354200,0.738,62696400,0.739,50890500
sh513130,13:52:03,1763963525545,13:53:04,1763963525495,0.735,0.735,0.0,5551.97,256500,188403,0.7345,1.003,0.734,76100500,0.733,108545800,0.732,110886300,0.731,63850000,0.730,61970500,0.735,136595900,0.736,114025400,0.737,96374200,0.738,63562300,0.739,50890500
sh513130,13:52:03,1763963526549,13:53:06,1763963526455,0.735,0.735,0.0,5552.52,0,0,0.735,1.004,0.734,76100500,0.733,108545800,0.732,110886300,0.731,63850000,0.730,61970500,0.735,136595900,0.736,114025400,0.737,96374200,0.738,63562300,0.739,50890500
sh513130,13:52:03,1763963527555,13:53:06,1763963526455,0.735,0.735,0.0,5552.52,0,0,0.735,1.006,0.734,76100500,0.733,108545800,0.732,110886300,0.731,63850000,0.730,61970500,0.735,136595900,0.736,114025400,0.737,96374200,0.738,63562300,0.739,50890500
sh513130,13:52:06,1763963528559,13:53:08,1763963528479,0.734,0.735,-0.1361,5551.94,457100,335872,0.7348,1.004,0.734,79065000,0.733,109087500,0.732,110818400,0.731,63673500,0.730,61945700,0.735,136215600,0.736,114026400,0.737,96374200,0.738,64378200,0.739,50890500
sh513130,13:52:06,1763963529549,13:53:08,1763963528479,0.734,0.735,-0.1361,5551.94,0,0,0.734,0.99,0.734,79065000,0.733,109087500,0.732,110818400,0.731,63673500,0.730,61945700,0.735,136215600,0.736,114026400,0.737,96374200,0.738,64378200,0.739,50890500
sh513130,13:52:09,1763963530561,13:53:10,1763963530466,0.734,0.735,-0.1361,5550.98,21517200,15793972,0.734,1.012,0.733,112097700,0.732,111263600,0.731,90387500,0.730,77802500,0.729,41867600,0.734,42264600,0.735,135464400,0.736,113773500,0.737,94072800,0.738,58318900
sh513130,13:52:09,1763963531560,13:53:10,1763963530466,0.734,0.735,-0.1361,5550.98,0,0,0.734,0.999,0.733,112097700,0.732,111263600,0.731,90387500,0.730,77802500,0.729,41867600,0.734,42264600,0.735,135464400,0.736,113773500,0.737,94072800,0.738,58318900
sh513130,13:52:09,1763963532555,13:53:12,1763963532482,0.734,0.735,-0.1361,5551.37,0,0,0.734,0.996,0.733,112097700,0.732,111263600,0.731,90387500,0.730,77802500,0.729,41867600,0.734,42264600,0.735,135464400,0.736,113773500,0.737,94072800,0.738,58318900
sh513130,13:52:12,1763963533573,13:53:12,1763963532482,0.734,0.735,-0.1361,5551.37,1153400,846596,0.734,1.018,0.733,111278600,0.732,113036100,0.731,90388100,0.730,77802500,0.729,42895300,0.734,61526300,0.735,136040200,0.736,113857200,0.737,88674800,0.738,57510800
sh513130,13:52:12,1763963534556,13:53:14,1763963534471,0.734,0.735,-0.1361,5551.57,0,0,0.734,0.983,0.733,111278600,0.732,113036100,0.731,90388100,0.730,77802500,0.729,42895300,0.734,61526300,0.735,136040200,0.736,113857200,0.737,88674800,0.738,57510800
sh513130,13:52:12,1763963535565,13:53:14,1763963534471,0.734,0.735,-0.1361,5551.57,0,0,0.734,1.008,0.733,111278600,0.732,113036100,0.731,90388100,0.730,77802500,0.729,42895300,0.734,61526300,0.735,136040200,0.736,113857200,0.737,88674800,0.738,57510800
sh513130,13:52:12,1763963536560,13:53:16,1763963536463,0.734,0.735,-0.1361,5550.33,0,0,0.734,0.996,0.733,111278600,0.732,113036100,0.731,90388100,0.730,77802500,0.729,42895300,0.734,61526300,0.735,136040200,0.736,113857200,0.737,88674800,0.738,57510800
sh513130,13:52:15,1763963537560,13:53:16,1763963536463,0.734,0.7344,-0.0545,5550.33,855900,628231,0.734,1.0,0.733,114240500,0.732,113865300,0.731,90164900,0.730,77690500,0.729,42895300,0.734,65870100,0.735,145568300,0.736,113452100,0.737,87829500,0.738,57549800
sh513130,13:52:15,1763963538568,13:53:18,1763963538532,0.734,0.7344,-0.0545,5549.81,0,0,0.734,1.008,0.733,114240500,0.732,113865300,0.731,90164900,0.730,77690500,0.729,42895300,0.734,65870100,0.735,145568300,0.736,113452100,0.737,87829500,0.738,57549800
sh513130,13:52:15,1763963539561,13:53:18,1763963538532,0.734,0.7344,-0.0545,5549.81,0,0,0.734,0.992,0.733,114240500,0.732,113865300,0.731,90164900,0.730,77690500,0.729,42895300,0.734,65870100,0.735,145568300,0.736,113452100,0.737,87829500,0.738,57549800
sh513130,13:52:18,1763963540564,13:53:20,1763963540479,0.734,0.7344,-0.0545,5549.79,265400,194803,0.734,1.003,0.733,104303300,0.732,114022300,0.731,90164900,0.730,77710500,0.729,42895300,0.734,69204400,0.735,131185000,0.736,122440400,0.737,69330300,0.738,58063900
sh513130,13:52:18,1763963541573,13:53:20,1763963540692,0.734,0.7344,-0.0545,5549.79,0,0,0.734,1.009,0.733,104303300,0.732,114022300,0.731,90164900,0.730,77710500,0.729,42895300,0.734,69204400,0.735,131185000,0.736,122440400,0.737,69330300,0.738,58063900
sh513130,13:52:18,1763963542574,13:53:22,1763963542452,0.734,0.7344,-0.0545,5549.48,0,0,0.734,1.001,0.733,104303300,0.732,114022300,0.731,90164900,0.730,77710500,0.729,42895300,0.734,69204400,0.735,131185000,0.736,122440400,0.737,69330300,0.738,58063900
sh513130,13:52:21,1763963543571,13:53:22,1763963542900,0.733,0.7344,-0.1906,5549.48,197300,144741,0.7336,0.997,0.733,104365300,0.732,114909500,0.731,90164900,0.730,77640900,0.729,42895300,0.734,65789900,0.735,153641900,0.736,114234000,0.737,77480500,0.738,58061900
sh513130,13:52:21,1763963544572,13:53:24,1763963544499,0.733,0.7344,-0.1906,5549.6,0,0,0.733,1.001,0.733,104365300,0.732,114909500,0.731,90164900,0.730,77640900,0.729,42895300,0.734,65789900,0.735,153641900,0.736,114234000,0.737,77480500,0.738,58061900
sh513130,13:52:21,1763963545579,13:53:24,1763963545047,0.733,0.7344,-0.1906,5549.6,0,0,0.733,1.007,0.733,104365300,0.732,114909500,0.731,90164900,0.730,77640900,0.729,42895300,0.734,65789900,0.735,153641900,0.736,114234000,0.737,77480500,0.738,58061900
sh513130,13:52:24,1763963546577,13:53:26,1763963546488,0.734,0.7344,-0.0545,5548.94,46500,34109,0.7335,0.998,0.733,104100900,0.732,115815600,0.731,90163900,0.730,77940900,0.729,43895300,0.734,75264100,0.735,146923800,0.736,114234000,0.737,78398500,0.738,58061900
sh513130,13:52:24,1763963547596,13:53:26,1763963547303,0.734,0.7344,-0.0545,5548.94,0,0,0.734,1.019,0.733,104100900,0.732,115815600,0.731,90163900,0.730,77940900,0.729,43895300,0.734,75264100,0.735,146923800,0.736,114234000,0.737,78398500,0.738,58061900
sh513130,13:52:24,1763963548622,13:53:28,1763963548456,0.734,0.7344,-0.0545,5548.8,0,0,0.734,1.026,0.733,104100900,0.732,115815600,0.731,90163900,0.730,77940900,0.729,43895300,0.734,75264100,0.735,146923800,0.736,114234000,0.737,78398500,0.738,58061900
sh513130,13:52:24,1763963549586,13:53:28,1763963549363,0.734,0.7344,-0.0545,5548.8,0,0,0.734,0.964,0.733,104100900,0.732,115815600,0.731,90163900,0.730,77940900,0.729,43895300,0.734,75264100,0.735,146923800,0.736,114234000,0.737,78398500,0.738,58061900
sh513130,13:52:27,1763963550589,13:53:30,1763963550389,0.733,0.7337,-0.0954,5549.29,211200,154817,0.733,1.003,0.733,103639900,0.732,116826000,0.731,90243900,0.730,74703700,0.729,43895300,0.734,76295800,0.735,148858200,0.736,114007700,0.737,78408500,0.738,58070300
sh513130,13:52:27,1763963551600,13:53:30,1763963551534,0.733,0.7337,-0.0954,5549.29,0,0,0.733,1.011,0.733,103639900,0.732,116826000,0.731,90243900,0.730,74703700,0.729,43895300,0.734,76295800,0.735,148858200,0.736,114007700,0.737,78408500,0.738,58070300
sh513130,13:52:30,1763963552598,13:53:32,1763963552459,0.733,0.7337,-0.0954,5549.05,3500,2566,0.7331,0.998,0.733,104241900,0.732,117704500,0.731,90244100,0.730,74574000,0.729,43895300,0.734,57284100,0.735,139575900,0.736,121970600,0.737,75434300,0.738,58074600
sh513130,13:52:30,1763963553600,13:53:32,1763963552459,0.733,0.7337,-0.0954,5549.05,0,0,0.733,1.002,0.733,104241900,0.732,117704500,0.731,90244100,0.730,74574000,0.729,43895300,0.734,57284100,0.735,139575900,0.736,121970600,0.737,75434300,0.738,58074600
sh513130,13:52:30,1763963554591,13:53:34,1763963554418,0.733,0.7337,-0.0954,5549.37,0,0,0.733,0.991,0.733,104241900,0.732,117704500,0.731,90244100,0.730,74574000,0.729,43895300,0.734,57284100,0.735,139575900,0.736,121970600,0.737,75434300,0.738,58074600
sh513130,13:52:33,1763963555598,13:53:34,1763963554418,0.733,0.7337,-0.0954,5549.37,27300,20011,0.733,1.007,0.733,107639200,0.732,117678900,0.731,90274800,0.730,74324000,0.729,43895300,0.734,70085100,0.735,154847200,0.736,121970600,0.737,70441300,0.738,58142200
sh513130,13:52:33,1763963556605,13:53:36,1763963556476,0.733,0.7337,-0.0954,5548.67,0,0,0.733,1.007,0.733,107639200,0.732,117678900,0.731,90274800,0.730,74324000,0.729,43895300,0.734,70085100,0.735,154847200,0.736,121970600,0.737,70441300,0.738,58142200
sh513130,13:52:33,1763963557620,13:53:36,1763963556476,0.733,0.7337,-0.0954,5548.67,0,0,0.733,1.014,0.733,107639200,0.732,117678900,0.731,90274800,0.730,74324000,0.729,43895300,0.734,70085100,0.735,154847200,0.736,121970600,0.737,70441300,0.738,58142200
sh513130,13:52:36,1763963558613,13:53:38,1763963558477,0.734,0.7337,0.0409,5548.04,114000,83571,0.7331,0.993,0.733,108797700,0.732,109654200,0.731,99029900,0.730,74324000,0.729,43601500,0.734,72229200,0.735,162846300,0.736,114013200,0.737,70444000,0.738,58161200
sh513130,13:52:36,1763963559606,13:53:38,1763963558477,0.734,0.7337,0.0409,5548.04,0,0,0.734,0.993,0.733,108797700,0.732,109654200,0.731,99029900,0.730,74324000,0.729,43601500,0.734,72229200,0.735,162846300,0.736,114013200,0.737,70444000,0.738,58161200
sh513130,13:52:36,1763963560613,13:53:40,1763963560484,0.734,0.7337,0.0409,5548.45,0,0,0.734,1.007,0.733,108797700,0.732,109654200,0.731,99029900,0.730,74324000,0.729,43601500,0.734,72229200,0.735,162846300,0.736,114013200,0.737,70444000,0.738,58161200
sh513130,13:52:39,1763963561615,13:53:40,1763963560484,0.733,0.7337,-0.0954,5548.45,12400,9095,0.7335,1.002,0.733,109914100,0.732,109734200,0.731,99376400,0.730,74319000,0.729,43891400,0.734,72467400,0.735,156963900,0.736,113762800,0.737,70444000,0.738,58161200
sh513130,13:52:39,1763963562615,13:53:42,1763963562461,0.733,0.7337,-0.0954,5548.78,0,0,0.733,1.0,0.733,109914100,0.732,109734200,0.731,99376400,0.730,74319000,0.729,43891400,0.734,72467400,0.735,156963900,0.736,113762800,0.737,70444000,0.738,58161200
sh513130,13:52:39,1763963563625,13:53:42,1763963562461,0.733,0.7337,-0.0954,5548.78,0,0,0.733,1.01,0.733,109914100,0.732,109734200,0.731,99376400,0.730,74319000,0.729,43891400,0.734,72467400,0.735,156963900,0.736,113762800,0.737,70444000,0.738,58161200
sh513130,13:52:42,1763963564627,13:53:44,1763963564551,0.734,0.7344,-0.0545,5547.57,83300,61081,0.7333,1.003,0.733,109909900,0.732,109876200,0.731,99515400,0.730,74318000,0.729,43891400,0.734,72726900,0.735,163444600,0.736,113767700,0.737,70482000,0.738,58196500
sh513130,13:52:42,1763963565629,13:53:44,1763963564551,0.734,0.7344,-0.0545,5547.57,0,0,0.734,1.002,0.733,109909900,0.732,109876200,0.731,99515400,0.730,74318000,0.729,43891400,0.734,72726900,0.735,163444600,0.736,113767700,0.737,70482000,0.738,58196500
sh513130,13:52:45,1763963566630,13:53:46,1763963566453,0.734,0.7344,-0.0545,5547.8,33000,24205,0.7335,1.001,0.733,110659800,0.732,117947100,0.731,91638300,0.730,74118000,0.729,43891400,0.734,90702900,0.735,149065000,0.736,121087700,0.737,60489300,0.738,58204500
sh513130,13:52:45,1763963567626,13:53:46,1763963566727,0.734,0.7344,-0.0545,5547.8,0,0,0.734,0.996,0.733,110659800,0.732,117947100,0.731,91638300,0.730,74118000,0.729,43891400,0.734,90702900,0.735,149065000,0.736,121087700,0.737,60489300,0.738,58204500
sh513130,13:52:45,1763963568634,13:53:48,1763963568444,0.734,0.7344,-0.0545,5547.74,0,0,0.734,1.007,0.733,110659800,0.732,117947100,0.731,91638300,0.730,74118000,0.729,43891400,0.734,90702900,0.735,149065000,0.736,121087700,0.737,60489300,0.738,58204500
sh513130,13:52:48,1763963569627,13:53:48,1763963568898,0.734,0.7344,-0.0545,5547.74,102000,74866,0.734,0.993,0.733,111716900,0.732,118145700,0.731,91838300,0.730,74118000,0.729,43891400,0.734,91692600,0.735,148439100,0.736,121139200,0.737,60489300,0.738,58184500
sh513130,13:52:48,1763963570638,13:53:50,1763963570491,0.734,0.7344,-0.0545,5546.62,0,0,0.734,1.011,0.733,111716900,0.732,118145700,0.731,91838300,0.730,74118000,0.729,43891400,0.734,91692600,0.735,148439100,0.736,121139200,0.737,60489300,0.738,58184500
sh513130,13:52:48,1763963571634,13:53:50,1763963571160,0.734,0.7344,-0.0545,5546.62,0,0,0.734,0.996,0.733,111716900,0.732,118145700,0.731,91838300,0.730,74118000,0.729,43891400,0.734,91692600,0.735,148439100,0.736,121139200,0.737,60489300,0.738,58184500
sh513130,13:52:48,1763963572640,13:53:52,1763963572481,0.734,0.7344,-0.0545,5547.02,0,0,0.734,1.006,0.733,111716900,0.732,118145700,0.731,91838300,0.730,74118000,0.729,43891400,0.734,91692600,0.735,148439100,0.736,121139200,0.737,60489300,0.738,58184500
sh513130,13:52:51,1763963573643,13:53:52,1763963573253,0.733,0.7344,-0.1906,5547.02,30000,21990,0.733,1.003,0.733,86432300,0.732,117545700,0.731,100761400,0.730,79518000,0.729,43891400,0.734,91909600,0.735,156386000,0.736,113148800,0.737,60493300,0.738,58184500
sh513130,13:52:51,1763963574647,13:53:54,1763963574463,0.733,0.7344,-0.1906,5545.51,0,0,0.733,1.004,0.733,86432300,0.732,117545700,0.731,100761400,0.730,79518000,0.729,43891400,0.734,91909600,0.735,156386000,0.736,113148800,0.737,60493300,0.738,58184500
sh513130,13:52:54,1763963575654,13:53:54,1763963575439,0.733,0.7344,-0.1906,5545.51,447900,328611,0.7337,1.007,0.733,45528400,0.732,125764600,0.731,93780800,0.730,101445100,0.729,43891400,0.734,92898800,0.735,147603600,0.736,113882700,0.737,68562400,0.738,58184500
sh513130,13:52:54,1763963576654,13:53:56,1763963576465,0.733,0.7344,-0.1906,5544.87,0,0,0.733,1.001,0.733,45528400,0.732,125764600,0.731,93780800,0.730,101445100,0.729,43891400,0.734,92898800,0.735,147603600,0.736,113882700,0.737,68562400,0.738,58184500
sh513130,13:52:54,1763963577655,13:53:56,1763963577614,0.733,0.7344,-0.1906,5544.87,0,0,0.733,1.0,0.733,45528400,0.732,125764600,0.731,93780800,0.730,101445100,0.729,43891400,0.734,92898800,0.735,147603600,0.736,113882700,0.737,68562400,0.738,58184500
sh513130,13:52:54,1763963578661,13:53:58,1763963578467,0.733,0.7344,-0.1906,5544.76,0,0,0.733,1.006,0.733,45528400,0.732,125764600,0.731,93780800,0.730,101445100,0.729,43891400,0.734,92898800,0.735,147603600,0.736,113882700,0.737,68562400,0.738,58184500
sh513130,13:52:57,1763963579650,13:53:58,1763963578467,0.734,0.7344,-0.0545,5544.76,1104400,809604,0.7331,0.989,0.733,86690300,0.732,127830800,0.731,92795000,0.730,79513100,0.729,44392100,0.734,93264900,0.735,147593500,0.736,114071200,0.737,68564100,0.738,58234500
sh513130,13:52:57,1763963580666,13:54:00,1763963580391,0.734,0.7344,-0.0545,5543.95,0,0,0.734,1.017,0.733,86690300,0.732,127830800,0.731,92795000,0.730,79513100,0.729,44392100,0.734,93264900,0.735,147593500,0.736,114071200,0.737,68564100,0.738,58234500
sh513130,13:52:57,1763963581658,13:54:00,1763963580391,0.734,0.7344,-0.0545,5543.95,0,0,0.734,0.992,0.733,86690300,0.732,127830800,0.731,92795000,0.730,79513100,0.729,44392100,0.734,93264900,0.735,147593500,0.736,114071200,0.737,68564100,0.738,58234500
sh513130,13:53:00,1763963582662,13:54:02,1763963582452,0.733,0.7337,-0.0954,5545.05,878700,644087,0.733,1.004,0.733,60449200,0.732,127770100,0.731,93800500,0.730,101520100,0.729,44392100,0.734,95477800,0.735,147620500,0.736,114071200,0.737,68564100,0.738,58237500
sh513130,13:53:00,1763963583675,13:54:02,1763963582452,0.733,0.7337,-0.0954,5545.05,0,0,0.733,1.013,0.733,60449200,0.732,127770100,0.731,93800500,0.730,101520100,0.729,44392100,0.734,95477800,0.735,147620500,0.736,114071200,0.737,68564100,0.738,58237500
sh513130,13:53:03,1763963584666,13:54:04,1763963584482,0.734,0.7337,0.0409,5545.04,35200,25817,0.7334,0.992,0.733,87410700,0.732,121735000,0.731,100861200,0.730,79513100,0.729,44319900,0.734,99864600,0.735,156563800,0.736,114123200,0.737,60564100,0.738,58217500
sh513130,13:53:03,1763963585679,13:54:04,1763963584482,0.734,0.7337,0.0409,5545.04,0,0,0.734,1.012,0.733,87410700,0.732,121735000,0.731,100861200,0.730,79513100,0.729,44319900,0.734,99864600,0.735,156563800,0.736,114123200,0.737,60564100,0.738,58217500
sh513130,13:53:03,1763963586686,13:54:06,1763963586429,0.734,0.7337,0.0409,5545.52,0,0,0.734,1.007,0.733,87410700,0.732,121735000,0.731,100861200,0.730,79513100,0.729,44319900,0.734,99864600,0.735,156563800,0.736,114123200,0.737,60564100,0.738,58217500
sh513130,13:53:06,1763963587679,13:54:06,1763963586429,0.734,0.7337,0.0409,5545.52,70600,51789,0.7336,0.994,0.733,89637400,0.732,122632700,0.731,99871200,0.730,79133100,0.729,44319900,0.734,100647300,0.735,156612600,0.736,114123200,0.737,60564100,0.738,58217500
sh513130,13:53:06,1763963588676,13:54:08,1763963588476,0.734,0.7337,0.0409,5545.52,0,0,0.734,0.997,0.733,89637400,0.732,122632700,0.731,99871200,0.730,79133100,0.729,44319900,0.734,100647300,0.735,156612600,0.736,114123200,0.737,60564100,0.738,58217500
sh513130,13:53:06,1763963589683,13:54:08,1763963588476,0.734,0.7337,0.0409,5545.52,0,0,0.734,1.007,0.733,89637400,0.732,122632700,0.731,99871200,0.730,79133100,0.729,44319900,0.734,100647300,0.735,156612600,0.736,114123200,0.737,60564100,0.738,58217500
sh513130,13:53:06,1763963590683,13:54:10,1763963590649,0.734,0.7337,0.0409,5545.13,0,0,0.734,1.0,0.733,89637400,0.732,122632700,0.731,99871200,0.730,79133100,0.729,44319900,0.734,100647300,0.735,156612600,0.736,114123200,0.737,60564100,0.738,58217500
sh513130,13:53:09,1763963591685,13:54:10,1763963590649,0.734,0.7337,0.0409,5545.13,79500,58314,0.7335,1.002,0.733,95945300,0.732,131760600,0.731,91876200,0.730,74133100,0.729,44329900,0.734,100588500,0.735,147714200,0.736,122129300,0.737,60564100,0.738,58057500
sh513130,13:53:09,1763963592686,13:54:12,1763963592490,0.734,0.7337,0.0409,5544.72,0,0,0.734,1.0,0.733,95945300,0.732,131760600,0.731,91876200,0.730,74133100,0.729,44329900,0.734,100588500,0.735,147714200,0.736,122129300,0.737,60564100,0.738,58057500
sh513130,13:53:09,1763963593701,13:54:12,1763963592816,0.734,0.7337,0.0409,5544.72,0,0,0.734,1.015,0.733,95945300,0.732,131760600,0.731,91876200,0.730,74133100,0.729,44329900,0.734,100588500,0.735,147714200,0.736,122129300,0.737,60564100,0.738,58057500
sh513130,13:53:09,1763963594676,13:54:14,1763963594458,0.734,0.7337,0.0409,5544.63,0,0,0.734,0.975,0.733,95945300,0.732,131760600,0.731,91876200,0.730,74133100,0.729,44329900,0.734,100588500,0.735,147714200,0.736,122129300,0.737,60564100,0.738,58057500
sh513130,13:53:12,1763963595690,13:54:14,1763963594990,0.733,0.7337,-0.0954,5544.63,119300,87460,0.7331,1.014,0.733,89589300,0.732,132235500,0.731,92844800,0.730,80133100,0.729,44329900,0.734,99277900,0.735,147522500,0.736,122225100,0.737,60564100,0.738,58057500
sh513130,13:53:12,1763963596711,13:54:16,1763963596404,0.733,0.7337,-0.0954,5544.75,0,0,0.733,1.02,0.733,89589300,0.732,132235500,0.731,92844800,0.730,80133100,0.729,44329900,0.734,99277900,0.735,147522500,0.736,122225100,0.737,60564100,0.738,58057500
sh513130,13:53:15,1763963597707,13:54:16,1763963597172,0.733,0.7337,-0.0954,5544.75,50300,36908,0.7338,0.997,0.733,90657900,0.732,132142100,0.731,94588200,0.730,80133100,0.729,44329900,0.734,99395700,0.735,147593500,0.736,123136600,0.737,60576600,0.738,58074600
sh513130,13:53:15,1763963598721,13:54:18,1763963598496,0.733,0.7337,-0.0954,5544.32,0,0,0.733,1.014,0.733,90657900,0.732,132142100,0.731,94588200,0.730,80133100,0.729,44329900,0.734,99395700,0.735,147593500,0.736,123136600,0.737,60576600,0.738,58074600
sh513130,13:53:15,1763963599703,13:54:18,1763963599425,0.733,0.7337,-0.0954,5544.32,0,0,0.733,0.982,0.733,90657900,0.732,132142100,0.731,94588200,0.730,80133100,0.729,44329900,0.734,99395700,0.735,147593500,0.736,123136600,0.737,60576600,0.738,58074600
sh513130,13:53:18,1763963600700,13:54:20,1763963600454,0.733,0.7337,-0.0954,5543.67,27300,20011,0.733,0.997,0.733,44439900,0.732,131995300,0.731,96437000,0.730,107496500,0.729,60326700,0.734,101797300,0.735,148599900,0.736,123174600,0.737,60576600,0.738,58071000
sh513130,13:53:18,1763963601710,13:54:20,1763963601499,0.733,0.7337,-0.0954,5543.67,0,0,0.733,1.011,0.733,44439900,0.732,131995300,0.731,96437000,0.730,107496500,0.729,60326700,0.734,101797300,0.735,148599900,0.736,123174600,0.737,60576600,0.738,58071000
sh513130,13:53:21,1763963602708,13:54:22,1763963602502,0.733,0.7337,-0.0954,5543.78,68100,49922,0.7331,0.997,0.733,49602800,0.732,131995400,0.731,115309400,0.730,107578100,0.729,44329900,0.734,103334500,0.735,149528500,0.736,123127600,0.737,60621400,0.738,57959000
sh513130,13:53:21,1763963603705,13:54:22,1763963603674,0.733,0.7337,-0.0954,5543.78,0,0,0.733,0.998,0.733,49602800,0.732,131995400,0.731,115309400,0.730,107578100,0.729,44329900,0.734,103334500,0.735,149528500,0.736,123127600,0.737,60621400,0.738,57959000
sh513130,13:53:21,1763963604711,13:54:24,1763963604453,0.733,0.7337,-0.0954,5543.57,0,0,0.733,1.006,0.733,49602800,0.732,131995400,0.731,115309400,0.730,107578100,0.729,44329900,0.734,103334500,0.735,149528500,0.736,123127600,0.737,60621400,0.738,57959000
sh513130,13:53:21,1763963605722,13:54:24,1763963604453,0.733,0.7337,-0.0954,5543.57,0,0,0.733,1.011,0.733,49602800,0.732,131995400,0.731,115309400,0.730,107578100,0.729,44329900,0.734,103334500,0.735,149528500,0.736,123127600,0.737,60621400,0.738,57959000
sh513130,13:53:24,1763963606716,13:54:26,1763963606469,0.734,0.7337,0.0409,5543.77,262100,192308,0.7337,0.994,0.733,98083900,0.732,132125600,0.731,115185200,0.730,79901100,0.729,44304900,0.734,103011000,0.735,150545500,0.736,123137600,0.737,60636300,0.738,57969000
sh513130,13:53:24,1763963607734,13:54:26,1763963606469,0.734,0.7337,0.0409,5543.77,0,0,0.734,1.018,0.733,98083900,0.732,132125600,0.731,115185200,0.730,79901100,0.729,44304900,0.734,103011000,0.735,150545500,0.736,123137600,0.737,60636300,0.738,57969000
sh513130,13:53:24,1763963608731,13:54:28,1763963608461,0.734,0.7337,0.0409,5543.91,0,0,0.734,0.998,0.733,98083900,0.732,132125600,0.731,115185200,0.730,79901100,0.729,44304900,0.734,103011000,0.735,150545500,0.736,123137600,0.737,60636300,0.738,57969000
sh513130,13:53:27,1763963609730,13:54:28,1763963608461,0.733,0.7337,-0.0954,5543.91,6000,4398,0.733,0.999,0.733,99886100,0.732,131987800,0.731,116059400,0.730,79454100,0.729,44304900,0.734,102397200,0.735,151416900,0.736,123137600,0.737,60646300,0.738,57982800
sh513130,13:53:27,1763963610725,13:54:30,1763963610410,0.733,0.7337,-0.0954,5544.02,0,0,0.733,0.995,0.733,99886100,0.732,131987800,0.731,116059400,0.730,79454100,0.729,44304900,0.734,102397200,0.735,151416900,0.736,123137600,0.737,60646300,0.738,57982800
sh513130,13:53:30,1763963611734,13:54:30,1763963610410,0.733,0.7337,-0.0954,5544.02,1688300,1237524,0.733,1.009,0.733,97786900,0.732,132012600,0.731,116763600,0.730,79454100,0.729,44304900,0.734,103447200,0.735,152634600,0.736,123170700,0.737,60639200,0.738,57982800
sh513130,13:53:30,1763963612729,13:54:32,1763963612501,0.733,0.7337,-0.0954,5543.4,0,0,0.733,0.995,0.733,97786900,0.732,132012600,0.731,116763600,0.730,79454100,0.729,44304900,0.734,103447200,0.735,152634600,0.736,123170700,0.737,60639200,0.738,57982800
sh513130,13:53:30,1763963613736,13:54:32,1763963612501,0.733,0.7337,-0.0954,5543.4,0,0,0.733,1.007,0.733,97786900,0.732,132012600,0.731,116763600,0.730,79454100,0.729,44304900,0.734,103447200,0.735,152634600,0.736,123170700,0.737,60639200,0.738,57982800
sh513130,13:53:30,1763963614731,13:54:34,1763963614532,0.733,0.7337,-0.0954,5543.56,0,0,0.733,0.996,0.733,97786900,0.732,132012600,0.731,116763600,0.730,79454100,0.729,44304900,0.734,103447200,0.735,152634600,0.736,123170700,0.737,60639200,0.738,57982800
sh513130,13:53:33,1763963615748,13:54:34,1763963614532,0.733,0.7337,-0.0954,5543.56,309700,227089,0.7333,1.017,0.733,97645900,0.732,132279000,0.731,117681400,0.730,79891100,0.729,44304900,0.734,103579200,0.735,153504000,0.736,123271700,0.737,60639200,0.738,57984800
sh513130,13:53:33,1763963616740,13:54:36,1763963616696,0.733,0.7337,-0.0954,5543.56,0,0,0.733,0.992,0.733,97645900,0.732,132279000,0.731,117681400,0.730,79891100,0.729,44304900,0.734,103579200,0.735,153504000,0.736,123271700,0.737,60639200,0.738,57984800
sh513130,13:53:36,1763963617755,13:54:36,1763963616696,0.733,0.7337,-0.0954,5543.56,176200,129154,0.733,1.014,0.733,102671400,0.732,132558300,0.731,118555600,0.730,74533600,0.729,44304900,0.734,104664900,0.735,154523400,0.736,123271800,0.737,60639200,0.738,57984800
sh513130,13:53:36,1763963618830,13:54:38,1763963618484,0.733,0.7337,-0.0954,5544.3,0,0,0.733,1.076,0.733,102671400,0.732,132558300,0.731,118555600,0.730,74533600,0.729,44304900,0.734,104664900,0.735,154523400,0.736,123271800,0.737,60639200,0.738,57984800
sh513130,13:53:36,1763963619753,13:54:38,1763963618862,0.733,0.7337,-0.0954,5544.3,0,0,0.733,0.922,0.733,102671400,0.732,132558300,0.731,118555600,0.730,74533600,0.729,44304900,0.734,104664900,0.735,154523400,0.736,123271800,0.737,60639200,0.738,57984800
sh513130,13:53:39,1763963620748,13:54:40,1763963620463,0.733,0.7337,-0.0954,5543.5,1087700,797294,0.733,0.996,0.733,96569200,0.732,132577500,0.731,119429800,0.730,79533600,0.729,44304900,0.734,105829700,0.735,155481400,0.736,123317200,0.737,60639200,0.738,58284800
sh513130,13:53:39,1763963621753,13:54:40,1763963621134,0.733,0.7337,-0.0954,5543.5,0,0,0.733,1.004,0.733,96569200,0.732,132577500,0.731,119429800,0.730,79533600,0.729,44304900,0.734,105829700,0.735,155481400,0.736,123317200,0.737,60639200,0.738,58284800
