local_ts,symbol,ex_time,price,interval_s,tick_vol,tick_amt,tick_vwap,bp1,bv1,bp2,bv2,bp3,bv3,bp4,bv4,bp5,bv5,sp1,sv1,sp2,sv2,sp3,sv3,sp4,sv4,sp5,sv5
1763689293574,sz159920,09:41:30,1.562,0.0,0,0,1.562,1.562,9911300,1.561,11704900,1.560,11991500,1.559,2911800,1.558,2787300,1.563,2708300,1.564,12551600,1.565,8464200,1.566,7660700,1.567,1403200
1763689294618,sz159920,09:41:33,1.562,1.044,30500,47665,1.5628,1.562,11261200,1.561,11704900,1.560,12994000,1.559,2916800,1.558,2786300,1.563,164200,1.564,12543700,1.565,9576200,1.566,7660700,1.567,1403200
1763689297647,sz159920,09:41:36,1.563,3.028,241400,377308,1.563,1.563,495900,1.562,11267800,1.561,11702300,1.560,13210800,1.559,2916800,1.564,12535400,1.565,9576200,1.566,7660700,1.567,1403200,1.568,1112800
1763689300614,sz159920,09:41:39,1.563,2.968,6300,9846,1.563,1.563,24300,1.562,11281400,1.561,11702300,1.560,13210800,1.559,2916800,1.564,12542400,1.565,9606200,1.566,7660700,1.567,1403200,1.568,1112800
1763689304084,sz159920,09:41:42,1.563,3.47,409300,639732,1.563,1.563,13000,1.562,11290400,1.561,11717300,1.560,13214900,1.559,2916800,1.564,12562000,1.565,9606200,1.566,7663700,1.567,1403200,1.568,1112800
1763689306848,sz159920,09:41:45,1.563,2.764,16200,25320,1.563,1.562,11282200,1.561,11717300,1.560,12998100,1.559,2916900,1.558,2789100,1.563,23800,1.564,12576600,1.565,9606200,1.566,7663700,1.567,1403200
1763689309921,sz159920,09:41:48,1.563,3.073,38800,60644,1.563,1.563,62300,1.562,11282200,1.561,11667300,1.560,9260500,1.559,2926900,1.564,9582500,1.565,9606200,1.566,7663700,1.567,1403200,1.568,1112800
1763689313232,sz159920,09:41:51,1.562,3.311,281000,439201,1.563,1.562,11278500,1.561,11672400,1.560,12273500,1.559,2930100,1.558,2789500,1.563,1331400,1.564,12582500,1.565,9606200,1.566,7663700,1.567,1403200
1763689316169,sz159920,09:41:54,1.563,2.937,4500,7032,1.5629,1.562,11287900,1.561,11682400,1.560,12273500,1.559,2931100,1.558,2789500,1.563,1399900,1.564,12632000,1.565,9606200,1.566,7663700,1.567,1406200
1763689319060,sz159920,09:41:57,1.563,2.891,161200,251955,1.563,1.562,11307900,1.561,11682400,1.560,12273500,1.559,2931100,1.558,2799500,1.563,7600,1.564,12632200,1.565,9606300,1.566,7663700,1.567,1406200
1763689322075,sz159920,09:42:00,1.564,3.015,16200,25321,1.563,1.563,500000,1.562,11357900,1.561,11682400,1.560,12273500,1.559,2931100,1.564,12625600,1.565,9606300,1.566,8250000,1.567,1406200,1.568,1112800
1763689325181,sz159920,09:42:03,1.562,3.106,200,312,1.562,1.562,11357800,1.561,11682400,1.560,12273500,1.559,2931100,1.558,2799800,1.563,54300,1.564,12631400,1.565,9606300,1.566,8251700,1.567,1406200
1763689327442,sz159920,09:42:06,1.562,2.261,400,625,1.5625,1.562,11382100,1.561,11682400,1.560,12273500,1.559,2941100,1.558,2799800,1.563,62200,1.564,12631400,1.565,9606300,1.566,8251700,1.567,1406200
1763689330498,sz159920,09:42:09,1.563,3.056,73100,114255,1.563,1.563,11103500,1.562,9088600,1.561,11685400,1.560,4687200,1.559,2941100,1.564,2745100,1.565,11906300,1.566,8272000,1.567,7406200,1.568,1112800
1763689333739,sz159920,09:42:12,1.563,3.241,7500,11722,1.563,1.563,12256900,1.562,9076900,1.561,12550200,1.560,4693700,1.559,2941100,1.564,1231900,1.565,12285500,1.566,9134200,1.567,7406200,1.568,1362800
1763689336851,sz159920,09:42:15,1.563,3.112,0,0,1.563,1.563,12277000,1.562,9232600,1.561,12550200,1.560,4693700,1.559,2941100,1.564,740900,1.565,12285500,1.566,9134200,1.567,7406200,1.568,1362800
1763689339822,sz159920,09:42:18,1.564,2.971,30100,47046,1.563,1.563,12257000,1.562,9233200,1.561,11550200,1.560,4693700,1.559,2941100,1.564,2366500,1.565,12285600,1.566,8755000,1.567,7415700,1.568,1362800
1763689342803,sz159920,09:42:21,1.563,2.981,31600,49395,1.5632,1.563,239000,1.562,11668300,1.561,11550200,1.560,8703700,1.559,2951100,1.564,12927300,1.565,9606400,1.566,8906800,1.567,1415700,1.568,1362800
1763689345747,sz159920,09:42:24,1.564,2.944,110100,172087,1.563,1.563,130300,1.562,11674800,1.561,11550200,1.560,11716800,1.559,2951100,1.564,12926400,1.565,9609400,1.566,8906800,1.567,1415700,1.568,1362800
1763689348735,sz159920,09:42:27,1.563,2.988,13900,21732,1.5635,1.563,1356200,1.562,11665000,1.561,11550200,1.560,11716800,1.559,2951100,1.564,10131900,1.565,9609400,1.566,8906800,1.567,1415700,1.568,1342800
1763689351796,sz159920,09:42:30,1.564,3.061,8200,12816,1.563,1.563,12412600,1.562,9365000,1.561,11550200,1.560,4716800,1.559,2951100,1.564,3911300,1.565,12288600,1.566,8906800,1.567,7415700,1.568,1342800
1763689354734,sz159920,09:42:33,1.563,2.938,500,781,1.563,1.563,12422200,1.562,9380000,1.561,12550200,1.560,4716800,1.559,2951100,1.564,1309200,1.565,12296900,1.566,9286000,1.567,7415700,1.568,1342800
1763689357745,sz159920,09:42:36,1.564,3.011,2136900,3342121,1.564,1.564,3815900,1.563,12371400,1.562,9340600,1.561,8517200,1.560,2213600,1.565,9690800,1.566,9289200,1.567,8002000,1.568,4342800,1.569,1212600
1763689360687,sz159920,09:42:39,1.564,2.942,229700,359250,1.564,1.564,12344700,1.563,10072500,1.562,10343600,1.561,3930900,1.560,2213600,1.565,2546100,1.566,11968600,1.567,8864400,1.568,7342800,1.569,1462600
1763689363782,sz159920,09:42:42,1.565,3.094,15100,23616,1.564,1.564,11371800,1.563,10108800,1.562,10187900,1.561,3930900,1.560,2213600,1.565,2904900,1.566,11968600,1.567,8864400,1.568,7342800,1.569,1462600
1763689367108,sz159920,09:42:42,1.565,3.326,0,0,1.565,1.564,11371800,1.563,10108800,1.562,10187900,1.561,3930900,1.560,2213600,1.565,2904900,1.566,11968600,1.567,8864400,1.568,7342800,1.569,1462600
1763689367359,sz159920,09:42:45,1.565,0.251,37500,58687,1.565,1.564,6284200,1.563,10115800,1.562,9188200,1.561,7930900,1.560,2213600,1.565,6647600,1.566,11590900,1.567,8485000,1.568,4342800,1.569,1462600
1763689370372,sz159920,09:42:48,1.564,3.013,67600,105727,1.564,1.563,12416500,1.562,9193300,1.561,10935900,1.560,2210700,1.559,2951900,1.564,571700,1.565,12994000,1.566,9529800,1.567,8735000,1.568,1342800
1763689373353,sz159920,09:42:51,1.565,2.981,191600,299612,1.5637,1.564,9305800,1.563,12356500,1.562,9193300,1.561,3935900,1.560,2221000,1.565,5696300,1.566,9909200,1.567,8725000,1.568,7375200,1.569,1212600
1763689376378,sz159920,09:42:54,1.564,3.025,11800,18457,1.5642,1.564,110000,1.563,12356500,1.562,9183300,1.561,7935900,1.560,2221000,1.565,11073700,1.566,9529700,1.567,8725000,1.568,4375200,1.569,1232900
1763689379335,sz159920,09:42:57,1.565,2.958,110200,172358,1.5641,1.564,3015700,1.563,12356500,1.562,9188500,1.561,7935900,1.560,2221000,1.565,11262700,1.566,9529700,1.567,8725000,1.568,1375200,1.569,1232900
1763689381310,sz159920,09:43:00,1.564,1.975,158200,247438,1.5641,1.564,735800,1.563,12356500,1.562,9188500,1.561,10935900,1.560,2221200,1.565,11256800,1.566,9533100,1.567,8725000,1.568,1375200,1.569,1232900
1763689385379,sz159920,09:43:03,1.565,4.069,2466800,3860500,1.565,1.564,12297300,1.563,10057600,1.562,11056400,1.561,2266600,1.560,2222000,1.565,7300,1.566,12225100,1.567,8850100,1.568,7375200,1.569,1482900
1763689388359,sz159920,09:43:06,1.565,2.979,307300,480622,1.564,1.564,11995100,1.563,10110600,1.562,11055800,1.561,2266600,1.560,2252000,1.565,43500,1.566,12225100,1.567,8850100,1.568,7415200,1.569,1482900
1763689391385,sz159920,09:43:09,1.565,3.026,57100,89351,1.5648,1.564,11985100,1.563,10114100,1.562,11055500,1.561,2266600,1.560,2387000,1.565,1400,1.566,11225300,1.567,8864700,1.568,7415200,1.569,1492900
1763689394345,sz159920,09:43:12,1.565,2.96,31600,49453,1.565,1.564,12086700,1.563,10114100,1.562,11055500,1.561,2296600,1.560,2392100,1.565,575100,1.566,12225800,1.567,8864700,1.568,7415200,1.569,1492900
1763689397434,sz159920,09:43:15,1.565,3.088,22300,34899,1.565,1.564,12091700,1.563,10134100,1.562,11058500,1.561,2296600,1.560,2393600,1.565,1098900,1.566,11249100,1.567,8884700,1.568,7415200,1.569,1492900
1763689400351,sz159920,09:43:18,1.565,2.917,1135400,1776901,1.565,1.564,10963700,1.563,10134100,1.562,10331000,1.561,2296600,1.560,2398600,1.565,1305100,1.566,12249100,1.567,8884700,1.568,7415200,1.569,1492900
1763689403364,sz159920,09:43:21,1.565,3.013,1342400,2100856,1.565,1.565,9574100,1.564,12067600,1.563,11134100,1.562,3331000,1.561,2276600,1.566,4033400,1.567,9264500,1.568,8381200,1.569,4492900,1.570,1406500
1763689405458,sz159920,09:43:24,1.565,2.095,72200,112993,1.565,1.565,823400,1.564,12067900,1.563,10134100,1.562,9744700,1.561,2276600,1.566,12109400,1.567,8884800,1.568,8001500,1.569,1492900,1.570,1406500
1763689408895,sz159920,09:43:27,1.565,3.436,823400,1288621,1.565,1.564,12328700,1.563,10134100,1.562,9744700,1.561,2276600,1.560,2434200,1.565,605100,1.566,12800900,1.567,8884800,1.568,8021800,1.569,1492900
1763689411910,sz159920,09:43:30,1.565,3.015,100,156,1.565,1.564,12339200,1.563,10131100,1.562,9744700,1.561,2276600,1.560,2434300,1.565,813800,1.566,12800900,1.567,8884800,1.568,8021800,1.569,1492900
1763689414917,sz159920,09:43:33,1.565,3.007,1000,1565,1.565,1.564,12339200,1.563,10188600,1.562,9745700,1.561,2276600,1.560,2434300,1.565,823400,1.566,12827300,1.567,8884900,1.568,8049400,1.569,1492900
1763689417953,sz159920,09:43:36,1.565,3.036,34600,54149,1.565,1.564,9453900,1.563,12488600,1.562,10332000,1.561,2276600,1.560,2434300,1.565,4529000,1.566,10547600,1.567,9123800,1.568,7463100,1.569,1492900
1763689420903,sz159920,09:43:39,1.565,2.95,3400,5321,1.565,1.564,731300,1.563,12489100,1.562,10065000,1.561,9276600,1.560,2434300,1.565,11285300,1.566,10167700,1.567,8744100,1.568,1466200,1.569,1492900
1763689423928,sz159920,09:43:42,1.565,3.026,14400,22535,1.565,1.564,9217700,1.563,12489100,1.562,11065000,1.561,2276600,1.560,2434300,1.565,3929400,1.566,10567200,1.567,9123600,1.568,7466200,1.569,1492900
1763689426927,sz159920,09:43:45,1.565,2.999,81800,128016,1.565,1.564,9216900,1.563,12489100,1.562,11065000,1.561,2276600,1.560,2444300,1.565,4455000,1.566,10567200,1.567,9275400,1.568,7486200,1.569,1492900
1763689429901,sz159920,09:43:48,1.565,2.974,52700,82475,1.565,1.564,6284200,1.563,12497200,1.562,10065000,1.561,2276600,1.560,2444300,1.565,4412300,1.566,10605900,1.567,9275400,1.568,4486200,1.569,1492900
1763689432912,sz159920,09:43:51,1.565,3.01,6000,9390,1.565,1.564,789200,1.563,12497200,1.562,10065000,1.561,9276600,1.560,2457700,1.565,11165100,1.566,10226300,1.567,8895900,1.568,1486200,1.569,1496900
1763689435891,sz159920,09:43:54,1.564,2.979,66500,104036,1.5645,1.564,9120800,1.563,10197200,1.562,11065000,1.561,2276600,1.560,2457700,1.565,415600,1.566,12824200,1.567,9275300,1.568,7486200,1.569,1496900
1763689438939,sz159920,09:43:57,1.565,3.048,126300,197659,1.565,1.564,9234600,1.563,12477300,1.562,11065000,1.561,2276600,1.560,2458400,1.565,4071600,1.566,10524200,1.567,9275300,1.568,7491900,1.569,1486900
1763689441426,sz159920,09:43:57,1.565,2.487,0,0,1.565,1.564,9234600,1.563,12477300,1.562,11065000,1.561,2276600,1.560,2458400,1.565,4071600,1.566,10524200,1.567,9275300,1.568,7491900,1.569,1486900
1763689441913,sz159920,09:44:00,1.565,0.487,100,156,1.565,1.564,859500,1.563,12477300,1.562,10065000,1.561,9276600,1.560,2458400,1.565,12513600,1.566,10144900,1.567,9145900,1.568,1491900,1.569,1236900
1763689444967,sz159920,09:44:03,1.565,3.055,1900,2973,1.565,1.564,12730800,1.563,10177300,1.562,11065000,1.561,2276600,1.560,2461400,1.565,5263800,1.566,10517200,1.567,9275300,1.568,7491900,1.569,1486900
1763689447915,sz159920,09:44:06,1.565,2.948,21000,32856,1.5646,1.564,7669000,1.563,10180500,1.562,11065000,1.561,5276600,1.560,2461400,1.565,11838100,1.566,10509300,1.567,9275400,1.568,1591900,1.569,1486900
1763689450910,sz159920,09:44:09,1.565,2.994,45700,71520,1.565,1.564,12747300,1.563,10180500,1.562,11065000,1.561,2276800,1.560,2448000,1.565,5208300,1.566,10514300,1.567,9275400,1.568,7591900,1.569,1486900
1763689454424,sz159920,09:44:12,1.565,3.514,1513300,2368311,1.565,1.565,1126400,1.564,12650600,1.563,10181500,1.562,10332000,1.561,2276800,1.566,11814300,1.567,9275400,1.568,7341900,1.569,1486900,1.570,1684900
1763689456587,sz159920,09:44:15,1.565,2.163,2100,3286,1.565,1.565,6634100,1.564,12663400,1.563,11181500,1.562,2745700,1.561,2276800,1.566,5055300,1.567,10061600,1.568,9040900,1.569,7486900,1.570,1684900
1763689460244,sz159920,09:44:18,1.565,3.657,62100,97186,1.565,1.565,12459300,1.564,10363400,1.563,11181500,1.562,2695700,1.561,2276800,1.566,2169000,1.567,12361600,1.568,9040900,1.569,7486900,1.570,1685900
1763689463188,sz159920,09:44:21,1.565,2.944,500,782,1.565,1.565,12467900,1.564,10363400,1.563,11181500,1.562,2715700,1.561,2276800,1.566,936000,1.567,12361600,1.568,9040900,1.569,7486900,1.570,1685900
1763689466183,sz159920,09:44:24,1.565,2.995,5500,8607,1.565,1.565,12463600,1.564,10364400,1.563,11271500,1.562,2805700,1.561,2276800,1.566,2220100,1.567,12361600,1.568,9130900,1.569,7576900,1.570,1469500
1763689469181,sz159920,09:44:27,1.566,2.998,1100,1722,1.566,1.565,12488900,1.564,10459400,1.563,11271500,1.562,2805700,1.561,2276800,1.566,2490700,1.567,12361600,1.568,9130900,1.569,7576900,1.570,1559500
1763689472185,sz159920,09:44:30,1.566,3.004,58700,91922,1.566,1.565,11901000,1.564,10469400,1.563,11262700,1.562,2805700,1.561,2276800,1.566,3170200,1.567,12361600,1.568,9130900,1.569,7576900,1.570,1559500
1763689475194,sz159920,09:44:33,1.566,3.009,11700,18319,1.5657,1.565,260300,1.564,12769400,1.563,10262700,1.562,9810700,1.561,2276800,1.566,12842300,1.567,9682000,1.568,8751200,1.569,1576900,1.570,1559500
1763689478174,sz159920,09:44:36,1.565,2.98,300500,470289,1.565,1.564,13151000,1.563,10262700,1.562,9810700,1.561,2366800,1.560,2483800,1.565,913400,1.566,13836100,1.567,9772000,1.568,9001200,1.569,1576900
1763689481159,sz159920,09:44:39,1.565,2.985,54600,85399,1.5641,1.565,9907300,1.564,12632000,1.563,11262700,1.562,2810700,1.561,2366800,1.566,5961800,1.567,10151600,1.568,9130800,1.569,7576900,1.570,1469500
1763689484156,sz159920,09:44:42,1.566,2.997,8700,13617,1.5653,1.565,2557300,1.564,12632000,1.563,10262700,1.562,9810700,1.561,2366800,1.566,12925600,1.567,9771900,1.568,8751200,1.569,1576900,1.570,1469500
1763689487170,sz159920,09:44:45,1.566,3.014,9500,14877,1.566,1.565,97600,1.564,12633000,1.563,10262700,1.562,9810700,1.561,2366800,1.566,13279000,1.567,9792400,1.568,8751200,1.569,1576900,1.570,1469500
1763689490189,sz159920,09:44:48,1.566,3.018,57400,89832,1.565,1.565,61400,1.564,12633000,1.563,10278100,1.562,9810700,1.561,2366800,1.566,13277900,1.567,9792400,1.568,8751200,1.569,1594100,1.570,1469500
1763689493179,sz159920,09:44:51,1.565,2.991,55200,86388,1.565,1.565,7000,1.564,12634000,1.563,10278100,1.562,9810700,1.561,2366800,1.566,13277300,1.567,9792300,1.568,8751200,1.569,1594100,1.570,1469500
1763689496288,sz159920,09:44:54,1.566,3.108,63800,99910,1.566,1.565,59000,1.564,12631200,1.563,10333900,1.562,9820700,1.561,2366800,1.566,14229700,1.567,9792300,1.568,9001200,1.569,1594100,1.570,1219500
1763689499228,sz159920,09:44:57,1.566,2.94,38900,60881,1.5651,1.565,102700,1.564,12631200,1.563,10301900,1.562,9820700,1.561,2361700,1.566,14192400,1.567,9747500,1.568,9001200,1.569,1594100,1.570,1219500
1763689502227,sz159920,09:45:00,1.565,2.999,121800,190638,1.5652,1.564,12681200,1.563,10351900,1.562,9820700,1.561,2361700,1.560,2648100,1.565,2719000,1.566,13709800,1.567,9747500,1.568,8268200,1.569,1594100
1763689505197,sz159920,09:45:03,1.565,2.97,36500,57122,1.565,1.564,12681200,1.563,10351900,1.562,10407000,1.561,2361700,1.560,2648100,1.565,2530000,1.566,13702800,1.567,9747500,1.568,8268200,1.569,1594100
1763689508269,sz159920,09:45:06,1.566,3.072,319900,500653,1.565,1.565,8400,1.564,12705800,1.563,10351900,1.562,10407000,1.561,2361700,1.566,12921600,1.567,9747500,1.568,8268200,1.569,1611400,1.570,1219500
1763689511255,sz159920,09:45:09,1.566,2.986,0,0,1.566,1.564,6819500,1.563,12702600,1.562,10407000,1.561,2361700,1.560,2648100,1.565,5356300,1.566,11425800,1.567,9595700,1.568,7681900,1.569,1611400
1763689514310,sz159920,09:45:12,1.565,3.055,44800,70112,1.565,1.564,448100,1.563,12646800,1.562,10130000,1.561,9361700,1.560,2655100,1.565,13170400,1.566,11045900,1.567,9466000,1.568,1681900,1.569,1361400
1763689517105,sz159920,09:45:15,1.565,2.795,1100,1721,1.565,1.564,456500,1.563,12556800,1.562,10130000,1.561,9361700,1.560,2655100,1.565,12169300,1.566,11050900,1.567,9466000,1.568,1681900,1.569,1271400
1763689519820,sz159920,09:45:18,1.565,2.715,0,0,1.565,1.564,6095000,1.563,12566800,1.562,10130000,1.561,5361700,1.560,2748100,1.565,9797800,1.566,11520400,1.567,9446000,1.568,4681900,1.569,1271400
1763689522833,sz159920,09:45:21,1.564,3.013,32700,51174,1.565,1.564,12716400,1.563,10395900,1.562,11130000,1.561,2361700,1.560,2658100,1.565,1826900,1.566,13730400,1.567,9575500,1.568,7681900,1.569,1611400
1763689525806,sz159920,09:45:24,1.565,2.973,42400,66356,1.565,1.564,12714400,1.563,10395900,1.562,11130000,1.561,2361700,1.560,2668100,1.565,1500000,1.566,13695000,1.567,9575500,1.568,7681900,1.569,1611400
1763689528898,sz159920,09:45:27,1.565,3.091,1300,2034,1.565,1.564,12712900,1.563,10402300,1.562,11130000,1.561,2361700,1.560,2668100,1.565,1495100,1.566,13695000,1.567,9575500,1.568,7681900,1.569,1611400
1763689531825,sz159920,09:45:30,1.565,2.928,38600,60388,1.5645,1.564,12692700,1.563,10402300,1.562,11130000,1.561,2361700,1.560,2668100,1.565,463700,1.566,13695000,1.567,9575500,1.568,7682300,1.569,1611400
1763689534886,sz159920,09:45:33,1.565,3.061,514100,804566,1.565,1.565,301200,1.564,12680900,1.563,10352300,1.562,11129900,1.561,2361700,1.566,13695000,1.567,9575500,1.568,7682300,1.569,1611400,1.570,1224500
1763689537834,sz159920,09:45:36,1.565,2.948,37600,58844,1.565,1.564,12103000,1.563,10367900,1.562,11129900,1.561,2361700,1.560,2668300,1.565,2297000,1.566,13650700,1.567,9174200,1.568,7682300,1.569,1611400
1763689540798,sz159920,09:45:39,1.565,2.964,37500,58687,1.565,1.564,12714300,1.563,10367900,1.562,11129900,1.561,2361700,1.560,2668800,1.565,1532500,1.566,13650400,1.567,9174200,1.568,7682300,1.569,1611400
1763689543835,sz159920,09:45:42,1.565,3.037,20000,31300,1.565,1.564,10415300,1.563,12667900,1.562,11129900,1.561,2361700,1.560,2664800,1.565,4697300,1.566,11357200,1.567,9174200,1.568,7682300,1.569,1611400
1763689546922,sz159920,09:45:45,1.565,3.087,0,0,1.565,1.564,12715300,1.563,10584500,1.562,11129900,1.561,2361700,1.560,2664800,1.565,2428000,1.566,13656200,1.567,9194500,1.568,7682300,1.569,1631400
1763689550312,sz159920,09:45:48,1.565,3.39,10800,16902,1.565,1.564,12715300,1.563,10585300,1.562,11129900,1.561,2361700,1.560,2664900,1.565,2632300,1.566,13676200,1.567,9194500,1.568,7682300,1.569,1631400
1763689553277,sz159920,09:45:51,1.564,2.965,44200,69135,1.5642,1.564,12091800,1.563,10585300,1.562,11130700,1.561,2361700,1.560,2664900,1.565,2635300,1.566,13636900,1.567,9194500,1.568,7682300,1.569,1631400
1763689556301,sz159920,09:45:54,1.565,3.024,100,156,1.565,1.564,12091800,1.563,10585300,1.562,11130700,1.561,2361700,1.560,2665400,1.565,2681200,1.566,13636900,1.567,9194500,1.568,7582300,1.569,1631400
1763689559426,sz159920,09:45:57,1.565,3.125,3600,5634,1.565,1.564,10378100,1.563,12885300,1.562,11130700,1.561,2361700,1.560,2665400,1.565,4986700,1.566,11336900,1.567,9194500,1.568,7582300,1.569,1631400
1763689561413,sz159920,09:46:00,1.565,1.987,3200,5008,1.565,1.564,420300,1.563,12887300,1.562,10130700,1.561,9361700,1.560,2663400,1.565,13328800,1.566,10957400,1.567,9065000,1.568,1582300,1.569,1381400
1763689564433,sz159920,09:46:03,1.565,3.02,0,0,1.565,1.564,10441700,1.563,12887300,1.562,11131700,1.561,2361700,1.560,2663400,1.565,3189800,1.566,13736800,1.567,9194400,1.568,7582300,1.569,1631400
1763689567441,sz159920,09:46:06,1.564,3.008,25000,39120,1.5648,1.564,417300,1.563,12887300,1.562,10131700,1.561,6361700,1.560,2663400,1.565,12850000,1.566,11057400,1.567,8815000,1.568,1582300,1.569,1631400
1763689570424,sz159920,09:46:09,1.564,2.983,0,0,1.564,1.564,9852700,1.563,12887300,1.562,10131700,1.561,2361700,1.560,2663400,1.565,7091000,1.566,11436900,1.567,9194500,1.568,7582300,1.569,1631400
1763689574520,sz159920,09:46:12,1.564,4.096,0,0,1.564,1.564,415800,1.563,12887300,1.562,10131700,1.561,9361700,1.560,2663400,1.565,13850000,1.566,11057400,1.567,8815000,1.568,1582300,1.569,1631400
1763689577416,sz159920,09:46:15,1.564,2.896,422100,660168,1.564,1.564,597700,1.563,12799900,1.562,10131700,1.561,9361700,1.560,2753400,1.565,14980300,1.566,11154800,1.567,8332000,1.568,1582300,1.569,1291400
1763689579641,sz159920,09:46:18,1.564,2.225,10000,15645,1.5646,1.564,893200,1.563,12801000,1.562,10131700,1.561,9361700,1.560,2753400,1.565,14975800,1.566,11154800,1.567,8332000,1.568,1582300,1.569,1291400
1763689583384,sz159920,09:46:21,1.564,3.743,121400,189869,1.564,1.564,213200,1.563,12846000,1.562,10131700,1.561,9361700,1.560,2753400,1.565,15065100,1.566,11154800,1.567,8332000,1.568,1582300,1.569,1291400
1763689585477,sz159920,09:46:24,1.564,2.093,0,0,1.564,1.564,277100,1.563,12846000,1.562,10131700,1.561,9361700,1.560,2753400,1.565,15075100,1.566,11154800,1.567,8332000,1.568,1582300,1.569,1291400
1763689588561,sz159920,09:46:24,1.564,3.084,0,0,1.564,1.564,277100,1.563,12846000,1.562,10131700,1.561,9361700,1.560,2753400,1.565,15075100,1.566,11154800,1.567,8332000,1.568,1582300,1.569,1291400
1763689588592,sz159920,09:46:27,1.564,0.031,21900,34251,1.564,1.564,191300,1.563,12846000,1.562,10131700,1.561,9361700,1.560,2753400,1.565,15040200,1.566,11154800,1.567,8332000,1.568,1582300,1.569,1274200
1763689591660,sz159920,09:46:30,1.564,3.068,179900,281363,1.564,1.564,4768700,1.563,12846000,1.562,10129700,1.561,5361700,1.560,2753400,1.565,14039100,1.566,11154700,1.567,8352100,1.568,1582300,1.569,1254200
1763689594394,sz159920,09:46:33,1.564,2.734,0,0,1.564,1.564,4769400,1.563,12846000,1.562,10129700,1.561,5361700,1.560,2753400,1.565,11063600,1.566,11154700,1.567,8337700,1.568,4582300,1.569,1254200
1763689598075,sz159920,09:46:36,1.564,3.681,4200,6568,1.564,1.564,12143500,1.563,10546000,1.562,11129700,1.561,2361700,1.560,2753400,1.565,4418400,1.566,13834300,1.567,8467200,1.568,7582300,1.569,1504200
1763689601043,sz159920,09:46:39,1.565,2.968,4200,6573,1.565,1.564,12143600,1.563,10551000,1.562,11129700,1.561,2361700,1.560,2753400,1.565,4414200,1.566,13829400,1.567,9200200,1.568,7582300,1.569,1504200
1763689604114,sz159920,09:46:42,1.565,3.071,0,0,1.565,1.564,4509200,1.563,12942000,1.562,10129700,1.561,5361700,1.560,2663400,1.565,11038000,1.566,11064900,1.567,8820700,1.568,4582300,1.569,1594200
1763689607007,sz159920,09:46:45,1.565,2.893,700,1095,1.565,1.564,12272700,1.563,10642000,1.562,11129700,1.561,2362200,1.560,2664100,1.565,4429300,1.566,13744100,1.567,9200100,1.568,7582300,1.569,1594200
1763689610025,sz159920,09:46:48,1.565,3.019,500,782,1.565,1.564,12272700,1.563,10642000,1.562,11129700,1.561,2362200,1.560,2671600,1.565,4428800,1.566,13744100,1.567,9200100,1.568,7582300,1.569,1594200
1763689612987,sz159920,09:46:51,1.565,2.962,82200,128564,1.564,1.564,6308000,1.563,12852000,1.562,10129700,1.561,2362200,1.560,2761600,1.565,7687000,1.566,11576700,1.567,8820700,1.568,7582300,1.569,1504200
1763689616072,sz159920,09:46:54,1.565,3.085,0,0,1.565,1.564,9380500,1.563,12942000,1.562,10129700,1.561,2362200,1.560,2676600,1.565,6721200,1.566,11486500,1.567,9200100,1.568,7582300,1.569,1594200
1763689619058,sz159920,09:46:57,1.565,2.986,2898600,4536309,1.565,1.565,8871500,1.564,12274400,1.563,10639400,1.562,3396700,1.561,2362200,1.566,6030300,1.567,9579700,1.568,7711800,1.569,7594200,1.570,1487900
1763689622034,sz159920,09:47:00,1.565,2.976,40900,64008,1.565,1.565,940600,1.564,12288000,1.563,10625800,1.562,10396700,1.561,2362200,1.566,12789700,1.567,9200400,1.568,7918600,1.569,1594200,1.570,1487900
1763689625108,sz159920,09:47:03,1.565,3.075,10100,15806,1.565,1.565,4974200,1.564,12338000,1.563,10625800,1.562,6396700,1.561,2501200,1.566,12792100,1.567,9206900,1.568,7918600,1.569,1556100,1.570,1487900
1763689628082,sz159920,09:47:06,1.565,2.974,20000,31300,1.565,1.565,12342100,1.564,10070000,1.563,11618800,1.562,2810400,1.561,2501200,1.566,3141500,1.567,12287800,1.568,9031200,1.569,7556100,1.570,1487900
1763689631092,sz159920,09:47:09,1.566,3.01,1546000,2421036,1.566,1.566,4402700,1.565,12375400,1.564,10170600,1.563,10299500,1.562,2370300,1.567,10441200,1.568,9414800,1.569,8272400,1.570,1577900,1.571,1321200
1763689633607,sz159920,09:47:12,1.566,2.515,107300,168035,1.566,1.566,11885600,1.565,12389000,1.564,11167000,1.563,3299500,1.562,2370300,1.567,3851000,1.568,9816100,1.569,9005400,1.570,7577900,1.571,1321200
1763689636675,sz159920,09:47:15,1.567,3.068,2000,3133,1.5665,1.566,14184600,1.565,10089000,1.564,11167000,1.563,3299500,1.562,2370300,1.567,1311100,1.568,12116100,1.569,9005400,1.570,7577900,1.571,1321200
1763689639557,sz159920,09:47:18,1.567,2.882,1048700,1642360,1.5661,1.566,6345800,1.565,12410000,1.564,11269000,1.563,7299500,1.562,2370300,1.567,7098100,1.568,9816100,1.569,9005400,1.570,4577900,1.571,1321200
1763689642611,sz159920,09:47:21,1.566,3.054,151300,236996,1.5664,1.565,12422700,1.564,10269000,1.563,10082200,1.562,2371600,1.561,2411200,1.566,25300,1.567,10835800,1.568,9436100,1.569,8626100,1.570,1577900
1763689645483,sz159920,09:47:24,1.566,2.872,102800,160954,1.5657,1.565,12372700,1.564,10274000,1.563,10082200,1.562,2371600,1.561,2411200,1.566,54500,1.567,10818100,1.568,9670000,1.569,8626100,1.570,1577900
1763689648585,sz159920,09:47:27,1.566,3.102,10200,15973,1.566,1.565,12374900,1.564,10284000,1.563,10082200,1.562,2371600,1.561,2411200,1.566,47700,1.567,11818100,1.568,9676600,1.569,8626100,1.570,1653300
1763689652446,sz159920,09:47:30,1.566,3.861,184100,288126,1.5651,1.565,9929400,1.564,12800900,1.563,10054300,1.562,2371600,1.561,2411200,1.566,3452700,1.567,9521000,1.568,9275300,1.569,8143100,1.570,1653300
1763689655383,sz159920,09:47:33,1.566,2.937,10800,16912,1.566,1.565,12229400,1.564,10501100,1.563,10054300,1.562,2371600,1.561,2411200,1.566,645000,1.567,11821000,1.568,9275300,1.569,8160300,1.570,1653300
1763689658391,sz159920,09:47:36,1.565,3.008,3500,5477,1.565,1.565,12225900,1.564,10501100,1.563,10054300,1.562,2371600,1.561,2411200,1.566,345000,1.567,11831000,1.568,9277300,1.569,8160300,1.570,1653300
1763689660113,sz159920,09:47:36,1.565,1.722,0,0,1.565,1.565,12225900,1.564,10501100,1.563,10054300,1.562,2371600,1.561,2411200,1.566,345000,1.567,11831000,1.568,9277300,1.569,8160300,1.570,1653300
1763689661662,sz159920,09:47:39,1.566,1.549,27600,43221,1.566,1.566,556800,1.565,12226400,1.564,11501100,1.563,10054300,1.562,2371600,1.567,10831900,1.568,9277200,1.569,7910300,1.570,1653800,1.571,1321200
1763689663404,sz159920,09:47:42,1.566,1.742,0,0,1.566,1.566,5045500,1.565,12229700,1.564,11510600,1.563,7063400,1.562,2371600,1.567,7452000,1.568,9657100,1.569,7910300,1.570,1653800,1.571,1321200
1763689667367,sz159920,09:47:45,1.567,3.963,32100,50298,1.5669,1.566,9046500,1.565,12229700,1.564,11520600,1.563,3063400,1.562,2371600,1.567,3455500,1.568,9657100,1.569,8290300,1.570,7653800,1.571,1321200
1763689670363,sz159920,09:47:48,1.566,2.996,10000,15660,1.566,1.566,9622800,1.565,12327600,1.564,11540900,1.563,3095400,1.562,2281600,1.567,3526400,1.568,9584500,1.569,9023300,1.570,7653800,1.571,1411200
1763689673360,sz159920,09:47:51,1.567,2.998,600,940,1.567,1.566,11923800,1.565,10025400,1.564,11540900,1.563,3095400,1.562,2281600,1.567,467500,1.568,12285800,1.569,9026300,1.570,7653700,1.571,1411200
1763689675870,sz159920,09:47:54,1.567,2.51,175700,275261,1.5667,1.567,1126700,1.566,11866500,1.565,10009200,1.564,10807900,1.563,2595400,1.568,11288700,1.569,9026500,1.570,7403700,1.571,1411200,1.572,1335400
1763689678991,sz159920,09:47:57,1.567,3.121,732600,1147984,1.567,1.567,380700,1.566,11866600,1.565,9980500,1.564,10803900,1.563,2595400,1.568,11524500,1.569,9406700,1.570,7406700,1.571,1411200,1.572,1335400
1763689682448,sz159920,09:48:00,1.567,3.457,1086900,1702173,1.5661,1.566,11187000,1.565,9988100,1.564,11576100,1.563,2595400,1.562,2281600,1.567,2468200,1.568,12288700,1.569,9406500,1.570,7656700,1.571,1414200
1763689684403,sz159920,09:48:03,1.567,1.956,83100,130217,1.567,1.566,11422500,1.565,9988100,1.564,11579500,1.563,2595400,1.562,2281600,1.567,2385900,1.568,12288700,1.569,9406500,1.570,7656700,1.571,1414200
1763689688491,sz159920,09:48:06,1.567,4.087,5700,8931,1.567,1.566,5163600,1.565,12288100,1.564,11599500,1.563,2595400,1.562,2281600,1.567,5448600,1.568,9988700,1.569,9406400,1.570,7636400,1.571,1414200
1763689690922,sz159920,09:48:09,1.567,2.432,6400,10028,1.567,1.566,10464000,1.565,9988100,1.564,11599500,1.563,2595400,1.562,2281600,1.567,4171800,1.568,12288700,1.569,9406400,1.570,7636400,1.571,1414200
1763689693983,sz159920,09:48:12,1.566,3.06,342400,536201,1.566,1.565,12762300,1.564,10599500,1.563,9595400,1.562,2281600,1.561,2413200,1.567,13545700,1.568,9986100,1.569,8673400,1.570,1636400,1.571,1414200
1763689697241,sz159920,09:48:15,1.566,3.258,100,156,1.566,1.565,12176000,1.564,10599500,1.563,10181700,1.562,2281600,1.561,2413200,1.566,1268400,1.567,13080100,1.568,9986100,1.569,8673400,1.570,1636400
1763689700062,sz159920,09:48:18,1.566,2.821,134500,210736,1.5668,1.565,12777300,1.564,10619500,1.563,10181700,1.562,2281600,1.561,2413200,1.566,707900,1.567,12970700,1.568,9954100,1.569,8673400,1.570,1636400
1763689703019,sz159920,09:48:21,1.566,2.958,62500,97875,1.566,1.565,12777300,1.564,10624500,1.563,10181700,1.562,2281600,1.561,2413200,1.566,773000,1.567,13003100,1.568,9954100,1.569,8673400,1.570,1636400
1763689706085,sz159920,09:48:24,1.567,3.066,1012000,1583808,1.565,1.565,11699800,1.564,10524500,1.563,10181700,1.562,2281600,1.561,2413200,1.567,9472700,1.568,9954100,1.569,8673800,1.570,4636400,1.571,1414200
1763689709176,sz159920,09:48:27,1.566,3.09,1325500,2075733,1.566,1.566,145000,1.565,11709800,1.564,10550900,1.563,10182700,1.562,2281600,1.567,12011100,1.568,9954100,1.569,8673300,1.570,1636400,1.571,1414200
1763689712181,sz159920,09:48:30,1.567,3.006,13000,20359,1.5661,1.566,17700,1.565,11619800,1.564,10550900,1.563,10176300,1.562,2371600,1.567,12010100,1.568,10044100,1.569,8673300,1.570,1636400,1.571,1324200
1763689715200,sz159920,09:48:33,1.566,3.019,46400,72666,1.5661,1.566,3039200,1.565,11619800,1.564,10550900,1.563,7176300,1.562,2391600,1.567,9006300,1.568,10044100,1.569,8597300,1.570,1636400,1.571,1324200
1763689718179,sz159920,09:48:36,1.565,2.979,31400,49171,1.566,1.565,11017900,1.564,10550900,1.563,10176300,1.562,2391600,1.561,2413200,1.566,1112300,1.567,13675400,1.568,10050900,1.569,7881400,1.570,1636400
1763689721185,sz159920,09:48:39,1.566,3.005,31200,48859,1.566,1.565,11604300,1.564,10540900,1.563,10176300,1.562,2391600,1.561,2413200,1.566,814000,1.567,13695400,1.568,10050900,1.569,8010000,1.570,1636400
1763689724229,sz159920,09:48:42,1.566,3.044,0,0,1.566,1.565,115700,1.564,12830400,1.563,10978300,1.562,6391600,1.561,2413200,1.566,5345200,1.567,13694900,1.568,9649400,1.569,4500400,1.570,1636400
1763689727216,sz159920,09:48:45,1.565,2.987,2100,3288,1.566,1.565,7105400,1.564,12841700,1.563,9978300,1.562,2391600,1.561,2413200,1.566,4779200,1.567,11394900,1.568,9649400,1.569,7500400,1.570,1636400
1763689730202,sz159920,09:48:48,1.565,2.986,0,0,1.565,1.565,11292200,1.564,10758200,1.563,10978300,1.562,2391600,1.561,2413200,1.566,2517000,1.567,13694900,1.568,9649400,1.569,7500400,1.570,1640400
1763689733232,sz159920,09:48:51,1.565,3.03,0,0,1.565,1.565,11295500,1.564,10758200,1.563,10978300,1.562,2391600,1.561,2413200,1.566,1608500,1.567,13694900,1.568,9649400,1.569,7880200,1.570,1565000
1763689739549,sz159920,09:48:57,1.565,6.317,500,782,1.565,1.565,10402400,1.564,10758700,1.563,10978300,1.562,2391600,1.561,2413200,1.566,2564400,1.567,13980500,1.568,9649400,1.569,7500400,1.570,1575000
1763689742202,sz159920,09:49:00,1.565,2.653,8200,12833,1.565,1.565,714400,1.564,13058700,1.563,9978300,1.562,9391600,1.561,2413200,1.566,11869400,1.567,11680500,1.568,9649400,1.569,1500400,1.570,1575000
1763689745194,sz159920,09:49:03,1.565,2.992,63000,98595,1.565,1.565,11824000,1.564,10758400,1.563,10978300,1.562,2391600,1.561,2413200,1.566,1982600,1.567,13980500,1.568,9649400,1.569,7499700,1.570,1575000
1763689748202,sz159920,09:49:06,1.566,3.008,42100,65928,1.566,1.565,12410300,1.564,10758400,1.563,10979000,1.562,2391600,1.561,2413200,1.566,1007800,1.567,13994200,1.568,9635000,1.569,8259300,1.570,1575000
1763689751408,sz159920,09:49:09,1.566,3.206,138100,216155,1.5652,1.565,12310900,1.564,10761000,1.563,10979000,1.562,2391600,1.561,2413200,1.566,981700,1.567,13991700,1.568,9640000,1.569,8259300,1.570,1575000
1763689754436,sz159920,09:49:12,1.566,3.028,1800,2818,1.566,1.565,10968600,1.564,10761000,1.563,10979000,1.562,2391600,1.561,2413200,1.566,2775100,1.567,13991700,1.568,9641000,1.569,7499700,1.570,1575000
1763689757410,sz159920,09:49:15,1.565,2.975,8600,13464,1.5657,1.565,10965800,1.564,10761000,1.563,10979000,1.562,2391600,1.561,2413200,1.566,2903300,1.567,13992000,1.568,9641000,1.569,7499700,1.570,1575000
1763689760407,sz159920,09:49:18,1.566,2.997,38700,60604,1.566,1.565,12311700,1.564,10761000,1.563,10979000,1.562,2391600,1.561,2413200,1.566,1113600,1.567,13992000,1.568,9641000,1.569,8259300,1.570,1575000
1763689762404,sz159920,09:49:21,1.566,1.996,0,0,1.566,1.565,12317200,1.564,10761300,1.563,10979000,1.562,2391600,1.561,2413200,1.566,380600,1.567,13992000,1.568,9641000,1.569,8259500,1.570,1575000
1763689766428,sz159920,09:49:24,1.566,4.025,400600,627339,1.566,1.566,6070000,1.565,12320800,1.564,11758700,1.563,6979200,1.562,2391600,1.567,12994600,1.568,9641000,1.569,8009500,1.570,1575000,1.571,1324200
1763689769420,sz159920,09:49:27,1.566,2.992,0,0,1.566,1.566,6070000,1.565,12337300,1.564,11749200,1.563,4800100,1.562,2391600,1.567,6995800,1.568,9641100,1.569,8009500,1.570,7575000,1.571,1324200
1763689772461,sz159920,09:49:30,1.566,3.041,98000,153469,1.566,1.565,12337300,1.564,10749200,1.563,11800700,1.562,2391600,1.561,2413200,1.567,13999400,1.568,9634500,1.569,8009500,1.570,1617300,1.571,1324200
1763689774507,sz159920,09:49:33,1.566,2.046,6200,9709,1.566,1.566,3012800,1.565,12337300,1.564,11749200,1.563,8800700,1.562,2391600,1.567,9999400,1.568,9636500,1.569,8009500,1.570,1617300,1.571,1324200
1763689777596,sz159920,09:49:36,1.566,3.089,13100,20514,1.566,1.565,12347300,1.564,10749200,1.563,11800700,1.562,2391600,1.561,3234000,1.566,193200,1.567,13004400,1.568,9636500,1.569,8009500,1.570,1635400
1763689780700,sz159920,09:49:39,1.567,3.104,203500,318691,1.5661,1.566,5000000,1.565,12347300,1.564,11749200,1.563,8067700,1.562,2391600,1.567,10000700,1.568,9636500,1.569,8009500,1.570,1685400,1.571,1324200
1763689783616,sz159920,09:49:42,1.567,2.916,0,0,1.567,1.565,12347300,1.564,10749200,1.563,11067700,1.562,2391600,1.561,3234000,1.566,6700,1.567,13033700,1.568,9636500,1.569,8009500,1.570,1685400
1763689786645,sz159920,09:49:45,1.566,3.029,128800,201764,1.5665,1.566,11140600,1.565,10057400,1.564,11749200,1.563,4067700,1.562,2391600,1.567,4668900,1.568,11936500,1.569,8595800,1.570,7685400,1.571,1324200
1763689789620,sz159920,09:49:48,1.567,2.975,1000,1567,1.567,1.566,11141000,1.565,10058900,1.564,11749200,1.563,4067700,1.562,2391600,1.567,3702800,1.568,11936500,1.569,8595800,1.570,8065500,1.571,1324200
1763689792628,sz159920,09:49:51,1.567,3.008,0,0,1.567,1.566,11143500,1.565,10859000,1.564,11749200,1.563,4067700,1.562,2391600,1.567,4087100,1.568,11936500,1.569,8595800,1.570,7685400,1.571,1324200
1763689795678,sz159920,09:49:54,1.566,3.051,71100,111342,1.566,1.566,11663700,1.565,10860000,1.564,11749200,1.563,3481400,1.562,2301600,1.567,1981400,1.568,10846500,1.569,9328800,1.570,8445600,1.571,1324200
1763689798854,sz159920,09:49:57,1.566,3.176,98500,154251,1.566,1.566,11565200,1.565,10950000,1.564,11749200,1.563,3481400,1.562,2301600,1.567,1981400,1.568,12108100,1.569,9329000,1.570,8445600,1.571,1414200
1763689801845,sz159920,09:50:00,1.567,2.991,200,313,1.567,1.566,11565200,1.565,11506600,1.564,11749200,1.563,3481400,1.562,2301600,1.567,2481500,1.568,11122500,1.569,9329000,1.570,8445600,1.571,1414200
1763689805327,sz159920,09:50:03,1.566,3.482,2600,4073,1.5666,1.566,11564100,1.565,11506600,1.564,11749200,1.563,3481500,1.562,2301600,1.567,3203000,1.568,12122500,1.569,9329000,1.570,8445600,1.571,1414200
1763689807164,sz159920,09:50:03,1.566,1.837,0,0,1.566,1.566,11564100,1.565,11506600,1.564,11749200,1.563,3481500,1.562,2301600,1.567,3203000,1.568,12122500,1.569,9329000,1.570,8445600,1.571,1414200
1763689807408,sz159920,09:50:06,1.567,0.244,30800,48260,1.5669,1.566,7300,1.565,13806600,1.564,10744200,1.563,10481700,1.562,2301600,1.567,12816700,1.568,9822600,1.569,9329000,1.570,1685400,1.571,1414200
1763689810570,sz159920,09:50:09,1.567,3.162,9600,15043,1.567,1.566,12266600,1.565,11511600,1.564,11591700,1.563,3481700,1.562,2301600,1.567,3160700,1.568,12122600,1.569,9392800,1.570,8445400,1.571,1414200
1763689813616,sz159920,09:50:12,1.567,3.046,6600,10342,1.567,1.566,12267400,1.565,11514000,1.564,11591700,1.563,3481700,1.562,2301600,1.567,3914300,1.568,12122600,1.569,9392800,1.570,7685400,1.571,1414200
1763689817117,sz159920,09:50:15,1.567,3.501,1510600,2367110,1.567,1.566,12271000,1.565,11523100,1.564,11591700,1.563,3481000,1.562,2301600,1.567,1242200,1.568,12125200,1.569,9393500,1.570,8195600,1.571,1414200
1763689820121,sz159920,09:50:18,1.567,3.004,2300,3604,1.567,1.567,9373400,1.566,9983800,1.565,12744400,1.564,3272400,1.563,3481000,1.568,2826100,1.569,9794800,1.570,9527600,1.571,4164200,1.572,1338400
1763689823146,sz159920,09:50:21,1.567,3.025,1100,1724,1.5679,1.567,11673300,1.566,10482800,1.565,12807400,1.564,3208400,1.563,3481000,1.568,2358500,1.569,12031000,1.570,9591300,1.571,7544500,1.572,1338400
1763689826116,sz159920,09:50:24,1.567,2.97,200,313,1.567,1.566,12782800,1.565,11807400,1.564,7208400,1.563,3391000,1.562,2301700,1.567,36300,1.568,11784800,1.569,9641000,1.570,9591300,1.571,1414200
1763689829102,sz159920,09:50:27,1.568,2.986,38400,60174,1.5671,1.566,12872800,1.565,11526100,1.564,10272400,1.563,3391000,1.562,2301900,1.568,11543900,1.569,9704800,1.570,9527500,1.571,1414200,1.572,1428400
1763689832158,sz159920,09:50:30,1.568,3.056,7100,11131,1.5678,1.567,4613200,1.566,12947200,1.565,12529100,1.564,7272400,1.563,3391000,1.568,6244500,1.569,11941000,1.570,9591300,1.571,4414200,1.572,1428400
1763689835111,sz159920,09:50:33,1.567,2.954,13400,20998,1.567,1.567,10700,1.566,12949400,1.565,11593100,1.564,10208400,1.563,3391000,1.568,11544000,1.569,9641000,1.570,9591300,1.571,1414200,1.572,1428400
1763689838096,sz159920,09:50:36,1.568,2.985,1000,1568,1.568,1.567,6996400,1.566,10649400,1.565,12593100,1.564,7208400,1.563,3391000,1.568,6243100,1.569,12199900,1.570,9591300,1.571,4164200,1.572,1428400
1763689841168,sz159920,09:50:39,1.568,3.072,73100,114571,1.5673,1.567,11698900,1.566,10649700,1.565,12593100,1.564,3209400,1.563,3391000,1.568,2618000,1.569,12214800,1.570,9591300,1.571,7414200,1.572,1428400
1763689843625,sz159920,09:50:42,1.568,2.456,20000,31360,1.568,1.567,563600,1.566,12960700,1.565,12593100,1.564,10209400,1.563,3391000,1.568,8496400,1.569,9914800,1.570,9591300,1.571,1414200,1.572,1428400
1763689847207,sz159920,09:50:45,1.568,3.582,100300,157270,1.568,1.567,563600,1.566,12960700,1.565,12593100,1.564,10209400,1.563,3391000,1.568,11434700,1.569,9914800,1.570,9591300,1.571,1414200,1.572,1428400
1763689849565,sz159920,09:50:48,1.568,2.358,103200,161817,1.568,1.567,12421700,1.566,10703900,1.565,12593700,1.564,3206200,1.563,3351000,1.568,5445200,1.569,12214800,1.570,9604500,1.571,4454200,1.572,1428400
1763689852567,sz159920,09:50:51,1.568,3.002,11400,17875,1.568,1.567,4775100,1.566,13003900,1.565,12593700,1.564,7204200,1.563,3351000,1.568,8320100,1.569,9914800,1.570,9604500,1.571,4454200,1.572,1428400
1763689855970,sz159920,09:50:54,1.568,3.403,55400,86867,1.568,1.567,153700,1.566,13111300,1.565,11598700,1.564,10206800,1.563,3351000,1.568,11264700,1.569,9914800,1.570,9854500,1.571,1454200,1.572,1178400
1763689858982,sz159920,09:50:57,1.567,3.012,155800,244140,1.567,1.566,13021300,1.565,11598700,1.564,10206800,1.563,3441000,1.562,2306900,1.567,563900,1.568,12263300,1.569,10004800,1.570,9067400,1.571,1454200
1763689861998,sz159920,09:51:00,1.567,3.016,123000,192741,1.567,1.566,13021300,1.565,11534700,1.564,10270800,1.563,3441000,1.562,2306900,1.568,12263500,1.569,10068600,1.570,9003600,1.571,1454200,1.572,1088400
1763689865027,sz159920,09:51:03,1.567,3.029,2600,4074,1.567,1.567,7766900,1.566,10721300,1.565,12534700,1.564,7270800,1.563,3441000,1.568,5967500,1.569,12305800,1.570,8817400,1.571,4454200,1.572,1338400
1763689867997,sz159920,09:51:06,1.568,2.97,60100,94236,1.568,1.567,3599500,1.566,13021300,1.565,12608700,1.564,7206800,1.563,3441000,1.568,8222200,1.569,10005800,1.570,8817400,1.571,4454200,1.572,1338400
1763689870965,sz159920,09:51:09,1.568,2.968,200,313,1.5675,1.567,3606100,1.566,13111300,1.565,12608700,1.564,7206800,1.563,3351000,1.568,8222200,1.569,9915800,1.570,9550600,1.571,4454200,1.572,1428400
1763689874038,sz159920,09:51:12,1.568,3.073,95200,149182,1.567,1.567,63900,1.566,13021300,1.565,12608700,1.564,10207800,1.563,3351000,1.568,11289200,1.569,9915800,1.570,9550600,1.571,1454200,1.572,1338400
1763689877008,sz159920,09:51:15,1.567,2.97,1900,2977,1.567,1.567,1100,1.566,13111300,1.565,11608700,1.564,10207800,1.563,3351000,1.568,11327900,1.569,9915800,1.570,9550600,1.571,1454200,1.572,1428400
1763689881460,sz159920,09:51:18,1.567,4.452,2600,4074,1.5672,1.566,13021300,1.565,11608700,1.564,10794100,1.563,3431900,1.562,2312200,1.567,1920700,1.568,12427500,1.569,10008900,1.570,8687300,1.571,1454200
1763689883212,sz159920,09:51:21,1.567,1.751,52400,82110,1.567,1.566,6135000,1.565,13849700,1.564,10858100,1.563,7431900,1.562,2312200,1.567,8154700,1.568,10290800,1.569,9671400,1.570,4663100,1.571,1435300
1763689886223,sz159920,09:51:24,1.567,3.011,0,0,1.567,1.566,8385000,1.565,11549700,1.564,10858100,1.563,7431900,1.562,2312200,1.567,5855700,1.568,12590800,1.569,9671400,1.570,4413100,1.571,1185300
1763689889180,sz159920,09:51:27,1.567,2.957,5100,7991,1.567,1.566,12971100,1.565,11599700,1.564,11641100,1.563,3431900,1.562,2315200,1.567,611000,1.568,12545000,1.569,9721400,1.570,8413100,1.571,1435300
1763689892214,sz159920,09:51:30,1.567,3.034,44300,69418,1.567,1.566,13021100,1.565,11599700,1.564,11591100,1.563,3431900,1.562,2315200,1.567,1363600,1.568,12545400,1.569,9721400,1.570,8413500,1.571,1435300
1763689895242,sz159920,09:51:33,1.567,3.028,0,0,1.567,1.566,13027400,1.565,11599700,1.564,11601100,1.563,3431900,1.562,2315200,1.567,155600,1.568,11545400,1.569,9721300,1.570,8413300,1.571,1435300
1763689897844,sz159920,09:51:36,1.567,2.602,100,156,1.567,1.566,13076300,1.565,11599700,1.564,11601100,1.563,3431900,1.562,2315200,1.567,1768600,1.568,12545400,1.569,9721300,1.570,8033200,1.571,1435300
1763689901403,sz159920,09:51:39,1.567,3.559,3200,5011,1.5661,1.566,13023300,1.565,11599700,1.564,11651100,1.563,3431900,1.562,2315200,1.567,1768400,1.568,12545400,1.569,9721300,1.570,8033200,1.571,1435400
1763689903936,sz159920,09:51:42,1.567,2.532,77200,120895,1.566,1.566,7649900,1.565,11599700,1.564,11601100,1.563,7431900,1.562,2315200,1.567,5772800,1.568,12468100,1.569,9721300,1.570,4653100,1.571,1435400
1763689907005,sz159920,09:51:45,1.567,3.07,57000,89319,1.567,1.566,8996200,1.565,11599700,1.564,11601100,1.563,7431900,1.562,2315200,1.567,5135600,1.568,12468100,1.569,9721300,1.570,4653100,1.571,1435400
1763689909848,sz159920,09:51:48,1.567,2.843,20000,31340,1.567,1.566,8994200,1.565,7599700,1.564,7601100,1.563,3431900,1.562,2315200,1.567,1735600,1.568,9478100,1.569,6482400,1.570,5033200,1.571,1435400
1763689912852,sz159920,09:51:51,1.567,3.004,1600,2507,1.567,1.566,8975100,1.565,7599700,1.564,7651100,1.563,3386900,1.562,2315200,1.567,1734000,1.568,9480100,1.569,6482400,1.570,5033200,1.571,1435400
1763689915910,sz159920,09:51:54,1.567,3.058,75700,118568,1.5663,1.566,8472300,1.565,7599700,1.564,7601100,1.563,3386900,1.562,2315200,1.567,109000,1.568,9480100,1.569,6482400,1.570,5413300,1.571,1435400
1763689918981,sz159920,09:51:57,1.567,3.071,125600,196692,1.566,1.566,8368800,1.565,7599700,1.564,7600100,1.563,3386900,1.562,2315200,1.567,113500,1.568,9719000,1.569,6484400,1.570,5413300,1.571,1435400
1763689921859,sz159920,09:52:00,1.567,2.878,3377100,5291915,1.567,1.566,12370800,1.565,11599700,1.564,11600100,1.563,3386900,1.562,2315200,1.567,500000,1.568,11449600,1.569,9484400,1.570,8033200,1.571,1435400
1763689925327,sz159920,09:52:03,1.566,3.468,3800,5950,1.566,1.566,12367000,1.565,11600400,1.564,11600100,1.563,3386900,1.562,2312200,1.567,100,1.568,11554200,1.569,9494400,1.570,8033200,1.571,1435400
1763689927375,sz159920,09:52:06,1.567,2.048,39100,61269,1.567,1.566,10069900,1.565,13900400,1.564,11600100,1.563,3329400,1.562,2312200,1.567,3874100,1.568,9273700,1.569,9494600,1.570,7655100,1.571,1435400
1763689930344,sz159920,09:52:09,1.567,2.97,600,940,1.567,1.566,12369900,1.565,11600400,1.564,11600100,1.563,3329400,1.562,2312200,1.567,169600,1.568,11573700,1.569,9494600,1.570,8035100,1.571,1435400
1763689934440,sz159920,09:52:12,1.567,4.095,207900,325779,1.567,1.567,1754100,1.566,12375400,1.565,11602400,1.564,10867100,1.563,3329400,1.568,10573700,1.569,9494600,1.570,8621400,1.571,1435400,1.572,1088400
1763689937355,sz159920,09:52:15,1.567,2.915,87000,136329,1.567,1.566,12377600,1.565,11661400,1.564,10803100,1.563,3329400,1.562,2312200,1.567,1053700,1.568,12745700,1.569,9430800,1.570,8685200,1.571,1435400
1763689939354,sz159920,09:52:18,1.567,1.999,3000,4701,1.567,1.566,12453900,1.565,11599400,1.564,10867300,1.563,3329400,1.562,2312200,1.567,1050700,1.568,12745700,1.569,9494600,1.570,8621400,1.571,1435400
1763689942426,sz159920,09:52:21,1.567,3.071,26300,41236,1.5679,1.566,12460200,1.565,11599400,1.564,10867300,1.563,3329400,1.562,2312200,1.567,65400,1.568,12720900,1.569,9494600,1.570,8621400,1.571,1435400
1763689945667,sz159920,09:52:24,1.567,3.241,13500,21154,1.567,1.566,12460200,1.565,11599400,1.564,10867300,1.563,3329400,1.562,2312200,1.567,295000,1.568,11720900,1.569,9494600,1.570,8621400,1.571,1435400
1763689948672,sz159920,09:52:27,1.566,3.006,5000,7830,1.566,1.566,12461500,1.565,11599400,1.564,10857300,1.563,3329400,1.562,2312200,1.567,295000,1.568,11557600,1.569,9494600,1.570,8621400,1.571,1435400
1763689951644,sz159920,09:52:30,1.567,2.971,298000,466966,1.567,1.567,13807600,1.566,10161500,1.565,12549400,1.564,3417600,1.563,3329400,1.568,5056800,1.569,11794600,1.570,8751800,1.571,4815600,1.572,1339400
1763689954704,sz159920,09:52:33,1.567,3.061,0,0,1.567,1.567,14393900,1.566,10161700,1.565,12613400,1.564,3353600,1.563,3329400,1.568,2056800,1.569,12027800,1.570,9548600,1.571,7815600,1.572,1339400
1763689957091,sz159920,09:52:33,1.567,2.387,0,0,1.567,1.567,14393900,1.566,10161700,1.565,12613400,1.564,3353600,1.563,3329400,1.568,2056800,1.569,12027800,1.570,9548600,1.571,7815600,1.572,1339400
1763689957684,sz159920,09:52:36,1.567,0.593,0,0,1.567,1.567,4507600,1.566,12532900,1.565,11613400,1.564,7353600,1.563,3329400,1.568,8706700,1.569,9430800,1.570,9168500,1.571,1435400,1.572,1339400
1763689960666,sz159920,09:52:39,1.567,2.981,500,783,1.567,1.567,4510100,1.566,12532900,1.565,12760000,1.564,10353600,1.563,3329400,1.568,11749200,1.569,9430900,1.570,9168400,1.571,1435400,1.572,1339400
1763689963669,sz159920,09:52:42,1.567,3.004,66900,104832,1.567,1.567,2382800,1.566,12532900,1.565,11760000,1.564,10353600,1.563,3329400,1.568,11749200,1.569,9430900,1.570,9168400,1.571,1435400,1.572,1339400
1763689966703,sz159920,09:52:45,1.568,3.033,500,784,1.568,1.567,453300,1.566,12622900,1.565,11760100,1.564,10353600,1.563,3239400,1.568,11759700,1.569,9340900,1.570,9168400,1.571,1435400,1.572,1429400
1763689969766,sz159920,09:52:48,1.567,3.063,63400,99347,1.567,1.566,12532900,1.565,11760100,1.564,10353600,1.563,3239400,1.562,2317200,1.567,3100,1.568,12759700,1.569,9340900,1.570,9168400,1.571,1435400
1763689972649,sz159920,09:52:51,1.567,2.882,50000,78350,1.567,1.566,12535900,1.565,11716100,1.564,10417600,1.563,3329400,1.562,2322200,1.568,12759700,1.569,9494700,1.570,9104600,1.571,1437400,1.572,1339400
1763689975660,sz159920,09:52:54,1.567,3.012,0,0,1.567,1.566,12551000,1.565,11716100,1.564,10417600,1.563,3329400,1.562,2322200,1.567,60000,1.568,12759700,1.569,9430900,1.570,8685400,1.571,1437400
1763689978649,sz159920,09:52:57,1.566,2.989,12700,19888,1.566,1.566,12546200,1.565,11716600,1.564,10417600,1.563,3329400,1.562,2322200,1.567,1639400,1.568,12613800,1.569,9495700,1.570,8579300,1.571,1427800
1763689981746,sz159920,09:53:00,1.567,3.097,239700,375609,1.567,1.566,2659900,1.565,14016600,1.564,10003900,1.563,7329400,1.562,2322200,1.567,8046200,1.568,10313800,1.569,9115500,1.570,1612800,1.571,1427800
1763689984818,sz159920,09:53:03,1.567,3.072,1000,1567,1.567,1.566,12547200,1.565,11716600,1.564,11003900,1.563,3329400,1.562,2322200,1.567,332600,1.568,12757200,1.569,9495400,1.570,8037500,1.571,1427800
1763689987686,sz159920,09:53:06,1.567,2.867,1300,2037,1.567,1.566,3122000,1.565,14016600,1.564,11003900,1.563,7329400,1.562,2322200,1.567,7844400,1.568,10457200,1.569,9495600,1.570,1647500,1.571,1428200
1763689990758,sz159920,09:53:09,1.567,3.072,22400,35100,1.567,1.566,5535600,1.565,14026600,1.564,11003900,1.563,7329400,1.562,2322200,1.567,7975300,1.568,10457200,1.569,9495400,1.570,4647500,1.571,1428200
1763689993682,sz159920,09:53:12,1.567,2.925,2300,3602,1.5661,1.566,12423900,1.565,11726600,1.564,11003900,1.563,3290300,1.562,2322200,1.567,1061900,1.568,12757200,1.569,9495400,1.570,8027500,1.571,1428200
1763689996697,sz159920,09:53:15,1.567,3.015,0,0,1.567,1.566,12423900,1.565,11726600,1.564,11003900,1.563,3290300,1.562,2322200,1.567,2294900,1.568,12758200,1.569,9495400,1.570,8027500,1.571,1428200
1763689999666,sz159920,09:53:18,1.567,2.969,13000,20371,1.567,1.566,12423900,1.565,11786600,1.564,11003900,1.563,3290300,1.562,2322200,1.567,785800,1.568,11758300,1.569,9495600,1.570,8027600,1.571,1428200
1763690002738,sz159920,09:53:21,1.567,3.072,793400,1243257,1.567,1.567,137000,1.566,12423900,1.565,11736600,1.564,11003900,1.563,3290300,1.568,12214900,1.569,9495600,1.570,7777600,1.571,1428200,1.572,1351400
1763690005708,sz159920,09:53:24,1.567,2.97,299600,469473,1.567,1.566,12423900,1.565,11800600,1.564,10939900,1.563,3290300,1.562,2322200,1.567,633700,1.568,12743300,1.569,9431800,1.570,8091400,1.571,1428200
1763690008678,sz159920,09:53:27,1.567,2.97,5000,7835,1.567,1.566,12425300,1.565,11736600,1.564,11003900,1.563,3290300,1.562,2322200,1.567,580000,1.568,12743300,1.569,9495600,1.570,8027600,1.571,1428200
1763690011727,sz159920,09:53:30,1.567,3.049,16100,25228,1.567,1.567,14000,1.566,12495300,1.565,11870600,1.564,11073900,1.563,3290300,1.568,12813300,1.569,9629400,1.570,8097600,1.571,1498200,1.572,1101400
1763690014720,sz159920,09:53:33,1.567,2.992,14000,21938,1.567,1.566,3159000,1.565,14170600,1.564,11074000,1.563,10360300,1.562,2322200,1.567,10999400,1.568,10597200,1.569,9121700,1.570,2046700,1.571,1428200
1763690017739,sz159920,09:53:36,1.567,3.02,800,1253,1.567,1.566,1237000,1.565,14157100,1.564,10871000,1.563,10360300,1.562,2322200,1.567,11998600,1.568,10597200,1.569,9185500,1.570,1982900,1.571,1428200
1763690020761,sz159920,09:53:39,1.567,3.021,42400,66403,1.5661,1.566,902600,1.565,14159700,1.564,10871000,1.563,10360300,1.562,2322200,1.567,12035300,1.568,10556600,1.569,9435500,1.570,1982900,1.571,1178200
1763690023646,sz159920,09:53:42,1.567,2.885,700,1096,1.567,1.566,905600,1.565,14059700,1.564,10871000,1.563,10360300,1.562,2322200,1.567,12062300,1.568,10556600,1.569,9435500,1.570,1982900,1.571,1088200
1763690026686,sz159920,09:53:45,1.566,3.04,905600,1418169,1.566,1.566,54100,1.565,14059700,1.564,10874200,1.563,10360300,1.562,2412200,1.567,12018500,1.568,10659800,1.569,8702500,1.570,1979700,1.571,1088200
1763690029774,sz159920,09:53:48,1.566,3.088,78100,122304,1.566,1.565,11759700,1.564,13174200,1.563,10986600,1.562,2482200,1.561,3277200,1.566,4596300,1.567,10119800,1.568,10555500,1.569,8322400,1.570,1644300
1763690032366,sz159920,09:53:48,1.566,2.592,0,0,1.566,1.565,11759700,1.564,13174200,1.563,10986600,1.562,2482200,1.561,3277200,1.566,4596300,1.567,10119800,1.568,10555500,1.569,8322400,1.570,1644300
1763690032743,sz159920,09:53:51,1.566,0.377,10000,15660,1.566,1.565,14111800,1.564,10810200,1.563,11050600,1.562,2482200,1.561,3277200,1.566,1971200,1.567,12426100,1.568,10621000,1.569,8052100,1.570,1644300
1763690035711,sz159920,09:53:54,1.566,2.968,0,0,1.566,1.565,14111800,1.564,11017900,1.563,11050600,1.562,2482200,1.561,3277200,1.566,1986500,1.567,12436100,1.568,10621000,1.569,8052100,1.570,1644300
1763690038704,sz159920,09:53:57,1.566,2.993,0,0,1.566,1.565,11225500,1.564,13317900,1.563,11050600,1.562,2482200,1.561,3277200,1.566,8054800,1.567,10135800,1.568,10002300,1.569,4672300,1.570,1645300
1763690041892,sz159920,09:54:00,1.566,3.188,0,0,1.566,1.565,3410900,1.564,13255900,1.563,10114700,1.562,6482200,1.561,3277200,1.566,8651700,1.567,10200000,1.568,9924000,1.569,4672300,1.570,1645300
1763690044927,sz159920,09:54:03,1.565,3.035,89700,140390,1.5651,1.565,1482100,1.564,13215900,1.563,10847700,1.562,9482200,1.561,3367200,1.566,12914300,1.567,10528900,1.568,10174000,1.569,1672300,1.570,1305300
1763690047967,sz159920,09:54:06,1.565,3.04,1486500,2326372,1.565,1.564,13228000,1.563,10950500,1.562,9068500,1.561,3437200,1.560,2884900,1.565,4374900,1.566,10775700,1.567,10137800,1.568,7772200,1.569,1601600
1763690050967,sz159920,09:54:09,1.565,3.0,0,0,1.565,1.564,12641700,1.563,10896500,1.562,10132700,1.561,3437200,1.560,2884900,1.565,2563000,1.566,13075600,1.567,9822300,1.568,7727600,1.569,1601600
1763690053941,sz159920,09:54:12,1.564,2.974,70000,109480,1.564,1.564,2083500,1.563,13185400,1.562,9929800,1.561,10437200,1.560,2884900,1.565,11449300,1.566,10769600,1.567,10008400,1.568,1727600,1.569,1351600
1763690056907,sz159920,09:54:15,1.565,2.967,14500,22680,1.5642,1.564,1329300,1.563,13095400,1.562,9929800,1.561,10437200,1.560,2994900,1.565,12447100,1.566,10861600,1.567,10014700,1.568,1727600,1.569,1261600
1763690059886,sz159920,09:54:18,1.565,2.979,50000,78250,1.565,1.564,693000,1.563,13095400,1.562,9929800,1.561,10437200,1.560,2994900,1.565,12397100,1.566,11450700,1.567,10014700,1.568,1727600,1.569,1261600
1763690062949,sz159920,09:54:21,1.564,3.063,30000,46920,1.564,1.564,464900,1.563,13104900,1.562,9929800,1.561,10437200,1.560,2994900,1.565,12397100,1.566,11450700,1.567,10014700,1.568,1727600,1.569,1261600
1763690065919,sz159920,09:54:24,1.564,2.97,33800,52867,1.5641,1.564,9940200,1.563,13169000,1.562,9865700,1.561,3437200,1.560,2997400,1.565,8383300,1.566,11376100,1.567,9828600,1.568,4747600,1.569,1511600
1763690068990,sz159920,09:54:27,1.564,3.071,10000,15640,1.564,1.564,988800,1.563,13104900,1.562,9931900,1.561,10437200,1.560,2997400,1.565,12383500,1.566,11437100,1.567,9764700,1.568,1775300,1.569,1511600
1763690071960,sz159920,09:54:30,1.565,2.97,177000,276835,1.564,1.564,1621800,1.563,13010900,1.562,9931900,1.561,10443200,1.560,2997400,1.565,11396500,1.566,11389600,1.567,9764700,1.568,1775300,1.569,1511600
1763690074890,sz159920,09:54:33,1.565,2.93,0,0,1.565,1.564,251900,1.563,13010900,1.562,9931900,1.561,10443200,1.560,3007400,1.565,12496500,1.566,11540200,1.567,9764700,1.568,1775300,1.569,1511600
1763690077871,sz159920,09:54:36,1.564,2.981,78800,123243,1.564,1.564,70200,1.563,13010900,1.562,9931900,1.561,10443200,1.560,3010100,1.565,12496500,1.566,11540200,1.567,10014700,1.568,1775300,1.569,1261600
1763690080846,sz159920,09:54:39,1.564,2.975,77300,120897,1.564,1.564,58800,1.563,13224700,1.562,10035100,1.561,10445300,1.560,3010500,1.565,12594100,1.566,11540800,1.567,9976000,1.568,1772100,1.569,1261600
1763690083941,sz159920,09:54:42,1.564,3.094,7400,11573,1.564,1.564,1354400,1.563,13224700,1.562,10035100,1.561,10445300,1.560,3020500,1.565,11647900,1.566,11540800,1.567,9726000,1.568,1772100,1.569,1511600
1763690087421,sz159920,09:54:45,1.565,3.481,11300,17680,1.5646,1.564,1412900,1.563,13224700,1.562,10035100,1.561,10445300,1.560,3022600,1.565,11640600,1.566,11540800,1.567,9726000,1.568,1777100,1.569,1511600
1763690089472,sz159920,09:54:48,1.564,2.051,66300,103693,1.564,1.564,595500,1.563,13284700,1.562,10045100,1.561,10445300,1.560,3012600,1.565,12770600,1.566,11540900,1.567,9726000,1.568,1776800,1.569,1511600
1763690092367,sz159920,09:54:51,1.564,2.894,33000,51612,1.564,1.564,1302500,1.563,13388700,1.562,10055100,1.561,10445300,1.560,3012600,1.565,12770600,1.566,11540900,1.567,9726000,1.568,1779300,1.569,1494400
1763690095413,sz159920,09:54:54,1.564,3.046,0,0,1.564,1.564,8751900,1.563,13836300,1.562,10055100,1.561,3445300,1.560,3012600,1.565,8809800,1.566,11538900,1.567,9736000,1.568,1779300,1.569,1494400
1763690098482,sz159920,09:54:57,1.564,3.069,150000,234600,1.564,1.564,1090100,1.563,13858700,1.562,10055100,1.561,10445300,1.560,3012600,1.565,12829000,1.566,11538900,1.567,9736000,1.568,1760100,1.569,1494400
1763690102405,sz159920,09:55:00,1.565,3.924,3800,5947,1.565,1.564,12848000,1.563,11622800,1.562,10458900,1.561,3445300,1.560,2925500,1.565,2563900,1.566,13684900,1.567,10179400,1.568,7760100,1.569,1494400
1763690105372,sz159920,09:55:03,1.565,2.967,6700,10485,1.565,1.564,12848000,1.563,11732800,1.562,11481000,1.561,3445200,1.560,2926500,1.565,1445000,1.566,13684900,1.567,10179400,1.568,8139600,1.569,1584400
1763690107197,sz159920,09:55:03,1.565,1.825,0,0,1.565,1.564,12848000,1.563,11732800,1.562,11481000,1.561,3445200,1.560,2926500,1.565,1445000,1.566,13684900,1.567,10179400,1.568,8139600,1.569,1584400
1763690107492,sz159920,09:55:06,1.565,0.295,18000,28170,1.565,1.564,12848000,1.563,11732800,1.562,11448900,1.561,3445200,1.560,2926500,1.565,2315200,1.566,13684900,1.567,10198500,1.568,8139600,1.569,1584400
1763690110973,sz159920,09:55:09,1.565,3.481,102600,160569,1.565,1.564,12848000,1.563,11758800,1.562,10981000,1.561,3445200,1.560,2926500,1.565,909600,1.566,13684900,1.567,10170800,1.568,8139600,1.569,1584400
1763690113913,sz159920,09:55:12,1.565,2.939,803200,1257008,1.565,1.565,14184300,1.564,11132000,1.563,12142100,1.562,2661700,1.561,3375200,1.566,1259200,1.567,12627300,1.568,9652700,1.569,8034100,1.570,1555300
1763690116901,sz159920,09:55:15,1.565,2.988,0,0,1.565,1.565,14651300,1.564,11222000,1.563,12206100,1.562,2597500,1.561,3285200,1.566,787900,1.567,12494700,1.568,9716500,1.569,8034100,1.570,1645300
1763690119875,sz159920,09:55:18,1.566,2.974,4200,6573,1.5651,1.565,14680600,1.564,11227100,1.563,12206100,1.562,2597500,1.561,3285200,1.566,787400,1.567,12525800,1.568,9716500,1.569,8034100,1.570,1645300
1763690122890,sz159920,09:55:21,1.566,3.016,1100,1722,1.566,1.565,14681600,1.564,11260100,1.563,12206100,1.562,2597500,1.561,3291200,1.566,786400,1.567,12545800,1.568,9710200,1.569,8034100,1.570,1645300
1763690125924,sz159920,09:55:24,1.566,3.034,0,0,1.566,1.565,14697500,1.564,11260100,1.563,12207200,1.562,2597500,1.561,3291200,1.566,792700,1.567,12545800,1.568,9710200,1.569,8034100,1.570,1645300
1763690128996,sz159920,09:55:27,1.566,3.072,0,0,1.566,1.565,14707500,1.564,11270100,1.563,12207200,1.562,2597500,1.561,3291200,1.566,792700,1.567,12545800,1.568,9710200,1.569,8034100,1.570,1645300
1763690131873,sz159920,09:55:30,1.565,2.877,8200,12833,1.565,1.565,14699600,1.564,11270100,1.563,12207200,1.562,2597500,1.561,3291200,1.566,786200,1.567,12549000,1.568,9710200,1.569,8034100,1.570,1645300
1763690134888,sz159920,09:55:33,1.566,3.016,739700,1158364,1.566,1.566,3733300,1.565,14746700,1.564,11230700,1.563,11474200,1.562,2524300,1.567,11557900,1.568,9713400,1.569,8034100,1.570,1715300,1.571,1049200
1763690137828,sz159920,09:55:36,1.566,2.939,0,0,1.566,1.566,50400,1.565,14746700,1.564,11304700,1.563,11410200,1.562,2529300,1.567,12560900,1.568,9649600,1.569,8419300,1.570,1715700,1.571,1299200
1763690140906,sz159920,09:55:39,1.567,3.078,600,940,1.567,1.566,5493100,1.565,14746700,1.564,12304700,1.563,7823900,1.562,2524300,1.567,11600500,1.568,9649600,1.569,8419700,1.570,1715700,1.571,1299200
1763690143891,sz159920,09:55:42,1.567,2.985,0,0,1.567,1.566,12379400,1.565,12520700,1.564,12240600,1.563,3823900,1.562,2524300,1.567,1209300,1.568,11885700,1.569,9596500,1.570,8095700,1.571,1299200
1763690146915,sz159920,09:55:45,1.567,3.024,10000,15670,1.567,1.566,12394600,1.565,12522900,1.564,12217900,1.563,3823900,1.562,2524300,1.567,4612400,1.568,9586100,1.569,9596600,1.570,7715700,1.571,1299200
1763690149988,sz159920,09:55:48,1.567,3.073,66800,104675,1.567,1.566,12395600,1.565,12612900,1.564,11750600,1.563,3823900,1.562,2434300,1.567,1132500,1.568,12197400,1.569,9596600,1.570,8095800,1.571,1389200
1763690152958,sz159920,09:55:51,1.567,2.97,0,0,1.567,1.566,12862300,1.565,13622300,1.564,11750600,1.563,3823900,1.562,2434300,1.567,419500,1.568,12217600,1.569,9596600,1.570,8095800,1.571,1389200
1763690155927,sz159920,09:55:54,1.567,2.97,13200,20684,1.567,1.566,12895600,1.565,13622300,1.564,11751600,1.563,3823900,1.562,2434300,1.567,410000,1.568,11217600,1.569,9596600,1.570,8095800,1.571,1389200
1763690158999,sz159920,09:55:57,1.566,3.071,13500,21149,1.5666,1.566,12890600,1.565,13622300,1.564,11756600,1.563,3823900,1.562,2434300,1.567,1129000,1.568,11217600,1.569,9596600,1.570,8149900,1.571,1389200
1763690161969,sz159920,09:56:00,1.566,2.97,50100,78456,1.566,1.566,1082000,1.565,15858300,1.564,10820700,1.563,10823900,1.562,2434300,1.567,11578600,1.568,9981600,1.569,9152700,1.570,1769800,1.571,1389200
1763690164938,sz159920,09:56:03,1.566,2.969,516900,809465,1.566,1.565,15504100,1.564,10820700,1.563,10823800,1.562,2594300,1.561,3356700,1.567,13191100,1.568,10121600,1.569,9402700,1.570,1769800,1.571,1049200
1763690168176,sz159920,09:56:06,1.566,3.238,300,469,1.566,1.565,12668300,1.564,13525800,1.563,11474100,1.562,2594300,1.561,3356700,1.566,5012700,1.567,11048700,1.568,9417600,1.569,7703300,1.570,1699800
1763690170914,sz159920,09:56:09,1.566,2.738,10000,15660,1.566,1.565,14968300,1.564,11258600,1.563,12207100,1.562,2594300,1.561,3356700,1.566,2155900,1.567,13348700,1.568,9481300,1.569,4639500,1.570,1699800
1763690174359,sz159920,09:56:12,1.566,3.445,6700,10492,1.566,1.565,15600900,1.564,11263600,1.563,12570600,1.562,2594300,1.561,3356700,1.566,1418200,1.567,13348700,1.568,9861100,1.569,8019400,1.570,1699800
1763690177305,sz159920,09:56:15,1.565,2.946,19300,30214,1.5655,1.565,13291600,1.564,13563600,1.563,12520600,1.562,2594300,1.561,3356700,1.566,3708200,1.567,10994800,1.568,9891300,1.569,8019400,1.570,1699800
1763690181396,sz159920,09:56:18,1.565,4.091,0,0,1.565,1.565,12705800,1.564,13564100,1.563,12520600,1.562,2594300,1.561,3376700,1.566,4468000,1.567,10994800,1.568,9511400,1.569,7639500,1.570,1699800
1763690182361,sz159920,09:56:21,1.566,0.965,2000,3132,1.566,1.565,15592100,1.564,11368000,1.563,12520600,1.562,2594300,1.561,3376700,1.566,155100,1.567,13294800,1.568,10095400,1.569,8019400,1.570,1699800
1763690186341,sz159920,09:56:24,1.565,3.98,2500,3912,1.565,1.565,15589600,1.564,11363000,1.563,12085600,1.562,2594300,1.561,3376700,1.566,169800,1.567,13294800,1.568,10095400,1.569,8019400,1.570,1699800
1763690189340,sz159920,09:56:27,1.566,2.999,1000,1566,1.566,1.565,15589600,1.564,11363000,1.563,12520600,1.562,2594300,1.561,3376700,1.566,1471800,1.567,13294800,1.568,10100100,1.569,8019400,1.570,1699800
1763690192381,sz159920,09:56:30,1.566,3.041,60100,94078,1.5654,1.565,15638300,1.564,11463000,1.563,12520600,1.562,2594300,1.561,3376700,1.566,167000,1.567,13462800,1.568,10200100,1.569,8119400,1.570,1699800
1763690195331,sz159920,09:56:33,1.566,2.95,0,0,1.566,1.565,16105200,1.564,11463000,1.563,12054100,1.562,2594300,1.561,3376700,1.566,120100,1.567,13462800,1.568,10200100,1.569,8119400,1.570,1701100
1763690198320,sz159920,09:56:36,1.566,2.989,0,0,1.566,1.565,16138300,1.564,11466000,1.563,12054100,1.562,2594300,1.561,3376700,1.566,184000,1.567,13462800,1.568,10200100,1.569,8099400,1.570,1701100
1763690201307,sz159920,09:56:39,1.566,2.987,171000,267741,1.5657,1.565,10208000,1.564,13766000,1.563,11054100,1.562,5594300,1.561,3376700,1.566,4456800,1.567,11123400,1.568,9820100,1.569,4719500,1.570,1701100
1763690203323,sz159920,09:56:42,1.566,2.016,500,783,1.566,1.565,13220800,1.564,13766000,1.563,12054100,1.562,2594300,1.561,3376700,1.566,5043600,1.567,11123400,1.568,9833600,1.569,7719500,1.570,1701100
1763690207351,sz159920,09:56:45,1.566,4.027,0,0,1.566,1.565,4735200,1.564,13701900,1.563,11118200,1.562,9594300,1.561,3376700,1.566,11043600,1.567,11187300,1.568,9769700,1.569,1719500,1.570,1701100
1763690210403,sz159920,09:56:48,1.566,3.052,100,156,1.566,1.565,5892200,1.564,13701900,1.563,11218200,1.562,9594300,1.561,3376700,1.566,11043500,1.567,11287300,1.568,9769700,1.569,1619500,1.570,1701100
1763690212493,sz159920,09:56:51,1.566,2.089,269100,421156,1.5651,1.565,13224700,1.564,13766000,1.563,11154100,1.562,2594300,1.561,3376700,1.566,4063900,1.567,11223400,1.568,10232500,1.569,7619500,1.570,1739200
1763690215537,sz159920,09:56:54,1.566,3.044,0,0,1.566,1.565,12638400,1.564,13766000,1.563,12229200,1.562,2594300,1.561,3376700,1.566,4443800,1.567,11223400,1.568,9852800,1.569,7619500,1.570,1739200
1763690218595,sz159920,09:56:57,1.565,3.058,9200,14398,1.565,1.565,7856800,1.564,13766000,1.563,11293300,1.562,6594300,1.561,3376700,1.566,8030100,1.567,11292800,1.568,9852800,1.569,4619500,1.570,1739200
1763690221513,sz159920,09:57:00,1.566,2.918,2100,3288,1.5658,1.565,3743500,1.564,13701900,1.563,11293300,1.562,6722100,1.561,3377200,1.566,11028500,1.567,11292800,1.568,9787900,1.569,1619500,1.570,1739200
1763690224515,sz159920,09:57:03,1.566,3.002,2000,3132,1.566,1.565,3243800,1.564,13612400,1.563,11293300,1.562,9722100,1.561,3467200,1.566,12086500,1.567,11382800,1.568,9787900,1.569,1619500,1.570,1649200
1763690227709,sz159920,09:57:06,1.566,3.194,100,156,1.566,1.565,1787000,1.564,13612400,1.563,11760800,1.562,9724700,1.561,3467200,1.566,12086400,1.567,11384800,1.568,9787900,1.569,1619500,1.570,1649200
1763690230527,sz159920,09:57:09,1.566,2.817,0,0,1.566,1.565,10795000,1.564,13612400,1.563,11793300,1.562,2724700,1.561,3467200,1.566,5129700,1.567,11384800,1.568,9787900,1.569,7619500,1.570,1649200
1763690234262,sz159920,09:57:12,1.566,3.736,0,0,1.566,1.565,6795400,1.564,13702400,1.563,11793300,1.562,6724700,1.561,3377200,1.566,8092100,1.567,11294800,1.568,9787900,1.569,1619500,1.570,1739200
1763690237154,sz159920,09:57:15,1.566,2.892,700,1096,1.566,1.565,1927900,1.564,13702400,1.563,11783300,1.562,9724700,1.561,3377200,1.566,12081400,1.567,11294800,1.568,9777900,1.569,1619500,1.570,1739200
1763690240406,sz159920,09:57:18,1.565,3.252,184100,288116,1.565,1.565,1180000,1.564,13705000,1.563,11783300,1.562,9724700,1.561,3377200,1.566,12084000,1.567,11292200,1.568,10027900,1.569,1619500,1.570,1489200
1763690243363,sz159920,09:57:21,1.565,2.956,1180000,1846700,1.565,1.564,11275800,1.563,14083300,1.562,9311500,1.561,3537200,1.560,2956800,1.565,5896900,1.566,10355100,1.567,10858600,1.568,8228700,1.569,1549500
1763690245399,sz159920,09:57:24,1.565,2.037,0,0,1.565,1.564,14162100,1.563,11719300,1.562,10375700,1.561,3537200,1.560,2956800,1.565,2837600,1.566,12653300,1.567,11302100,1.568,8544500,1.569,1549500
1763690248361,sz159920,09:57:27,1.565,2.962,0,0,1.565,1.564,8275800,1.563,13955200,1.562,9439800,1.561,3537200,1.560,2956800,1.565,5484300,1.566,10417300,1.567,10858700,1.568,5164900,1.569,1549500
1763690250169,sz159920,09:57:27,1.565,1.807,0,0,1.565,1.564,8275800,1.563,13955200,1.562,9439800,1.561,3537200,1.560,2956800,1.565,5484300,1.566,10417300,1.567,10858700,1.568,5164900,1.569,1549500
1763690252391,sz159920,09:57:30,1.565,2.222,4900,7668,1.565,1.564,14162100,1.563,11719300,1.562,10370700,1.561,3537200,1.560,2957600,1.565,2213400,1.566,12663300,1.567,10922500,1.568,8168100,1.569,1549500
1763690255386,sz159920,09:57:33,1.565,2.995,12600,19709,1.5642,1.564,2774300,1.563,13955200,1.562,10167800,1.561,7537200,1.560,2980600,1.565,8476200,1.566,10427300,1.567,10858600,1.568,5168100,1.569,1549500
1763690258385,sz159920,09:57:36,1.564,3.0,72800,113862,1.564,1.564,2837300,1.563,13955200,1.562,10167800,1.561,7537200,1.560,2980600,1.565,8473400,1.566,11293400,1.567,10858600,1.568,2168100,1.569,1549500
1763690260477,sz159920,09:57:39,1.565,2.091,115900,181271,1.564,1.564,3484600,1.563,13955200,1.562,10167800,1.561,7537200,1.560,2980600,1.565,8491300,1.566,11300400,1.567,10858600,1.568,2168100,1.569,1549500
1763690263353,sz159920,09:57:42,1.565,2.876,50000,78250,1.565,1.564,1612900,1.563,13955200,1.562,10167800,1.561,10537200,1.560,2980600,1.565,12441300,1.566,11300400,1.567,10858600,1.568,2168100,1.569,1549500
1763690266416,sz159920,09:57:45,1.564,3.063,67000,104788,1.564,1.564,7417400,1.563,14019300,1.562,10103700,1.561,3537200,1.560,2981300,1.565,4855000,1.566,11236400,1.567,10922500,1.568,8168100,1.569,1549500
1763690270394,sz159920,09:57:48,1.565,3.978,1000,1565,1.565,1.564,3420600,1.563,13955200,1.562,10167800,1.561,10537200,1.560,2981300,1.565,11440300,1.566,11294000,1.567,10858600,1.568,2168100,1.569,1549500
1763690273355,sz159920,09:57:51,1.565,2.962,0,0,1.565,1.564,3420600,1.563,13955200,1.562,10167800,1.561,10537200,1.560,2981300,1.565,4854000,1.566,11334000,1.567,10858600,1.568,8168100,1.569,1549500
1763690275414,sz159920,09:57:54,1.565,2.059,15400,24101,1.565,1.564,13306900,1.563,11629300,1.562,11103700,1.561,3537200,1.560,2981300,1.565,96900,1.566,13470000,1.567,11302100,1.568,8647700,1.569,1459500
1763690278706,sz159920,09:57:57,1.565,3.292,140200,219413,1.565,1.565,13626400,1.564,10599400,1.563,11655200,1.562,2784400,1.561,3477200,1.566,3675600,1.567,13538200,1.568,9427900,1.569,7619500,1.570,1659200
1763690281645,sz159920,09:58:00,1.565,2.939,0,0,1.565,1.565,3028600,1.564,12835300,1.563,11783300,1.562,9720200,1.561,3477200,1.566,13941800,1.567,11238100,1.568,9026700,1.569,1619500,1.570,1659200
1763690285053,sz159920,09:58:03,1.565,3.408,1000,1565,1.565,1.565,3723400,1.564,12845300,1.563,11783300,1.562,9720200,1.561,3477200,1.566,12931800,1.567,11238100,1.568,9026700,1.569,1619500,1.570,1659200
1763690288227,sz159920,09:58:06,1.565,3.174,0,0,1.565,1.565,2584000,1.564,12845300,1.563,11783800,1.562,9720200,1.561,3477200,1.566,13971200,1.567,11238100,1.568,9026700,1.569,1619500,1.570,1659200
1763690291256,sz159920,09:58:09,1.565,3.029,66900,104698,1.565,1.565,529500,1.564,12845300,1.563,11783800,1.562,9720200,1.561,3477200,1.566,13977600,1.567,11238100,1.568,9276700,1.569,1619500,1.570,1430600
1763690294271,sz159920,09:58:12,1.565,3.015,0,0,1.565,1.565,1428000,1.564,12845300,1.563,11783800,1.562,9720200,1.561,3477200,1.566,13977600,1.567,11238100,1.568,9026700,1.569,1619500,1.570,1680600
1763690297228,sz159920,09:58:15,1.565,2.957,0,0,1.565,1.565,945600,1.564,12845300,1.563,11783800,1.562,9720200,1.561,3477200,1.566,12989800,1.567,11238100,1.568,9026700,1.569,1619500,1.570,1680600
1763690300310,sz159920,09:58:18,1.566,3.082,600,939,1.5658,1.565,1142100,1.564,12842300,1.563,11783800,1.562,9720200,1.561,3477200,1.566,13989300,1.567,11238100,1.568,9026700,1.569,1629500,1.570,1680600
1763690310264,sz159920,09:58:27,1.565,9.954,88100,137876,1.565,1.564,2561400,1.563,14149500,1.562,10640500,1.561,10547200,1.560,2981700,1.565,12399400,1.566,11394500,1.567,10853100,1.568,2146700,1.569,1559500
1763690311739,sz159920,09:58:30,1.565,1.475,0,0,1.565,1.564,5610900,1.563,11849500,1.562,10672800,1.561,10547200,1.560,2981700,1.565,9099400,1.566,13694300,1.567,10853100,1.568,2146700,1.569,1559500
1763690315588,sz159920,09:58:33,1.565,3.849,300,469,1.565,1.564,794800,1.563,14149500,1.562,10672800,1.561,10547200,1.560,2981700,1.565,12999600,1.566,11394300,1.567,10853100,1.568,2146700,1.569,1559500
1763690317566,sz159920,09:58:36,1.565,1.979,46600,72882,1.564,1.564,1118500,1.563,14159500,1.562,10672800,1.561,10547200,1.560,2981700,1.565,12999300,1.566,11355600,1.567,10853100,1.568,2150700,1.569,1559500
1763690320579,sz159920,09:58:39,1.564,3.012,56700,88678,1.564,1.564,1875300,1.563,14160500,1.562,10672800,1.561,10547200,1.560,2981700,1.565,11999300,1.566,11357800,1.567,10853100,1.568,2150700,1.569,1559500
1763690323493,sz159920,09:58:42,1.564,2.914,57400,89773,1.564,1.564,635400,1.563,14070500,1.562,10672800,1.561,10548200,1.560,2881700,1.565,12999300,1.566,11357800,1.567,10853100,1.568,2150700,1.569,1469500
1763690328274,sz159920,09:58:45,1.564,4.781,54600,85394,1.564,1.564,417400,1.563,14070500,1.562,10676000,1.561,10551600,1.560,2881700,1.565,12999900,1.566,11361000,1.567,10853100,1.568,2147500,1.569,1469500
1763690329852,sz159920,09:58:48,1.564,1.578,0,0,1.564,1.564,317400,1.563,14070500,1.562,10776000,1.561,10551600,1.560,2971700,1.565,12999900,1.566,11454600,1.567,11103100,1.568,2147500,1.569,1219500
1763690332858,sz159920,09:58:51,1.565,3.006,6300,9859,1.565,1.564,318400,1.563,14070500,1.562,10776000,1.561,10551600,1.560,2971700,1.565,12997600,1.566,11460100,1.567,11103100,1.568,2147500,1.569,1219500
1763690335859,sz159920,09:58:54,1.565,3.001,95800,149831,1.564,1.564,223100,1.563,14070500,1.562,10776000,1.561,10552300,1.560,2971700,1.565,13002300,1.566,11460100,1.567,11103100,1.568,2147500,1.569,1219500
1763690339018,sz159920,09:58:57,1.565,3.16,0,0,1.565,1.564,223100,1.563,14083600,1.562,10776000,1.561,10552300,1.560,2971700,1.565,13002300,1.566,10460100,1.567,11103100,1.568,2147500,1.569,1219500
1763690341889,sz159920,09:59:00,1.565,2.871,5100,7981,1.565,1.564,323100,1.563,14083600,1.562,10676000,1.561,10552300,1.560,2971700,1.565,12997200,1.566,10460100,1.567,10853100,1.568,2147500,1.569,1469500
1763690344853,sz159920,09:59:03,1.564,2.964,369400,577741,1.564,1.564,4384700,1.563,14036200,1.562,10676000,1.561,10552300,1.560,2971700,1.565,13615000,1.566,10457500,1.567,10853100,1.568,2147500,1.569,1469500
1763690347925,sz159920,09:59:06,1.564,3.073,0,0,1.564,1.564,3251200,1.563,14136200,1.562,10776000,1.561,10552300,1.560,2971700,1.565,14201200,1.566,10457500,1.567,10853000,1.568,2147500,1.569,1469500
1763690350919,sz159920,09:59:09,1.564,2.993,28200,44114,1.5644,1.564,14269000,1.563,11900300,1.562,10711900,1.561,3552300,1.560,2971700,1.565,7555600,1.566,12693500,1.567,10917100,1.568,5147500,1.569,1469500
1763690353866,sz159920,09:59:12,1.564,2.947,0,0,1.564,1.564,14270000,1.563,11990300,1.562,11711900,1.561,3552300,1.560,2881700,1.565,2591600,1.566,12603500,1.567,11265700,1.568,8527200,1.569,1559500
1763690356936,sz159920,09:59:15,1.564,3.07,98700,154366,1.564,1.564,6585500,1.563,11926200,1.562,10776000,1.561,10552300,1.560,2878700,1.565,10084000,1.566,12669500,1.567,10822100,1.568,2147500,1.569,1559500
1763690359909,sz159920,09:59:18,1.565,2.973,29900,46793,1.565,1.564,4881700,1.563,14136200,1.562,10776000,1.561,10552300,1.560,2879700,1.565,12355100,1.566,10369500,1.567,10209600,1.568,2147500,1.569,1469500
1763690362856,sz159920,09:59:21,1.565,2.947,2000,3130,1.565,1.564,8881700,1.563,14086200,1.562,10776000,1.561,6552300,1.560,2970700,1.565,9363000,1.566,10459500,1.567,10209500,1.568,5147500,1.569,1469500
1763690365883,sz159920,09:59:24,1.564,3.027,162100,253527,1.564,1.564,14058200,1.563,11844300,1.562,11211900,1.561,3546600,1.560,2881000,1.565,1147000,1.566,12636600,1.567,10653000,1.568,8527200,1.569,1469500
1763690368917,sz159920,09:59:27,1.565,3.034,5000,7825,1.565,1.564,14525700,1.563,11921200,1.562,11211900,1.561,3540600,1.560,2881000,1.565,1162000,1.566,12636600,1.567,10653000,1.568,8527200,1.569,1559500
1763690372298,sz159920,09:59:30,1.565,3.381,1169000,1829485,1.565,1.565,11113500,1.564,12065100,1.563,11854500,1.562,2973600,1.561,3470600,1.566,7183200,1.567,12889100,1.568,8927400,1.569,1629500,1.570,1626500
1763690375221,sz159920,09:59:33,1.565,2.923,10000,15650,1.565,1.565,5757600,1.564,12001000,1.563,11982600,1.562,9909400,1.561,3470600,1.566,11769500,1.567,12889000,1.568,8927300,1.569,1629500,1.570,1626500
1763690378249,sz159920,09:59:36,1.565,3.028,126900,198598,1.565,1.565,2947700,1.564,14301000,1.563,11982600,1.562,9909400,1.561,3442900,1.566,14066500,1.567,10589000,1.568,8927300,1.569,1629500,1.570,1626500
1763690381244,sz159920,09:59:39,1.565,2.996,23300,36464,1.565,1.564,14303200,1.563,11982600,1.562,9909400,1.561,3512900,1.560,2882300,1.566,14066500,1.567,10589000,1.568,8927300,1.569,1629500,1.570,1626500
1763690384277,sz159920,09:59:42,1.565,3.033,5800,9082,1.5659,1.565,22500,1.564,14330900,1.563,11918600,1.562,9973600,1.561,3442900,1.566,13647800,1.567,10589000,1.568,8927300,1.569,1629500,1.570,1626500
1763690386365,sz159920,09:59:45,1.566,2.088,1000,1566,1.566,1.564,14960800,1.563,11982600,1.562,10009400,1.561,3512900,1.560,2882300,1.566,13646800,1.567,10589000,1.568,8927300,1.569,1629500,1.570,1626500
1763690389565,sz159920,09:59:48,1.566,3.2,0,0,1.566,1.565,3442400,1.564,15084200,1.563,11918600,1.562,9973600,1.561,3442900,1.566,9760500,1.567,12889000,1.568,8927300,1.569,1629500,1.570,1626500
1763690392366,sz159920,09:59:51,1.566,2.801,0,0,1.566,1.565,1573000,1.564,15084200,1.563,11982600,1.562,9909400,1.561,3442900,1.566,13646800,1.567,10589000,1.568,8969800,1.569,1629500,1.570,1626500
1763690397171,sz159920,09:59:54,1.566,4.805,0,0,1.566,1.565,8000,1.564,15084900,1.563,11982600,1.562,9909400,1.561,3442900,1.566,13646800,1.567,10594000,1.568,8969800,1.569,1629500,1.570,1626500
1763690398330,sz159920,09:59:57,1.566,1.159,1400,2192,1.566,1.565,2454100,1.564,15167300,1.563,11982600,1.562,9909400,1.561,3352900,1.566,13059100,1.567,10504000,1.568,8969800,1.569,1629500,1.570,1626500
1763690401553,sz159920,10:00:00,1.565,3.223,16400,25670,1.5653,1.564,15157300,1.563,11982600,1.562,10009400,1.561,3422900,1.560,2885300,1.565,574400,1.566,14095900,1.567,10504000,1.568,8969800,1.569,1559500
1763690404547,sz159920,10:00:03,1.565,2.994,1700,2660,1.565,1.564,7481000,1.563,11854500,1.562,9724000,1.561,10512900,1.560,2885300,1.565,8226300,1.566,13204300,1.567,10050900,1.568,2190000,1.569,1559500
1763690407498,sz159920,10:00:06,1.565,2.952,24600,38474,1.564,1.564,5742300,1.563,14154500,1.562,9724000,1.561,10512900,1.560,2886100,1.565,11526000,1.566,10904300,1.567,10050900,1.568,2190000,1.569,1559500
1763690410594,sz159920,10:00:09,1.565,3.095,333200,521458,1.565,1.564,12042300,1.563,11918600,1.562,9659900,1.561,6512900,1.560,2896100,1.565,5864100,1.566,13141800,1.567,10114800,1.568,5190000,1.569,1559500
1763690413562,sz159920,10:00:12,1.565,2.968,165500,258997,1.5649,1.564,15064100,1.563,11918600,1.562,10659900,1.561,3512900,1.560,2896100,1.565,9900,1.566,13141800,1.567,10494400,1.568,8569600,1.569,1559500
1763690416563,sz159920,10:00:15,1.565,3.0,43100,67440,1.5647,1.564,15103800,1.563,11968600,1.562,10659900,1.561,3512900,1.560,2896100,1.565,47900,1.566,13141800,1.567,10484400,1.568,8569600,1.569,1559500
1763690419604,sz159920,10:00:18,1.565,3.041,100,156,1.565,1.564,15072000,1.563,11968600,1.562,10659900,1.561,3512900,1.560,2896100,1.565,87000,1.566,13141800,1.567,10484400,1.568,8569600,1.569,1559500
1763690422580,sz159920,10:00:21,1.565,2.976,107700,168550,1.565,1.565,683200,1.564,15172000,1.563,11918600,1.562,9973600,1.561,3439500,1.566,13141800,1.567,10484400,1.568,8905900,1.569,1629500,1.570,1626500
1763690425645,sz159920,10:00:24,1.565,3.065,17000,26605,1.565,1.565,2085500,1.564,15760000,1.563,11982600,1.562,9909400,1.561,3349500,1.566,9866900,1.567,12630400,1.568,8969900,1.569,1629500,1.570,1626500
1763690428718,sz159920,10:00:27,1.565,3.072,15000,23475,1.565,1.565,887700,1.564,15850000,1.563,11982600,1.562,9909400,1.561,3349500,1.566,13165400,1.567,10474300,1.568,8965900,1.569,1629500,1.570,1716500
1763690432097,sz159920,10:00:30,1.565,3.379,0,0,1.565,1.565,12728700,1.564,13614100,1.563,12918500,1.562,2909400,1.561,3349500,1.566,1686500,1.567,12710400,1.568,10242600,1.569,8009300,1.570,1723500
1763690435067,sz159920,10:00:33,1.566,2.97,119200,186665,1.566,1.565,13296100,1.564,13544600,1.563,12318500,1.562,2909400,1.561,3349500,1.566,1666200,1.567,12715400,1.568,10242600,1.569,8009300,1.570,1723500
1763690437974,sz159920,10:00:36,1.565,2.907,700,1095,1.565,1.565,13330600,1.564,13544600,1.563,12318500,1.562,2909400,1.561,3349500,1.566,1666200,1.567,12715400,1.568,10242600,1.569,8009300,1.570,1723500
1763690441005,sz159920,10:00:39,1.566,3.031,3400,5324,1.566,1.565,13298800,1.564,13546600,1.563,12318500,1.562,2909400,1.561,3349500,1.566,1662800,1.567,12715400,1.568,10242600,1.569,8009300,1.570,1723500
1763690444077,sz159920,10:00:42,1.565,3.072,29200,45698,1.565,1.565,13269600,1.564,13546600,1.563,12318500,1.562,2909400,1.561,3349500,1.566,1664100,1.567,12615400,1.568,10242600,1.569,8113300,1.570,1723500
1763690447008,sz159920,10:00:45,1.565,2.931,0,0,1.565,1.565,4093100,1.564,13546600,1.563,11482600,1.562,6909400,1.561,3349500,1.566,7358300,1.567,12715400,1.568,9863000,1.569,4633500,1.570,1723500
1763690449978,sz159920,10:00:48,1.565,2.97,37400,58531,1.565,1.565,9559000,1.564,13546600,1.563,11418500,1.562,5909400,1.561,3349600,1.566,6771900,1.567,12875400,1.568,9862900,1.569,4633500,1.570,1723500
1763690453087,sz159920,10:00:51,1.566,3.109,4200,6577,1.566,1.565,1766200,1.564,15782800,1.563,11472600,1.562,9909400,1.561,3349600,1.566,13654000,1.567,10639300,1.568,9799000,1.569,1633500,1.570,1723500
1763690455956,sz159920,10:00:54,1.565,2.869,47800,74807,1.565,1.565,35900,1.564,15783800,1.563,11940000,1.562,9909400,1.561,3349600,1.566,13754000,1.567,10639300,1.568,9699000,1.569,1633500,1.570,1723500
1763690459130,sz159920,10:00:57,1.566,3.174,100,156,1.566,1.565,35900,1.564,15693800,1.563,11972600,1.562,9909400,1.561,3439600,1.566,13752600,1.567,10729300,1.568,9699000,1.569,1633500,1.570,1633500
1763690461998,sz159920,10:01:00,1.565,2.867,1300,2034,1.565,1.565,914400,1.564,15693800,1.563,11972600,1.562,9909400,1.561,3439600,1.566,11452600,1.567,13031000,1.568,9699000,1.569,1633500,1.570,1633500
1763690465070,sz159920,10:01:03,1.565,3.072,3400,5321,1.565,1.565,421000,1.564,15693800,1.563,11972600,1.562,9909400,1.561,3439600,1.566,13747600,1.567,10731000,1.568,9699000,1.569,1633500,1.570,1633500
1763690471107,sz159920,10:01:09,1.565,6.037,50500,79038,1.5651,1.565,1304300,1.564,15595800,1.563,11972600,1.562,10009400,1.561,3439600,1.566,12791800,1.567,10726000,1.568,9699000,1.569,1633500,1.570,1633500
1763690474081,sz159920,10:01:12,1.566,2.973,28100,43976,1.565,1.565,9902300,1.564,13466200,1.563,11909500,1.562,5909400,1.561,3438600,1.566,3531100,1.567,12962100,1.568,10142600,1.569,4633500,1.570,1633500
1763690476974,sz159920,10:01:15,1.566,2.894,0,0,1.566,1.565,3019200,1.564,15702100,1.563,11973600,1.562,9909400,1.561,3438600,1.566,13809500,1.567,10801500,1.568,9699000,1.569,1633500,1.570,1633500
1763690480123,sz159920,10:01:18,1.566,3.149,0,0,1.566,1.565,13006500,1.564,13466200,1.563,12309500,1.562,2909400,1.561,3348600,1.566,1727500,1.567,12947600,1.568,10242800,1.569,8013400,1.570,1633500
1763690482952,sz159920,10:01:21,1.566,2.828,1727500,2705265,1.566,1.566,2522600,1.565,13593000,1.564,13617400,1.563,11576500,1.562,2836200,1.567,12086000,1.568,10246000,1.569,8113400,1.570,1793500,1.571,1103300
1763690485447,sz159920,10:01:24,1.566,2.495,800,1252,1.566,1.566,2435600,1.565,13807200,1.564,13549600,1.563,11512500,1.562,2836200,1.567,12086000,1.568,10182200,1.569,7927200,1.570,1793500,1.571,1353300
1763690489380,sz159920,10:01:27,1.566,3.933,12800,20044,1.566,1.566,1619500,1.565,13807200,1.564,13549600,1.563,11512500,1.562,2836200,1.567,13101000,1.568,10182200,1.569,7927200,1.570,1793500,1.571,1353300
1763690492409,sz159920,10:01:30,1.566,3.029,0,0,1.566,1.566,1909300,1.565,13819600,1.564,13549600,1.563,11512500,1.562,2836200,1.567,10801000,1.568,12482200,1.569,7927200,1.570,1793500,1.571,1353300
1763690494402,sz159920,10:01:33,1.566,1.993,1375500,2154033,1.566,1.565,13749600,1.564,13599600,1.563,11512500,1.562,2906200,1.561,3348600,1.566,1409000,1.567,12965600,1.568,10182400,1.569,8077300,1.570,1723500
1763690498452,sz159920,10:01:36,1.566,4.05,4300,6733,1.566,1.565,6163300,1.564,13535600,1.563,11576500,1.562,9906200,1.561,3348600,1.566,8645000,1.567,12965600,1.568,9866200,1.569,1633500,1.570,1723500
1763690501380,sz159920,10:01:39,1.566,2.928,100000,156600,1.566,1.565,4570500,1.564,13471500,1.563,11473600,1.562,9906200,1.561,3348600,1.566,8544900,1.567,13032500,1.568,9802200,1.569,1633500,1.570,1723500
1763690503472,sz159920,10:01:42,1.565,2.092,2000,3130,1.565,1.565,818600,1.564,15771500,1.563,11941000,1.562,9906200,1.561,3348600,1.566,11944900,1.567,10732500,1.568,9952200,1.569,1633500,1.570,1473500
1763690506438,sz159920,10:01:45,1.566,2.967,2000,3132,1.566,1.565,68200,1.564,15681500,1.563,11973600,1.562,9906200,1.561,3348600,1.566,11942900,1.567,10732500,1.568,9952200,1.569,1633500,1.570,1473500
1763690509393,sz159920,10:01:48,1.565,2.954,75200,117688,1.565,1.564,15585100,1.563,11883600,1.562,10502500,1.561,3418600,1.560,2983400,1.565,1386900,1.566,11947000,1.567,10729900,1.568,9129200,1.569,1473500
1763690513504,sz159920,10:01:51,1.565,4.111,0,0,1.565,1.564,8035200,1.563,11819800,1.562,9566700,1.561,7418600,1.560,2983400,1.565,5732600,1.566,12110500,1.567,10414000,1.568,2099200,1.569,1473500
1763690516474,sz159920,10:01:54,1.565,2.97,12200,19093,1.565,1.564,15621500,1.563,11819800,1.562,10566700,1.561,3418600,1.560,2983400,1.565,4754400,1.566,12112700,1.567,10718000,1.568,5099200,1.569,1473500
1763690518420,sz159920,10:01:57,1.565,1.946,175200,274188,1.565,1.564,4243000,1.563,14055700,1.562,10363900,1.561,10418600,1.560,2983400,1.565,11845200,1.566,9962200,1.567,10275600,1.568,2099200,1.569,1473500
1763690521491,sz159920,10:02:00,1.564,3.071,62300,97437,1.564,1.564,3801100,1.563,14055700,1.562,10363900,1.561,10418600,1.560,2983400,1.565,11825200,1.566,9921600,1.567,10275600,1.568,2099200,1.569,1473500
1763690524409,sz159920,10:02:03,1.565,2.917,13700,21428,1.5641,1.564,1859000,1.563,14105700,1.562,10831600,1.561,10418600,1.560,2983400,1.565,11823800,1.566,9923600,1.567,10365600,1.568,2099200,1.569,1223500
1763690528455,sz159920,10:02:06,1.565,4.046,0,0,1.565,1.564,1706600,1.563,14105800,1.562,10863900,1.561,10418600,1.560,2983400,1.565,11923800,1.566,10083600,1.567,10265600,1.568,2099200,1.569,1223500
1763690531408,sz159920,10:02:09,1.565,2.953,0,0,1.565,1.564,1706600,1.563,14105000,1.562,10863900,1.561,10418600,1.560,2983400,1.565,11923800,1.566,10091300,1.567,10265600,1.568,2099200,1.569,1223500
1763690533677,sz159920,10:02:12,1.564,2.27,1810700,2831944,1.564,1.564,474700,1.563,14107600,1.562,10867100,1.561,10418600,1.560,2983500,1.565,11956800,1.566,10101000,1.567,9532400,1.568,2096000,1.569,1223500
1763690536647,sz159920,10:02:15,1.564,2.969,22800,35662,1.5641,1.564,883900,1.563,14107600,1.562,10867100,1.561,10418600,1.560,2983500,1.565,11913100,1.566,10101000,1.567,9532400,1.568,2096000,1.569,1223500
1763690540102,sz159920,10:02:18,1.564,3.455,10000,15640,1.564,1.564,6066500,1.563,14107600,1.562,10867100,1.561,6418600,1.560,2983500,1.565,7813100,1.566,10101000,1.567,9632400,1.568,5096000,1.569,1223500
1763690542619,sz159920,10:02:21,1.564,2.517,0,0,1.564,1.564,12769000,1.563,11871700,1.562,11770700,1.561,3418600,1.560,3003500,1.565,14900,1.566,12615400,1.567,10328400,1.568,8475700,1.569,1473500
1763690545602,sz159920,10:02:24,1.564,2.983,0,0,1.564,1.564,12769000,1.563,11872400,1.562,11800700,1.561,3418600,1.560,3002300,1.565,809600,1.566,12615400,1.567,10328400,1.568,8465700,1.569,1473500
1763690548627,sz159920,10:02:27,1.565,3.025,300,469,1.565,1.564,9779100,1.563,11872400,1.562,10800700,1.561,3418600,1.560,2992300,1.565,5809100,1.566,12842900,1.567,9949000,1.568,5086000,1.569,1473500
1763690551701,sz159920,10:02:30,1.565,3.073,10000,15650,1.565,1.564,12781700,1.563,11869800,1.562,11833000,1.561,3418600,1.560,2992300,1.565,1306700,1.566,12845500,1.567,10328600,1.568,8465700,1.569,1473500
1763690554600,sz159920,10:02:33,1.565,2.9,0,0,1.565,1.564,13017500,1.563,11869800,1.562,11833000,1.561,3418600,1.560,2992300,1.565,736700,1.566,12845500,1.567,10328600,1.568,8465700,1.569,1473500
1763690557638,sz159920,10:02:36,1.565,3.038,0,0,1.565,1.564,13484600,1.563,11869800,1.562,11333000,1.561,3418600,1.560,2992300,1.565,736700,1.566,12857700,1.567,10328600,1.568,8485700,1.569,1473500
1763690561043,sz159920,10:02:39,1.565,3.405,736700,1152935,1.565,1.565,1170000,1.564,13281700,1.563,11869800,1.562,10600000,1.561,3348600,1.566,13093500,1.567,10328600,1.568,8235700,1.569,1543500,1.570,1632900
1763690564090,sz159920,10:02:42,1.565,3.046,42000,65730,1.565,1.565,2149900,1.564,13331700,1.563,11883800,1.562,6535800,1.561,3348600,1.566,13092000,1.567,10264600,1.568,8299500,1.569,1543500,1.570,1636600
1763690567059,sz159920,10:02:45,1.565,2.97,0,0,1.565,1.565,3957900,1.564,11142300,1.563,11983800,1.562,10435800,1.561,3348600,1.566,10027800,1.567,12564600,1.568,8885800,1.569,1543500,1.570,1636600
1763690570336,sz159920,10:02:48,1.566,3.277,30000,46980,1.566,1.565,7530800,1.564,13442600,1.563,11983800,1.562,6435800,1.561,3341600,1.566,10297800,1.567,10264600,1.568,8885800,1.569,4543500,1.570,1636600
1763690572506,sz159920,10:02:51,1.566,2.17,3400,5322,1.5656,1.565,1183900,1.564,14445000,1.563,11983800,1.562,9849500,1.561,3341600,1.566,13303300,1.567,10485000,1.568,8886000,1.569,1543500,1.570,1636600
1763690575583,sz159920,10:02:54,1.566,3.076,3300,5164,1.5651,1.565,1652500,1.564,14445000,1.563,11983800,1.562,9849500,1.561,3341600,1.566,13303000,1.567,10485000,1.568,8886000,1.569,1543500,1.570,1636600
1763690578527,sz159920,10:02:57,1.566,2.945,20000,31320,1.566,1.565,1653500,1.564,14445000,1.563,11983800,1.562,9849500,1.561,3341600,1.566,13283000,1.567,10485000,1.568,8886000,1.569,1543500,1.570,1636600
1763690581600,sz159920,10:03:00,1.566,3.073,0,0,1.566,1.565,1231900,1.564,14445000,1.563,11983800,1.562,9849500,1.561,3341600,1.566,13283000,1.567,10485000,1.568,8886000,1.569,1543500,1.570,1636600
1763690584682,sz159920,10:03:03,1.566,3.082,0,0,1.566,1.565,2436500,1.564,14445000,1.563,11983800,1.562,5849500,1.561,3341600,1.566,13283000,1.567,10485000,1.568,8886000,1.569,1543500,1.570,1636600
1763690587663,sz159920,10:03:06,1.565,2.981,4000,6260,1.565,1.565,9124600,1.564,12145000,1.563,11983800,1.562,5849500,1.561,3341600,1.566,9282900,1.567,10485000,1.568,8886000,1.569,4543500,1.570,1636600
1763690591180,sz159920,10:03:09,1.566,3.518,2000,3132,1.566,1.565,13620500,1.564,12199100,1.563,12319700,1.562,2856500,1.561,3341600,1.566,991200,1.567,12720100,1.568,10162700,1.569,7923300,1.570,1636600
1763690594195,sz159920,10:03:12,1.566,3.015,122000,190990,1.5655,1.565,13558600,1.564,12199100,1.563,12319700,1.562,2856500,1.561,3341600,1.566,509900,1.567,12720100,1.568,10162700,1.569,7923300,1.570,1636600
1763690597215,sz159920,10:03:15,1.566,3.02,0,0,1.566,1.565,14051200,1.564,12202200,1.563,12319700,1.562,2856500,1.561,3341600,1.566,509900,1.567,12720100,1.568,10162700,1.569,7923300,1.570,1636600
1763690600237,sz159920,10:03:18,1.565,3.021,24100,37734,1.5658,1.565,11078500,1.564,12202200,1.563,11319700,1.562,2856500,1.561,3341600,1.566,2930200,1.567,12720500,1.568,9783000,1.569,4543500,1.570,1636600
1763690603181,sz159920,10:03:21,1.566,2.944,6600,10335,1.566,1.565,13978700,1.564,12202200,1.563,12419700,1.562,2856500,1.561,3341600,1.566,2543600,1.567,12880500,1.568,10162900,1.569,7543500,1.570,1636600
1763690606278,sz159920,10:03:24,1.566,3.097,0,0,1.566,1.565,10968700,1.564,12302200,1.563,12419700,1.562,5856500,1.561,3341600,1.566,2558200,1.567,12880500,1.568,10162800,1.569,7543500,1.570,1637600
1763690611392,sz159920,10:03:27,1.566,5.114,12000,18791,1.5659,1.565,13967700,1.564,12302200,1.563,12419700,1.562,2856500,1.561,3341600,1.566,409600,1.567,12880500,1.568,10162800,1.569,7923400,1.570,1637600
1763690612217,sz159920,10:03:30,1.566,0.825,0,0,1.566,1.565,10936900,1.564,12302200,1.563,11419700,1.562,5856500,1.561,2520800,1.566,2944200,1.567,12880500,1.568,9783000,1.569,4543500,1.570,1665300
1763690615188,sz159920,10:03:33,1.566,2.971,345700,541366,1.566,1.566,1746800,1.565,13602100,1.564,12283400,1.563,12319700,1.562,2783300,1.567,13354700,1.568,10166200,1.569,7673500,1.570,1735300,1.571,1353300
1763690618259,sz159920,10:03:36,1.566,3.071,75500,118233,1.566,1.566,629700,1.565,13602100,1.564,12347400,1.563,11522700,1.562,2783300,1.567,13354700,1.568,10102400,1.569,7987300,1.570,1735300,1.571,1103300
1763690621177,sz159920,10:03:39,1.566,2.918,20000,31320,1.566,1.566,609700,1.565,13602100,1.564,12357400,1.563,11522700,1.562,2783300,1.567,13359700,1.568,10102400,1.569,7987300,1.570,1735300,1.571,1103300
1763690624198,sz159920,10:03:42,1.566,3.021,0,0,1.566,1.566,1689700,1.565,13607100,1.564,12356800,1.563,11522700,1.562,2783300,1.567,13367000,1.568,10102400,1.569,7987300,1.570,1735300,1.571,1103300
1763690627181,sz159920,10:03:45,1.566,2.984,0,0,1.566,1.566,2206600,1.565,13608100,1.564,12356800,1.563,11522700,1.562,2783300,1.567,13369900,1.568,10102400,1.569,7987300,1.570,1735300,1.571,1103300
1763690630239,sz159920,10:03:48,1.566,3.058,0,0,1.566,1.566,1707700,1.565,13613100,1.564,12346800,1.563,11522700,1.562,2783300,1.567,13379900,1.568,10102400,1.569,7987300,1.570,1741000,1.571,1103300
1763690633178,sz159920,10:03:51,1.566,2.938,1658400,2597054,1.566,1.565,13048000,1.564,12406800,1.563,10522700,1.562,2853300,1.561,2520800,1.566,1682400,1.567,12978000,1.568,9342400,1.569,7607300,1.570,1671000
1763690636198,sz159920,10:03:54,1.566,3.02,0,0,1.566,1.565,14101100,1.564,12374800,1.563,11586700,1.562,2853300,1.561,2520800,1.566,796900,1.567,12978000,1.568,10121500,1.569,7923400,1.570,1671000
1763690639170,sz159920,10:03:57,1.566,2.972,111900,175235,1.566,1.565,14144300,1.564,12374800,1.563,11586700,1.562,2853300,1.561,2520800,1.567,12978000,1.568,10121500,1.569,7923400,1.570,1741000,1.571,1103300
1763690642220,sz159920,10:04:00,1.566,3.05,35100,54966,1.566,1.566,610300,1.565,14138300,1.564,12791900,1.563,11586700,1.562,2783300,1.567,12978000,1.568,10057700,1.569,7737200,1.570,1741000,1.571,1353300
1763690644510,sz159920,10:04:03,1.567,2.29,5000,7835,1.567,1.566,560000,1.565,14143200,1.564,12888800,1.563,11522800,1.562,2788300,1.567,12973000,1.568,10057700,1.569,7737200,1.570,1741000,1.571,1353300
1763690647493,sz159920,10:04:06,1.567,2.983,0,0,1.567,1.566,620300,1.565,14143200,1.564,12888800,1.563,11522800,1.562,2788300,1.567,12974500,1.568,10057700,1.569,7987200,1.570,1741000,1.571,1103300
1763690650514,sz159920,10:04:09,1.566,3.021,25600,40089,1.566,1.566,594700,1.565,14143200,1.564,12888800,1.563,11522800,1.562,2788300,1.567,12974500,1.568,10057700,1.569,7737200,1.570,1741000,1.571,1353300
1763690653586,sz159920,10:04:12,1.566,3.072,50700,79396,1.566,1.566,9497700,1.565,14207200,1.564,12767700,1.563,4522800,1.562,2788400,1.567,5874500,1.568,9993800,1.569,7901000,1.570,7741000,1.571,1353300
1763690656558,sz159920,10:04:15,1.567,2.972,800,1253,1.567,1.566,12384000,1.565,11907900,1.564,13234800,1.563,3935800,1.562,2788400,1.567,705500,1.568,12494400,1.569,9601100,1.570,8121100,1.571,1353300
1763690659503,sz159920,10:04:18,1.567,2.945,27400,42935,1.567,1.566,12860500,1.565,11913900,1.564,12767700,1.563,3935800,1.562,2788400,1.567,677200,1.568,12494400,1.569,9601100,1.570,8121100,1.571,1353300
1763690662530,sz159920,10:04:21,1.567,3.027,0,0,1.567,1.566,13327500,1.565,11915900,1.564,12767700,1.563,3935800,1.562,2788400,1.567,717200,1.568,12494400,1.569,9601100,1.570,8121100,1.571,1353300
1763690665567,sz159920,10:04:24,1.567,3.037,227700,356805,1.567,1.566,13397500,1.565,11915900,1.564,12767700,1.563,3935800,1.562,2788400,1.567,1152500,1.568,12497300,1.569,9601100,1.570,8121100,1.571,1353300
1763690668537,sz159920,10:04:27,1.567,2.97,1100,1723,1.567,1.566,13455700,1.565,11986700,1.564,12857700,1.563,4022000,1.562,2788400,1.567,336300,1.568,12657300,1.569,9691100,1.570,8211100,1.571,1443300
1763690671506,sz159920,10:04:30,1.567,2.969,70200,110003,1.567,1.566,13455700,1.565,11986700,1.564,12857700,1.563,4022000,1.562,2788400,1.567,330000,1.568,12757300,1.569,9691100,1.570,8211100,1.571,1443300
1763690674578,sz159920,10:04:33,1.566,3.072,1100,1722,1.566,1.566,13454600,1.565,11981700,1.564,12857700,1.563,4022000,1.562,2788400,1.567,2013200,1.568,12757600,1.569,9691500,1.570,7831000,1.571,1443300
1763690677650,sz159920,10:04:36,1.567,3.072,600,940,1.567,1.566,13477800,1.565,11981700,1.564,12857700,1.563,4022000,1.562,2788400,1.567,329400,1.568,12757600,1.569,9691500,1.570,8363100,1.571,1443300
1763690680080,sz159920,10:04:36,1.567,2.43,0,0,1.567,1.566,13477800,1.565,11981700,1.564,12857700,1.563,4022000,1.562,2788400,1.567,329400,1.568,12757600,1.569,9691500,1.570,8363100,1.571,1443300
1763690680516,sz159920,10:04:39,1.567,0.436,18700,29297,1.5667,1.566,13530200,1.565,11981700,1.564,11857700,1.563,4022000,1.562,2788400,1.567,2379500,1.568,12757600,1.569,9311300,1.570,7982900,1.571,1443300
1763690683481,sz159920,10:04:42,1.567,2.964,100,156,1.567,1.566,13559400,1.565,11981700,1.564,12857700,1.563,4022000,1.562,2788400,1.567,252100,1.568,12757600,1.569,9691500,1.570,8363100,1.571,1443300
1763690686526,sz159920,10:04:45,1.567,3.046,66400,104048,1.567,1.566,13709400,1.565,11981700,1.564,12857700,1.563,4022000,1.562,2788400,1.567,185700,1.568,12757600,1.569,9691500,1.570,8363100,1.571,1443300
1763690689938,sz159920,10:04:48,1.567,3.412,125600,196815,1.567,1.566,13715000,1.565,11979100,1.564,12857700,1.563,4022000,1.562,2788400,1.567,39600,1.568,12760200,1.569,9691500,1.570,8363100,1.571,1443300
1763690692913,sz159920,10:04:51,1.567,2.975,1389700,2177659,1.567,1.567,38000,1.566,13768500,1.565,11931100,1.564,11951000,1.563,3952000,1.568,12755500,1.569,9691500,1.570,8113100,1.571,1513300,1.572,1352400
1763690695979,sz159920,10:04:54,1.567,3.066,2600,4074,1.567,1.567,5379800,1.566,13815200,1.565,11995100,1.564,7908400,1.563,3862000,1.568,11755500,1.569,9537700,1.570,8426900,1.571,1513300,1.572,1102400
1763690698949,sz159920,10:04:57,1.567,2.97,0,0,1.567,1.567,97400,1.566,13905200,1.565,11995100,1.564,11910400,1.563,3862000,1.568,12756000,1.569,9537700,1.570,8426900,1.571,1513300,1.572,1192400
1763690701918,sz159920,10:05:00,1.567,2.969,1000,1567,1.567,1.567,285700,1.566,13815200,1.565,11995100,1.564,11910400,1.563,3952000,1.568,12756000,1.569,9627700,1.570,8426900,1.571,1513300,1.572,1102400
1763690704990,sz159920,10:05:03,1.567,3.073,300,470,1.567,1.567,852400,1.566,13835200,1.565,11995100,1.564,11910400,1.563,3952000,1.568,12756000,1.569,9627700,1.570,8426900,1.571,1513300,1.572,1102400
1763690707960,sz159920,10:05:06,1.567,2.97,0,0,1.567,1.567,9361100,1.566,13931000,1.565,11931100,1.564,4910400,1.563,3862000,1.568,5756000,1.569,9473900,1.570,8240700,1.571,7513300,1.572,1442400
1763690710930,sz159920,10:05:09,1.567,2.969,0,0,1.567,1.567,1248500,1.566,13878800,1.565,11966400,1.564,11910400,1.563,3862000,1.568,12747100,1.569,9537700,1.570,8176900,1.571,1513300,1.572,1442400
1763690714206,sz159920,10:05:12,1.568,3.277,100,156,1.568,1.567,1981500,1.566,13878800,1.565,11966400,1.564,11910400,1.563,3862000,1.568,11747000,1.569,9797000,1.570,8176900,1.571,1513300,1.572,1442400
1763690717215,sz159920,10:05:15,1.568,3.008,1312900,2058627,1.568,1.568,100,1.567,13094100,1.566,11721800,1.565,11341800,1.564,3875600,1.569,12200600,1.570,10043600,1.571,7893700,1.572,1513400,1.573,1090800
1763690720248,sz159920,10:05:18,1.568,3.034,0,0,1.568,1.568,1303500,1.567,13562300,1.566,11820800,1.565,10544800,1.564,3715600,1.569,11100600,1.570,9889800,1.571,8097500,1.572,1513400,1.573,1090800
1763690723204,sz159920,10:05:21,1.568,2.956,0,0,1.568,1.568,8630700,1.567,14249500,1.566,11777600,1.565,3536500,1.564,3715600,1.569,8100600,1.570,9826000,1.571,8161300,1.572,4513400,1.573,1180800
1763690726288,sz159920,10:05:24,1.568,3.084,0,0,1.568,1.568,997000,1.567,14170600,1.566,11841600,1.565,10536500,1.564,3715600,1.569,11100600,1.570,9737900,1.571,8097500,1.572,1513400,1.573,1180800
1763690729225,sz159920,10:05:27,1.569,2.937,269900,423473,1.569,1.568,455600,1.567,14461400,1.566,11768200,1.565,10536500,1.564,3718200,1.569,11871500,1.570,9737900,1.571,8097500,1.572,1513400,1.573,1180800
1763690732229,sz159920,10:05:30,1.568,3.003,12200,19138,1.5687,1.568,452400,1.567,14467100,1.566,11768200,1.565,10536500,1.564,3718200,1.569,11865600,1.570,9797900,1.571,8097500,1.572,1513400,1.573,1180800
1763690735208,sz159920,10:05:33,1.568,2.979,50400,79027,1.568,1.568,324200,1.567,14467100,1.566,11768200,1.565,10536500,1.564,3718200,1.569,11865200,1.570,9797900,1.571,8097500,1.572,1513400,1.573,1180800
1763690738203,sz159920,10:05:36,1.569,2.995,500,784,1.569,1.568,334600,1.567,14467100,1.566,11561500,1.565,10572500,1.564,3747500,1.569,11864700,1.570,9799900,1.571,8249400,1.572,1513400,1.573,1180800
1763690741277,sz159920,10:05:39,1.569,3.074,0,0,1.569,1.568,334600,1.567,14457100,1.566,11558300,1.565,10572500,1.564,3747500,1.569,11870700,1.570,9799900,1.571,8252400,1.572,1513400,1.573,1180800
