symbol,tx_server_time,tx_local_time,bd_server_time,bd_local_time,price,iopv,premium_rate,index_price,tick_vol,tick_amt,tick_vwap,interval_s,bp1,bv1,bp2,bv2,bp3,bv3,bp4,bv4,bp5,bv5,sp1,sv1,sp2,sv2,sp3,sv3,sp4,sv4,sp5,sv5
sz159920,13:47:24,1763963248110,N/A,0,1.583,1.5882,-0.3274,0.0,0,0,1.583,0.0,1.583,4800,1.582,15385500,1.581,11406900,1.580,10279800,1.579,3672800,1.584,13674600,1.585,10944000,1.586,11090100,1.587,2015200,1.588,1461100
sz159920,13:47:27,1763963249052,N/A,0,1.583,1.5882,-0.3274,0.0,100,158,1.58,0.942,1.583,400,1.582,11387200,1.581,11358600,1.580,10216400,1.579,6672800,1.584,13674600,1.585,10877100,1.586,11120300,1.587,2015200,1.588,1461100
sz159920,13:47:27,1763963250182,N/A,0,1.583,1.5882,-0.3274,0.0,0,0,1.583,1.131,1.583,400,1.582,11387200,1.581,11358600,1.580,10216400,1.579,6672800,1.584,13674600,1.585,10877100,1.586,11120300,1.587,2015200,1.588,1461100
sz159920,13:47:27,1763963251048,N/A,0,1.583,1.5882,-0.3274,0.0,0,0,1.583,0.865,1.583,400,1.582,11387200,1.581,11358600,1.580,10216400,1.579,6672800,1.584,13674600,1.585,10877100,1.586,11120300,1.587,2015200,1.588,1461100
sz159920,13:47:30,1763963252202,N/A,0,1.583,1.5881,-0.3211,0.0,400,634,1.585,1.155,1.582,11387200,1.581,11358600,1.580,10216400,1.579,6742800,1.578,2908900,1.583,2169600,1.584,13674600,1.585,10877100,1.586,10739800,1.587,1564700
sz159920,13:47:30,1763963253399,13:48:33,1763963253266,1.583,1.5881,-0.3211,25721.22,0,0,1.583,1.196,1.582,11387200,1.581,11358600,1.580,10216400,1.579,6742800,1.578,2908900,1.583,2169600,1.584,13674600,1.585,10877100,1.586,10739800,1.587,1564700
sz159920,13:47:30,1763963254203,13:48:33,1763963253266,1.583,1.5881,-0.3211,25721.22,0,0,1.583,0.805,1.582,11387200,1.581,11358600,1.580,10216400,1.579,6742800,1.578,2908900,1.583,2169600,1.584,13674600,1.585,10877100,1.586,10739800,1.587,1564700
sz159920,13:47:33,1763963255063,13:48:34,1763963254480,1.583,1.5881,-0.3211,25722.36,3000,4749,1.583,0.86,1.582,9087200,1.581,13595200,1.580,10279800,1.579,6742800,1.578,2908900,1.583,4490300,1.584,11376600,1.585,10940300,1.586,10676600,1.587,1564700
sz159920,13:47:33,1763963256078,13:48:35,1763963255251,1.583,1.5881,-0.3211,25722.36,0,0,1.583,1.015,1.582,9087200,1.581,13595200,1.580,10279800,1.579,6742800,1.578,2908900,1.583,4490300,1.584,11376600,1.585,10940300,1.586,10676600,1.587,1564700
sz159920,13:47:33,1763963257195,13:48:36,1763963256752,1.583,1.5881,-0.3211,25719.88,0,0,1.583,1.117,1.582,9087200,1.581,13595200,1.580,10279800,1.579,6742800,1.578,2908900,1.583,4490300,1.584,11376600,1.585,10940300,1.586,10676600,1.587,1564700
sz159920,13:47:36,1763963258068,13:48:37,1763963257266,1.583,1.5881,-0.3211,25719.88,0,0,1.583,0.873,1.582,11387200,1.581,11295200,1.580,10279800,1.579,6742800,1.578,2908900,1.583,1876000,1.584,13676600,1.585,10940300,1.586,11057100,1.587,1564700
sz159920,13:47:36,1763963259059,13:48:38,1763963258787,1.583,1.5881,-0.3211,25721.2,0,0,1.583,0.991,1.582,11387200,1.581,11295200,1.580,10279800,1.579,6742800,1.578,2908900,1.583,1876000,1.584,13676600,1.585,10940300,1.586,11057100,1.587,1564700
sz159920,13:47:36,1763963260068,13:48:39,1763963259351,1.583,1.5881,-0.3211,25721.2,0,0,1.583,1.009,1.582,11387200,1.581,11295200,1.580,10279800,1.579,6742800,1.578,2908900,1.583,1876000,1.584,13676600,1.585,10940300,1.586,11057100,1.587,1564700
sz159920,13:47:36,1763963261064,13:48:40,1763963261025,1.583,1.5881,-0.3211,25719.41,0,0,1.583,0.996,1.582,11387200,1.581,11295200,1.580,10279800,1.579,6742800,1.578,2908900,1.583,1876000,1.584,13676600,1.585,10940300,1.586,11057100,1.587,1564700
sz159920,13:47:39,1763963262079,13:48:41,1763963261260,1.583,1.5881,-0.3211,25719.41,0,0,1.583,1.015,1.582,11387200,1.581,11295200,1.580,10273800,1.579,6742800,1.578,2908900,1.583,1876600,1.584,13676600,1.585,10940300,1.586,11057100,1.587,1564700
sz159920,13:47:39,1763963263087,13:48:42,1763963262460,1.583,1.5881,-0.3211,25716.74,0,0,1.583,1.008,1.582,11387200,1.581,11295200,1.580,10273800,1.579,6742800,1.578,2908900,1.583,1876600,1.584,13676600,1.585,10940300,1.586,11057100,1.587,1564700
sz159920,13:47:42,1763963264096,13:48:43,1763963263353,1.583,1.5881,-0.3211,25716.74,1400,2216,1.5829,1.01,1.582,11388700,1.581,11295200,1.580,10858300,1.579,6742800,1.578,2908900,1.583,2256700,1.584,13676600,1.585,10940300,1.586,10092100,1.587,1564700
sz159920,13:47:42,1763963265068,13:48:44,1763963264284,1.583,1.5881,-0.3211,25719.61,0,0,1.583,0.972,1.582,11388700,1.581,11295200,1.580,10858300,1.579,6742800,1.578,2908900,1.583,2256700,1.584,13676600,1.585,10940300,1.586,10092100,1.587,1564700
sz159920,13:47:42,1763963266073,13:48:45,1763963265251,1.583,1.5881,-0.3211,25719.61,0,0,1.583,1.005,1.582,11388700,1.581,11295200,1.580,10858300,1.579,6742800,1.578,2908900,1.583,2256700,1.584,13676600,1.585,10940300,1.586,10092100,1.587,1564700
sz159920,13:47:45,1763963267081,13:48:46,1763963266454,1.583,1.5876,-0.2897,25718.94,12700,20092,1.582,1.008,1.582,3731000,1.581,13531800,1.580,10921700,1.579,10742800,1.578,2908900,1.583,11145700,1.584,11446200,1.585,10877100,1.586,4092100,1.587,1564700
sz159920,13:47:45,1763963268083,13:48:47,1763963267576,1.583,1.5876,-0.2897,25718.94,0,0,1.583,1.002,1.582,3731000,1.581,13531800,1.580,10921700,1.579,10742800,1.578,2908900,1.583,11145700,1.584,11446200,1.585,10877100,1.586,4092100,1.587,1564700
sz159920,13:47:45,1763963269080,13:48:48,1763963268303,1.583,1.5876,-0.2897,25716.31,0,0,1.583,0.996,1.582,3731000,1.581,13531800,1.580,10921700,1.579,10742800,1.578,2908900,1.583,11145700,1.584,11446200,1.585,10877100,1.586,4092100,1.587,1564700
sz159920,13:47:45,1763963270086,13:48:49,1763963269575,1.583,1.5876,-0.2897,25716.31,0,0,1.583,1.006,1.582,3731000,1.581,13531800,1.580,10921700,1.579,10742800,1.578,2908900,1.583,11145700,1.584,11446200,1.585,10877100,1.586,4092100,1.587,1564700
sz159920,13:47:48,1763963271084,13:48:50,1763963270302,1.583,1.5876,-0.2897,25721.5,400,633,1.5825,0.998,1.582,3150500,1.581,13531800,1.580,11021700,1.579,10742800,1.578,2908900,1.583,11145300,1.584,11446200,1.585,10877100,1.586,4092100,1.587,1564700
sz159920,13:47:48,1763963272081,13:48:51,1763963271736,1.583,1.5876,-0.2897,25721.5,0,0,1.583,0.997,1.582,3150500,1.581,13531800,1.580,11021700,1.579,10742800,1.578,2908900,1.583,11145300,1.584,11446200,1.585,10877100,1.586,4092100,1.587,1564700
sz159920,13:47:51,1763963273089,13:48:52,1763963272294,1.583,1.5876,-0.2897,25718.76,0,0,1.583,1.008,1.582,3154300,1.581,13531800,1.580,11126700,1.579,10742800,1.578,2908900,1.583,11197700,1.584,11446200,1.585,10877100,1.586,4092100,1.587,1564700
sz159920,13:47:51,1763963274093,13:48:53,1763963273910,1.583,1.5876,-0.2897,25718.76,0,0,1.583,1.004,1.582,3154300,1.581,13531800,1.580,11126700,1.579,10742800,1.578,2908900,1.583,11197700,1.584,11446200,1.585,10877100,1.586,4092100,1.587,1564700
sz159920,13:47:51,1763963275089,13:48:54,1763963274292,1.583,1.5876,-0.2897,25719.36,0,0,1.583,0.996,1.582,3154300,1.581,13531800,1.580,11126700,1.579,10742800,1.578,2908900,1.583,11197700,1.584,11446200,1.585,10877100,1.586,4092100,1.587,1564700
sz159920,13:47:54,1763963276105,13:48:54,1763963276088,1.583,1.5876,-0.2897,25719.36,0,0,1.583,1.016,1.582,3042300,1.581,13531800,1.580,11126700,1.579,10742800,1.578,2908900,1.583,11197700,1.584,11439600,1.585,10877100,1.586,4092100,1.587,1564700
sz159920,13:47:54,1763963277099,13:48:56,1763963276311,1.583,1.5876,-0.2897,25719.93,0,0,1.583,0.994,1.582,3042300,1.581,13531800,1.580,11126700,1.579,10742800,1.578,2908900,1.583,11197700,1.584,11439600,1.585,10877100,1.586,4092100,1.587,1564700
sz159920,13:47:54,1763963278103,13:48:57,1763963277274,1.583,1.5876,-0.2897,25719.93,0,0,1.583,1.005,1.582,3042300,1.581,13531800,1.580,11126700,1.579,10742800,1.578,2908900,1.583,11197700,1.584,11439600,1.585,10877100,1.586,4092100,1.587,1564700
sz159920,13:47:57,1763963279109,13:48:58,1763963278324,1.583,1.5876,-0.2897,25723.83,0,0,1.583,1.006,1.582,11068300,1.581,11295200,1.580,11063300,1.579,6742800,1.578,2908900,1.583,1932700,1.584,13676400,1.585,10940300,1.586,10472600,1.587,1564700
sz159920,13:47:57,1763963280103,13:48:59,1763963279245,1.583,1.5876,-0.2897,25723.83,0,0,1.583,0.994,1.582,11068300,1.581,11295200,1.580,11063300,1.579,6742800,1.578,2908900,1.583,1932700,1.584,13676400,1.585,10940300,1.586,10472600,1.587,1564700
sz159920,13:47:57,1763963281113,13:49:00,1763963280600,1.583,1.5876,-0.2897,25725.71,0,0,1.583,1.01,1.582,11068300,1.581,11295200,1.580,11063300,1.579,6742800,1.578,2908900,1.583,1932700,1.584,13676400,1.585,10940300,1.586,10472600,1.587,1564700
sz159920,13:48:00,1763963282108,13:49:01,1763963281287,1.582,1.5876,-0.3527,25725.71,33400,52839,1.582,0.996,1.582,15134900,1.581,11295200,1.580,10963300,1.579,3742800,1.578,2908900,1.583,148900,1.584,13676400,1.585,10940300,1.586,10472600,1.587,1945200
sz159920,13:48:00,1763963283120,13:49:02,1763963282568,1.582,1.5876,-0.3527,25724.42,0,0,1.582,1.011,1.582,15134900,1.581,11295200,1.580,10963300,1.579,3742800,1.578,2908900,1.583,148900,1.584,13676400,1.585,10940300,1.586,10472600,1.587,1945200
sz159920,13:48:00,1763963284121,13:49:03,1763963283253,1.582,1.5876,-0.3527,25724.42,0,0,1.582,1.001,1.582,15134900,1.581,11295200,1.580,10963300,1.579,3742800,1.578,2908900,1.583,148900,1.584,13676400,1.585,10940300,1.586,10472600,1.587,1945200
sz159920,13:48:03,1763963285110,13:49:04,1763963284740,1.583,1.5876,-0.2897,25724.07,53600,84848,1.583,0.989,1.582,11135400,1.581,11295200,1.580,10963300,1.579,6742800,1.578,2908900,1.583,2227800,1.584,13676400,1.585,10940300,1.586,10092100,1.587,1564700
sz159920,13:48:03,1763963286103,13:49:05,1763963285254,1.583,1.5876,-0.2897,25724.07,0,0,1.583,0.992,1.582,11135400,1.581,11295200,1.580,10963300,1.579,6742800,1.578,2908900,1.583,2227800,1.584,13676400,1.585,10940300,1.586,10092100,1.587,1564700
sz159920,13:48:03,1763963287110,13:49:06,1763963286932,1.583,1.5876,-0.2897,25722.85,0,0,1.583,1.007,1.582,11135400,1.581,11295200,1.580,10963300,1.579,6742800,1.578,2908900,1.583,2227800,1.584,13676400,1.585,10940300,1.586,10092100,1.587,1564700
sz159920,13:48:06,1763963288108,13:49:07,1763963287254,1.583,1.5876,-0.2897,25722.85,0,0,1.583,0.999,1.582,7489900,1.581,13531800,1.580,11026700,1.579,6742800,1.578,2908900,1.583,7491500,1.584,11439600,1.585,10877100,1.586,7092100,1.587,1564700
sz159920,13:48:06,1763963289109,13:49:08,1763963289043,1.583,1.5876,-0.2897,25722.88,0,0,1.583,1.001,1.582,7489900,1.581,13531800,1.580,11026700,1.579,6742800,1.578,2908900,1.583,7491500,1.584,11439600,1.585,10877100,1.586,7092100,1.587,1564700
sz159920,13:48:06,1763963290109,13:49:09,1763963289283,1.583,1.5876,-0.2897,25722.88,0,0,1.583,0.999,1.582,7489900,1.581,13531800,1.580,11026700,1.579,6742800,1.578,2908900,1.583,7491500,1.584,11439600,1.585,10877100,1.586,7092100,1.587,1564700
sz159920,13:48:09,1763963291117,13:49:10,1763963290312,1.583,1.5876,-0.2897,25725.54,2600,4116,1.5831,1.008,1.582,11134700,1.581,11295200,1.580,10963300,1.579,6742800,1.578,2908900,1.583,2137200,1.584,13676400,1.585,10940300,1.586,10092100,1.587,1564700
sz159920,13:48:09,1763963292121,13:49:11,1763963291248,1.583,1.5876,-0.2897,25725.54,0,0,1.583,1.004,1.582,11134700,1.581,11295200,1.580,10963300,1.579,6742800,1.578,2908900,1.583,2137200,1.584,13676400,1.585,10940300,1.586,10092100,1.587,1564700
sz159920,13:48:09,1763963293108,13:49:12,1763963292284,1.583,1.5876,-0.2897,25722.54,0,0,1.583,0.987,1.582,11134700,1.581,11295200,1.580,10963300,1.579,6742800,1.578,2908900,1.583,2137200,1.584,13676400,1.585,10940300,1.586,10092100,1.587,1564700
sz159920,13:48:09,1763963294121,13:49:13,1763963293351,1.583,1.5876,-0.2897,25722.54,0,0,1.583,1.013,1.582,11134700,1.581,11295200,1.580,10963300,1.579,6742800,1.578,2908900,1.583,2137200,1.584,13676400,1.585,10940300,1.586,10092100,1.587,1564700
sz159920,13:48:12,1763963295123,13:49:14,1763963294280,1.583,1.5876,-0.2897,25722.48,5900,9339,1.5829,1.002,1.582,11134700,1.581,11535500,1.580,10963300,1.579,6742800,1.578,2908900,1.583,72900,1.584,13675400,1.585,10940300,1.586,10472600,1.587,1564700
sz159920,13:48:12,1763963296121,13:49:15,1763963295511,1.583,1.5876,-0.2897,25722.48,0,0,1.583,0.998,1.582,11134700,1.581,11535500,1.580,10963300,1.579,6742800,1.578,2908900,1.583,72900,1.584,13675400,1.585,10940300,1.586,10472600,1.587,1564700
sz159920,13:48:15,1763963297138,13:49:16,1763963296314,1.582,1.5879,-0.3716,25726.34,1000,1582,1.582,1.017,1.582,14133700,1.581,11535500,1.580,10963300,1.579,3742800,1.578,2757700,1.583,74000,1.584,13688000,1.585,10940300,1.586,10472600,1.587,1945200
sz159920,13:48:15,1763963298138,13:49:17,1763963297680,1.582,1.5879,-0.3716,25726.34,0,0,1.582,0.999,1.582,14133700,1.581,11535500,1.580,10963300,1.579,3742800,1.578,2757700,1.583,74000,1.584,13688000,1.585,10940300,1.586,10472600,1.587,1945200
sz159920,13:48:15,1763963299128,13:49:18,1763963298308,1.582,1.5879,-0.3716,25722.26,0,0,1.582,0.991,1.582,14133700,1.581,11535500,1.580,10963300,1.579,3742800,1.578,2757700,1.583,74000,1.584,13688000,1.585,10940300,1.586,10472600,1.587,1945200
sz159920,13:48:18,1763963300128,13:49:19,1763963299816,1.582,1.5879,-0.3716,25722.26,1813900,2869590,1.582,1.0,1.582,9828200,1.581,11324000,1.580,10965800,1.579,6742800,1.578,2757700,1.583,1427600,1.584,13690500,1.585,10863700,1.586,10470100,1.587,1945200
sz159920,13:48:18,1763963301127,13:49:20,1763963300299,1.582,1.5879,-0.3716,25724.37,0,0,1.582,0.999,1.582,9828200,1.581,11324000,1.580,10965800,1.579,6742800,1.578,2757700,1.583,1427600,1.584,13690500,1.585,10863700,1.586,10470100,1.587,1945200
sz159920,13:48:18,1763963302130,13:49:21,1763963301976,1.582,1.5879,-0.3716,25724.37,0,0,1.582,1.003,1.582,9828200,1.581,11324000,1.580,10965800,1.579,6742800,1.578,2757700,1.583,1427600,1.584,13690500,1.585,10863700,1.586,10470100,1.587,1945200
sz159920,13:48:18,1763963303142,13:49:22,1763963302302,1.582,1.5879,-0.3716,25726.9,0,0,1.582,1.012,1.582,9828200,1.581,11324000,1.580,10965800,1.579,6742800,1.578,2757700,1.583,1427600,1.584,13690500,1.585,10863700,1.586,10470100,1.587,1945200
sz159920,13:48:21,1763963304128,13:49:23,1763963303255,1.582,1.5879,-0.3716,25726.9,0,0,1.582,0.986,1.582,9979000,1.581,11324000,1.580,10965800,1.579,6742800,1.578,2757700,1.583,2194600,1.584,13690500,1.585,10863700,1.586,10089600,1.587,1564700
sz159920,13:48:21,1763963305161,13:49:24,1763963304297,1.582,1.5879,-0.3716,25725.39,0,0,1.582,1.032,1.582,9979000,1.581,11324000,1.580,10965800,1.579,6742800,1.578,2757700,1.583,2194600,1.584,13690500,1.585,10863700,1.586,10089600,1.587,1564700
sz159920,13:48:21,1763963306128,13:49:25,1763963305251,1.582,1.5879,-0.3716,25725.39,0,0,1.582,0.968,1.582,9979000,1.581,11324000,1.580,10965800,1.579,6742800,1.578,2757700,1.583,2194600,1.584,13690500,1.585,10863700,1.586,10089600,1.587,1564700
sz159920,13:48:24,1763963307161,13:49:26,1763963306391,1.582,1.5879,-0.3716,25727.1,0,0,1.582,1.033,1.582,9979000,1.581,11324000,1.580,10965800,1.579,6742800,1.578,2757700,1.583,1850400,1.584,13767100,1.585,10863700,1.586,10470100,1.587,1564700
sz159920,13:48:24,1763963308148,13:49:27,1763963307263,1.582,1.5879,-0.3716,25727.1,0,0,1.582,0.988,1.582,9979000,1.581,11324000,1.580,10965800,1.579,6742800,1.578,2757700,1.583,1850400,1.584,13767100,1.585,10863700,1.586,10470100,1.587,1564700
sz159920,13:48:27,1763963309148,13:49:28,1763963308446,1.582,1.5879,-0.3716,25726.77,42100,66602,1.582,0.999,1.582,9936900,1.581,11324000,1.580,10966500,1.579,6742800,1.578,2757700,1.583,169800,1.584,13777800,1.585,10863700,1.586,10469200,1.587,1945200
sz159920,13:48:27,1763963310148,13:49:29,1763963309254,1.582,1.5879,-0.3716,25726.77,0,0,1.582,1.001,1.582,9936900,1.581,11324000,1.580,10966500,1.579,6742800,1.578,2757700,1.583,169800,1.584,13777800,1.585,10863700,1.586,10469200,1.587,1945200
sz159920,13:48:27,1763963311149,13:49:30,1763963310612,1.582,1.5879,-0.3716,25725.29,0,0,1.582,1.001,1.582,9936900,1.581,11324000,1.580,10966500,1.579,6742800,1.578,2757700,1.583,169800,1.584,13777800,1.585,10863700,1.586,10469200,1.587,1945200
sz159920,13:48:30,1763963312147,13:49:31,1763963311255,1.582,1.5879,-0.3716,25725.29,100,158,1.58,0.998,1.582,10936800,1.581,11324000,1.580,10966500,1.579,6752300,1.578,2757700,1.583,172400,1.584,13777800,1.585,10863700,1.586,10469200,1.587,1945200
sz159920,13:48:30,1763963313142,13:49:32,1763963312773,1.582,1.5879,-0.3716,25724.86,0,0,1.582,0.995,1.582,10936800,1.581,11324000,1.580,10966500,1.579,6752300,1.578,2757700,1.583,172400,1.584,13777800,1.585,10863700,1.586,10469200,1.587,1945200
sz159920,13:48:30,1763963314148,13:49:33,1763963313269,1.582,1.5879,-0.3716,25724.86,0,0,1.582,1.006,1.582,10936800,1.581,11324000,1.580,10966500,1.579,6752300,1.578,2757700,1.583,172400,1.584,13777800,1.585,10863700,1.586,10469200,1.587,1945200
sz159920,13:48:33,1763963315162,13:49:34,1763963314923,1.582,1.5879,-0.3716,25725.82,0,0,1.582,1.014,1.582,10938800,1.581,11324000,1.580,10966500,1.579,6752300,1.578,2757700,1.583,176400,1.584,13777800,1.585,10863800,1.586,10469200,1.587,1943500
sz159920,13:48:33,1763963316151,13:49:35,1763963315259,1.582,1.5879,-0.3716,25725.82,0,0,1.582,0.989,1.582,10938800,1.581,11324000,1.580,10966500,1.579,6752300,1.578,2757700,1.583,176400,1.584,13777800,1.585,10863800,1.586,10469200,1.587,1943500
sz159920,13:48:33,1763963317161,13:49:36,1763963317132,1.582,1.5879,-0.3716,25725.73,0,0,1.582,1.009,1.582,10938800,1.581,11324000,1.580,10966500,1.579,6752300,1.578,2757700,1.583,176400,1.584,13777800,1.585,10863800,1.586,10469200,1.587,1943500
sz159920,13:48:36,1763963318153,13:49:37,1763963317267,1.582,1.5879,-0.3716,25725.73,1800,2848,1.5822,0.992,1.582,13937000,1.581,11324000,1.580,10966500,1.579,3752300,1.578,2757700,1.583,136600,1.584,13777800,1.585,10863800,1.586,10469200,1.587,1943500
sz159920,13:48:36,1763963319167,13:49:38,1763963318306,1.582,1.5879,-0.3716,25726.48,0,0,1.582,1.014,1.582,13937000,1.581,11324000,1.580,10966500,1.579,3752300,1.578,2757700,1.583,136600,1.584,13777800,1.585,10863800,1.586,10469200,1.587,1943500
sz159920,13:48:36,1763963320176,13:49:39,1763963319251,1.582,1.5879,-0.3716,25726.48,0,0,1.582,1.009,1.582,13937000,1.581,11324000,1.580,10966500,1.579,3752300,1.578,2757700,1.583,136600,1.584,13777800,1.585,10863800,1.586,10469200,1.587,1943500
sz159920,13:48:36,1763963321165,13:49:40,1763963320298,1.582,1.5879,-0.3716,25725.87,0,0,1.582,0.989,1.582,13937000,1.581,11324000,1.580,10966500,1.579,3752300,1.578,2757700,1.583,136600,1.584,13777800,1.585,10863800,1.586,10469200,1.587,1943500
sz159920,13:48:39,1763963322178,13:49:41,1763963321403,1.582,1.5879,-0.3716,25725.87,6400,10130,1.5828,1.013,1.582,10935500,1.581,11324000,1.580,10966500,1.579,6752300,1.578,2757700,1.583,202100,1.584,13777800,1.585,10867800,1.586,10469200,1.587,1943500
sz159920,13:48:39,1763963323173,13:49:42,1763963322289,1.582,1.5879,-0.3716,25727.42,0,0,1.582,0.995,1.582,10935500,1.581,11324000,1.580,10966500,1.579,6752300,1.578,2757700,1.583,202100,1.584,13777800,1.585,10867800,1.586,10469200,1.587,1943500
sz159920,13:48:42,1763963324163,13:49:43,1763963323551,1.583,1.5879,-0.3086,25727.42,1700,2691,1.5829,0.989,1.582,9935500,1.581,11324000,1.580,10966500,1.579,6752300,1.578,2757700,1.583,205400,1.584,13782900,1.585,10867800,1.586,10469200,1.587,1943500
sz159920,13:48:42,1763963325168,13:49:44,1763963324305,1.583,1.5879,-0.3086,25726.58,0,0,1.583,1.005,1.582,9935500,1.581,11324000,1.580,10966500,1.579,6752300,1.578,2757700,1.583,205400,1.584,13782900,1.585,10867800,1.586,10469200,1.587,1943500
sz159920,13:48:42,1763963326172,13:49:45,1763963325712,1.583,1.5879,-0.3086,25726.58,0,0,1.583,1.004,1.582,9935500,1.581,11324000,1.580,10966500,1.579,6752300,1.578,2757700,1.583,205400,1.584,13782900,1.585,10867800,1.586,10469200,1.587,1943500
sz159920,13:48:42,1763963327175,13:49:46,1763963326303,1.583,1.5879,-0.3086,25726.77,0,0,1.583,1.003,1.582,9935500,1.581,11324000,1.580,10966500,1.579,6752300,1.578,2757700,1.583,205400,1.584,13782900,1.585,10867800,1.586,10469200,1.587,1943500
sz159920,13:48:45,1763963328174,13:49:47,1763963327864,1.582,1.588,-0.3778,25726.77,7100,11232,1.582,0.998,1.582,10928400,1.581,11324000,1.580,10966500,1.579,6752300,1.578,2757700,1.583,220400,1.584,13782900,1.585,10867800,1.586,10469200,1.587,1943500
sz159920,13:48:45,1763963329168,13:49:48,1763963328286,1.582,1.588,-0.3778,25729.12,0,0,1.582,0.994,1.582,10928400,1.581,11324000,1.580,10966500,1.579,6752300,1.578,2757700,1.583,220400,1.584,13782900,1.585,10867800,1.586,10469200,1.587,1943500
sz159920,13:48:48,1763963330169,13:49:49,1763963330022,1.583,1.588,-0.3149,25729.12,201000,318183,1.583,1.002,1.582,10960400,1.581,11324000,1.580,10966900,1.579,6752300,1.578,2757700,1.583,79600,1.584,13782900,1.585,10867800,1.586,10469200,1.587,1943500
sz159920,13:48:48,1763963331192,13:49:50,1763963330296,1.583,1.588,-0.3149,25726.86,0,0,1.583,1.022,1.582,10960400,1.581,11324000,1.580,10966900,1.579,6752300,1.578,2757700,1.583,79600,1.584,13782900,1.585,10867800,1.586,10469200,1.587,1943500
sz159920,13:48:48,1763963332173,13:49:51,1763963331261,1.583,1.588,-0.3149,25726.86,0,0,1.583,0.982,1.582,10960400,1.581,11324000,1.580,10966900,1.579,6752300,1.578,2757700,1.583,79600,1.584,13782900,1.585,10867800,1.586,10469200,1.587,1943500
sz159920,13:48:48,1763963333183,13:49:52,1763963332288,1.583,1.588,-0.3149,25727.14,0,0,1.583,1.01,1.582,10960400,1.581,11324000,1.580,10966900,1.579,6752300,1.578,2757700,1.583,79600,1.584,13782900,1.585,10867800,1.586,10469200,1.587,1943500
sz159920,13:48:51,1763963334183,13:49:53,1763963333259,1.583,1.588,-0.3149,25727.14,83600,132335,1.583,1.001,1.583,70400,1.582,13956400,1.581,11324000,1.580,10966900,1.579,3682300,1.584,13782900,1.585,10867800,1.586,10469200,1.587,2013500,1.588,1461100
sz159920,13:48:51,1763963335189,13:49:54,1763963334346,1.583,1.588,-0.3149,25725.26,0,0,1.583,1.005,1.583,70400,1.582,13956400,1.581,11324000,1.580,10966900,1.579,3682300,1.584,13782900,1.585,10867800,1.586,10469200,1.587,2013500,1.588,1461100
sz159920,13:48:54,1763963336200,13:49:54,1763963334346,1.583,1.588,-0.3149,25725.26,0,0,1.583,1.012,1.583,70400,1.582,10956400,1.581,11387400,1.580,10903500,1.579,6682300,1.584,13782900,1.585,10804600,1.586,10532400,1.587,2013500,1.588,1461100
sz159920,13:48:54,1763963337193,13:49:56,1763963336498,1.583,1.588,-0.3149,25727.23,0,0,1.583,0.993,1.583,70400,1.582,10956400,1.581,11387400,1.580,10903500,1.579,6682300,1.584,13782900,1.585,10804600,1.586,10532400,1.587,2013500,1.588,1461100
sz159920,13:48:54,1763963338188,13:49:57,1763963337266,1.583,1.588,-0.3149,25727.23,0,0,1.583,0.996,1.583,70400,1.582,10956400,1.581,11387400,1.580,10903500,1.579,6682300,1.584,13782900,1.585,10804600,1.586,10532400,1.587,2013500,1.588,1461100
sz159920,13:48:57,1763963339190,13:49:58,1763963338658,1.583,1.588,-0.3149,25729.57,31700,50206,1.5838,1.001,1.583,63300,1.582,9956700,1.581,11387400,1.580,10903500,1.579,6682300,1.584,13801400,1.585,10804600,1.586,10532400,1.587,2013500,1.588,1461100
sz159920,13:48:57,1763963340184,13:49:59,1763963339252,1.583,1.588,-0.3149,25729.57,0,0,1.583,0.994,1.583,63300,1.582,9956700,1.581,11387400,1.580,10903500,1.579,6682300,1.584,13801400,1.585,10804600,1.586,10532400,1.587,2013500,1.588,1461100
sz159920,13:48:57,1763963341201,13:50:00,1763963340823,1.583,1.588,-0.3149,25726.48,0,0,1.583,1.017,1.583,63300,1.582,9956700,1.581,11387400,1.580,10903500,1.579,6682300,1.584,13801400,1.585,10804600,1.586,10532400,1.587,2013500,1.588,1461100
sz159920,13:49:00,1763963342204,13:50:01,1763963341251,1.583,1.5879,-0.3086,25726.48,25500,40366,1.583,1.003,1.583,38300,1.582,13956700,1.581,11387400,1.580,10903500,1.579,3682300,1.584,13801400,1.585,10804600,1.586,10532400,1.587,2013500,1.588,1461100
sz159920,13:49:00,1763963343193,13:50:02,1763963343028,1.583,1.5879,-0.3086,25725.56,0,0,1.583,0.988,1.583,38300,1.582,13956700,1.581,11387400,1.580,10903500,1.579,3682300,1.584,13801400,1.585,10804600,1.586,10532400,1.587,2013500,1.588,1461100
sz159920,13:49:00,1763963344195,13:50:03,1763963343601,1.583,1.5879,-0.3086,25725.56,0,0,1.583,1.003,1.583,38300,1.582,13956700,1.581,11387400,1.580,10903500,1.579,3682300,1.584,13801400,1.585,10804600,1.586,10532400,1.587,2013500,1.588,1461100
sz159920,13:49:03,1763963345201,13:50:04,1763963345180,1.584,1.5879,-0.2456,25725.27,10000,15840,1.584,1.006,1.583,38300,1.582,10956700,1.581,11387400,1.580,10903500,1.579,6682300,1.584,13795900,1.585,10804600,1.586,10532400,1.587,2013500,1.588,1494100
sz159920,13:49:03,1763963346197,13:50:05,1763963345267,1.584,1.5879,-0.2456,25725.27,0,0,1.584,0.996,1.583,38300,1.582,10956700,1.581,11387400,1.580,10903500,1.579,6682300,1.584,13795900,1.585,10804600,1.586,10532400,1.587,2013500,1.588,1494100
sz159920,13:49:03,1763963347202,13:50:06,1763963346270,1.584,1.5879,-0.2456,25727.05,0,0,1.584,1.004,1.583,38300,1.582,10956700,1.581,11387400,1.580,10903500,1.579,6682300,1.584,13795900,1.585,10804600,1.586,10532400,1.587,2013500,1.588,1494100
sz159920,13:49:06,1763963348230,13:50:07,1763963347299,1.584,1.5879,-0.2456,25727.05,0,0,1.584,1.028,1.583,38300,1.582,9956700,1.581,11387400,1.580,10903500,1.579,6682300,1.584,13795900,1.585,10778100,1.586,10532400,1.587,2013300,1.588,1494100
sz159920,13:49:06,1763963349257,13:50:08,1763963348282,1.584,1.5879,-0.2456,25724.96,0,0,1.584,1.027,1.583,38300,1.582,9956700,1.581,11387400,1.580,10903500,1.579,6682300,1.584,13795900,1.585,10778100,1.586,10532400,1.587,2013300,1.588,1494100
sz159920,13:49:06,1763963350206,13:50:09,1763963349468,1.584,1.5879,-0.2456,25724.96,0,0,1.584,0.949,1.583,38300,1.582,9956700,1.581,11387400,1.580,10903500,1.579,6682300,1.584,13795900,1.585,10778100,1.586,10532400,1.587,2013300,1.588,1494100
sz159920,13:49:09,1763963351204,13:50:10,1763963350296,1.583,1.5879,-0.3086,25724.84,38300,60629,1.583,0.999,1.582,9956700,1.581,11387400,1.580,10903500,1.579,6752300,1.578,2757700,1.583,950600,1.584,13795900,1.585,10778100,1.586,10532400,1.587,1562800
sz159920,13:49:09,1763963352216,13:50:11,1763963351648,1.583,1.5879,-0.3086,25724.84,0,0,1.583,1.012,1.582,9956700,1.581,11387400,1.580,10903500,1.579,6752300,1.578,2757700,1.583,950600,1.584,13795900,1.585,10778100,1.586,10532400,1.587,1562800
sz159920,13:49:09,1763963353216,13:50:12,1763963352275,1.583,1.5879,-0.3086,25724.11,0,0,1.583,0.999,1.582,9956700,1.581,11387400,1.580,10903500,1.579,6752300,1.578,2757700,1.583,950600,1.584,13795900,1.585,10778100,1.586,10532400,1.587,1562800
sz159920,13:49:12,1763963354209,13:50:13,1763963353794,1.583,1.5879,-0.3086,25724.11,3800,6012,1.5821,0.993,1.582,9953200,1.581,11324000,1.580,10966900,1.579,6752300,1.578,2757700,1.583,100,1.584,13797500,1.585,10841300,1.586,10469200,1.587,1943300
sz159920,13:49:12,1763963355209,13:50:14,1763963354308,1.583,1.5879,-0.3086,25724.48,0,0,1.583,1.001,1.582,9953200,1.581,11324000,1.580,10966900,1.579,6752300,1.578,2757700,1.583,100,1.584,13797500,1.585,10841300,1.586,10469200,1.587,1943300
sz159920,13:49:12,1763963356218,13:50:15,1763963355952,1.583,1.5879,-0.3086,25724.48,0,0,1.583,1.009,1.582,9953200,1.581,11324000,1.580,10966900,1.579,6752300,1.578,2757700,1.583,100,1.584,13797500,1.585,10841300,1.586,10469200,1.587,1943300
sz159920,13:49:12,1763963357211,13:50:16,1763963356427,1.583,1.5879,-0.3086,25725.56,0,0,1.583,0.992,1.582,9953200,1.581,11324000,1.580,10966900,1.579,6752300,1.578,2757700,1.583,100,1.584,13797500,1.585,10841300,1.586,10469200,1.587,1943300
sz159920,13:49:15,1763963358226,13:50:17,1763963358201,1.583,1.5879,-0.3086,25725.56,35400,56038,1.583,1.015,1.582,9953200,1.581,11324000,1.580,10966900,1.579,6752300,1.578,2757700,1.583,2026100,1.584,13797500,1.585,10841300,1.586,10088700,1.587,1562800
sz159920,13:49:15,1763963359232,13:50:18,1763963358304,1.583,1.5879,-0.3086,25725.35,0,0,1.583,1.006,1.582,9953200,1.581,11324000,1.580,10966900,1.579,6752300,1.578,2757700,1.583,2026100,1.584,13797500,1.585,10841300,1.586,10088700,1.587,1562800
sz159920,13:49:18,1763963360226,13:50:19,1763963359258,1.583,1.5879,-0.3086,25725.35,0,0,1.583,0.994,1.582,9953200,1.581,11324000,1.580,10966900,1.579,6752300,1.578,2757700,1.583,380500,1.584,13797500,1.585,10854500,1.586,10469300,1.587,1562800
sz159920,13:49:18,1763963361227,13:50:20,1763963360326,1.583,1.5879,-0.3086,25726.84,0,0,1.583,1.001,1.582,9953200,1.581,11324000,1.580,10966900,1.579,6752300,1.578,2757700,1.583,380500,1.584,13797500,1.585,10854500,1.586,10469300,1.587,1562800
sz159920,13:49:18,1763963362224,13:50:21,1763963361240,1.583,1.5879,-0.3086,25726.84,0,0,1.583,0.996,1.582,9953200,1.581,11324000,1.580,10966900,1.579,6752300,1.578,2757700,1.583,380500,1.584,13797500,1.585,10854500,1.586,10469300,1.587,1562800
sz159920,13:49:21,1763963363233,13:50:22,1763963362418,1.583,1.5879,-0.3086,25727.0,7000,11081,1.583,1.009,1.583,4900,1.582,13953200,1.581,11324000,1.580,10966900,1.579,3682300,1.584,13797500,1.585,10854500,1.586,10469300,1.587,2013300,1.588,1494100
sz159920,13:49:21,1763963364238,13:50:23,1763963363263,1.583,1.5879,-0.3086,25727.0,0,0,1.583,1.005,1.583,4900,1.582,13953200,1.581,11324000,1.580,10966900,1.579,3682300,1.584,13797500,1.585,10854500,1.586,10469300,1.587,2013300,1.588,1494100
sz159920,13:49:21,1763963365234,13:50:24,1763963364583,1.583,1.5879,-0.3086,25727.68,0,0,1.583,0.996,1.583,4900,1.582,13953200,1.581,11324000,1.580,10966900,1.579,3682300,1.584,13797500,1.585,10854500,1.586,10469300,1.587,2013300,1.588,1494100
sz159920,13:49:21,1763963366228,13:50:25,1763963365253,1.583,1.5879,-0.3086,25727.68,0,0,1.583,0.994,1.583,4900,1.582,13953200,1.581,11324000,1.580,10966900,1.579,3682300,1.584,13797500,1.585,10854500,1.586,10469300,1.587,2013300,1.588,1494100
sz159920,13:49:24,1763963367232,13:50:26,1763963366732,1.583,1.5879,-0.3086,25729.29,1000,1583,1.583,1.004,1.582,9953200,1.581,11387400,1.580,10903500,1.579,6752300,1.578,2757700,1.583,6100,1.584,13797500,1.585,10791300,1.586,10532500,1.587,1943300
sz159920,13:49:24,1763963368239,13:50:27,1763963367262,1.583,1.5879,-0.3086,25729.29,0,0,1.583,1.006,1.582,9953200,1.581,11387400,1.580,10903500,1.579,6752300,1.578,2757700,1.583,6100,1.584,13797500,1.585,10791300,1.586,10532500,1.587,1943300
sz159920,13:49:24,1763963369238,13:50:28,1763963368954,1.583,1.5879,-0.3086,25727.74,0,0,1.583,0.999,1.582,9953200,1.581,11387400,1.580,10903500,1.579,6752300,1.578,2757700,1.583,6100,1.584,13797500,1.585,10791300,1.586,10532500,1.587,1943300
sz159920,13:49:27,1763963370248,13:50:29,1763963369257,1.583,1.5879,-0.3086,25727.74,0,0,1.583,1.011,1.583,100,1.582,13953200,1.581,11324000,1.580,10966900,1.579,3682300,1.584,13797500,1.585,10854700,1.586,10469300,1.587,2013300,1.588,1494100
sz159920,13:49:27,1763963371236,13:50:30,1763963371104,1.583,1.5879,-0.3086,25726.03,0,0,1.583,0.987,1.583,100,1.582,13953200,1.581,11324000,1.580,10966900,1.579,3682300,1.584,13797500,1.585,10854700,1.586,10469300,1.587,2013300,1.588,1494100
sz159920,13:49:30,1763963372244,13:50:31,1763963371252,1.583,1.5879,-0.3086,25726.03,1100,1741,1.5827,1.009,1.583,500100,1.582,13700600,1.581,11710600,1.580,10903500,1.579,3682300,1.584,13797500,1.585,10791500,1.586,10532500,1.587,2013600,1.588,1494100
sz159920,13:49:30,1763963373248,13:50:32,1763963373205,1.583,1.5879,-0.3086,25727.55,0,0,1.583,1.004,1.583,500100,1.582,13700600,1.581,11710600,1.580,10903500,1.579,3682300,1.584,13797500,1.585,10791500,1.586,10532500,1.587,2013600,1.588,1494100
sz159920,13:49:30,1763963374245,13:50:33,1763963373262,1.583,1.5879,-0.3086,25727.55,0,0,1.583,0.997,1.583,500100,1.582,13700600,1.581,11710600,1.580,10903500,1.579,3682300,1.584,13797500,1.585,10791500,1.586,10532500,1.587,2013600,1.588,1494100
sz159920,13:49:33,1763963375254,13:50:34,1763963374273,1.584,1.5879,-0.2456,25729.85,7400,11721,1.5839,1.009,1.583,536200,1.582,13700600,1.581,11710600,1.580,10903500,1.579,3682300,1.584,13790900,1.585,10791500,1.586,10532500,1.587,2013600,1.588,1494100
sz159920,13:49:33,1763963376324,13:50:36,1763963376289,1.584,1.5879,-0.2456,25728.85,0,0,1.584,1.07,1.583,536200,1.582,13700600,1.581,11710600,1.580,10903500,1.579,3682300,1.584,13790900,1.585,10791500,1.586,10532500,1.587,2013600,1.588,1494100
sz159920,13:49:33,1763963377252,13:50:37,1763963377249,1.584,1.5879,-0.2456,25728.85,0,0,1.584,0.929,1.583,536200,1.582,13700600,1.581,11710600,1.580,10903500,1.579,3682300,1.584,13790900,1.585,10791500,1.586,10532500,1.587,2013600,1.588,1494100
sz159920,13:49:33,1763963378260,13:50:37,1763963377555,1.584,1.5879,-0.2456,25728.85,0,0,1.584,1.008,1.583,536200,1.582,13700600,1.581,11710600,1.580,10903500,1.579,3682300,1.584,13790900,1.585,10791500,1.586,10532500,1.587,2013600,1.588,1494100
sz159920,13:49:36,1763963379254,13:50:38,1763963378301,1.584,1.5879,-0.2456,25731.93,100,159,1.59,0.993,1.583,36900,1.582,13700600,1.581,11710600,1.580,10903500,1.579,3682300,1.584,13790800,1.585,10791500,1.586,10532500,1.587,2013600,1.588,1494100
sz159920,13:49:36,1763963380264,13:50:39,1763963379911,1.584,1.5879,-0.2456,25731.93,0,0,1.584,1.01,1.583,36900,1.582,13700600,1.581,11710600,1.580,10903500,1.579,3682300,1.584,13790800,1.585,10791500,1.586,10532500,1.587,2013600,1.588,1494100
sz159920,13:49:39,1763963381262,13:50:41,1763963381248,1.583,1.5879,-0.3086,25729.65,14700,23271,1.5831,0.999,1.583,23900,1.582,12700600,1.581,11710600,1.580,10903500,1.579,3682300,1.584,13789100,1.585,10791500,1.586,10532500,1.587,2013600,1.588,1494100
sz159920,13:49:39,1763963382255,13:50:41,1763963381854,1.583,1.5879,-0.3086,25729.65,0,0,1.583,0.993,1.583,23900,1.582,12700600,1.581,11710600,1.580,10903500,1.579,3682300,1.584,13789100,1.585,10791500,1.586,10532500,1.587,2013600,1.588,1494100
sz159920,13:49:39,1763963383263,13:50:43,1763963383254,1.583,1.5879,-0.3086,25729.17,0,0,1.583,1.008,1.583,23900,1.582,12700600,1.581,11710600,1.580,10903500,1.579,3682300,1.584,13789100,1.585,10791500,1.586,10532500,1.587,2013600,1.588,1494100
sz159920,13:49:39,1763963384261,13:50:43,1763963384006,1.583,1.5879,-0.3086,25729.17,0,0,1.583,0.998,1.583,23900,1.582,12700600,1.581,11710600,1.580,10903500,1.579,3682300,1.584,13789100,1.585,10791500,1.586,10532500,1.587,2013600,1.588,1494100
sz159920,13:49:42,1763963385257,13:50:45,1763963385246,1.583,1.5879,-0.3086,25726.14,0,0,1.583,0.996,1.583,30700,1.582,9701600,1.581,11710600,1.580,10903500,1.579,6682300,1.584,13789100,1.585,10791500,1.586,10532500,1.587,2013600,1.588,1494100
sz159920,13:49:42,1763963386273,13:50:45,1763963386241,1.583,1.5879,-0.3086,25726.14,0,0,1.583,1.016,1.583,30700,1.582,9701600,1.581,11710600,1.580,10903500,1.579,6682300,1.584,13789100,1.585,10791500,1.586,10532500,1.587,2013600,1.588,1494100
sz159920,13:49:42,1763963387278,13:50:47,1763963387258,1.583,1.5879,-0.3086,25727.7,0,0,1.583,1.005,1.583,30700,1.582,9701600,1.581,11710600,1.580,10903500,1.579,6682300,1.584,13789100,1.585,10791500,1.586,10532500,1.587,2013600,1.588,1494100
sz159920,13:49:45,1763963388275,13:50:47,1763963387258,1.583,1.5883,-0.3337,25727.7,10000,15830,1.583,0.998,1.583,20700,1.582,9701600,1.581,11710600,1.580,10903500,1.579,6682300,1.584,13789100,1.585,10791500,1.586,10532500,1.587,2013600,1.588,1494100
sz159920,13:49:45,1763963389263,13:50:48,1763963388293,1.583,1.5883,-0.3337,25727.4,0,0,1.583,0.988,1.583,20700,1.582,9701600,1.581,11710600,1.580,10903500,1.579,6682300,1.584,13789100,1.585,10791500,1.586,10532500,1.587,2013600,1.588,1494100
sz159920,13:49:48,1763963390275,13:50:49,1763963389267,1.583,1.5883,-0.3337,25727.4,20700,32768,1.583,1.012,1.582,9701600,1.581,11710600,1.580,10903500,1.579,6752300,1.578,2757700,1.583,1380800,1.584,13789100,1.585,10791500,1.586,10532500,1.587,1943600
sz159920,13:49:48,1763963391283,13:50:51,1763963391263,1.583,1.5883,-0.3337,25726.6,0,0,1.583,1.008,1.582,9701600,1.581,11710600,1.580,10903500,1.579,6752300,1.578,2757700,1.583,1380800,1.584,13789100,1.585,10791500,1.586,10532500,1.587,1943600
sz159920,13:49:48,1763963392279,13:50:51,1763963391263,1.583,1.5883,-0.3337,25726.6,0,0,1.583,0.996,1.582,9701600,1.581,11710600,1.580,10903500,1.579,6752300,1.578,2757700,1.583,1380800,1.584,13789100,1.585,10791500,1.586,10532500,1.587,1943600
sz159920,13:49:51,1763963393287,13:50:53,1763963393278,1.583,1.5883,-0.3337,25725.5,0,0,1.583,1.008,1.582,5701600,1.581,11647200,1.580,10966900,1.579,10752300,1.578,2757700,1.583,2141800,1.584,13789100,1.585,10854700,1.586,10088800,1.587,1563100
sz159920,13:49:51,1763963394283,13:50:53,1763963393278,1.583,1.5883,-0.3337,25725.5,0,0,1.583,0.996,1.582,5701600,1.581,11647200,1.580,10966900,1.579,10752300,1.578,2757700,1.583,2141800,1.584,13789100,1.585,10854700,1.586,10088800,1.587,1563100
sz159920,13:49:51,1763963395295,13:50:55,1763963395288,1.583,1.5883,-0.3337,25723.43,0,0,1.583,1.012,1.582,5701600,1.581,11647200,1.580,10966900,1.579,10752300,1.578,2757700,1.583,2141800,1.584,13789100,1.585,10854700,1.586,10088800,1.587,1563100
sz159920,13:49:54,1763963396286,13:50:55,1763963395288,1.583,1.5883,-0.3337,25723.43,23800,37676,1.583,0.992,1.582,2556500,1.581,13883800,1.580,11030300,1.579,10752300,1.578,2757700,1.583,11010500,1.584,11552300,1.585,10791500,1.586,4088800,1.587,1563100
sz159920,13:49:54,1763963397288,13:50:57,1763963397267,1.583,1.5883,-0.3337,25724.73,0,0,1.583,1.001,1.582,2556500,1.581,13883800,1.580,11030300,1.579,10752300,1.578,2757700,1.583,11010500,1.584,11552300,1.585,10791500,1.586,4088800,1.587,1563100
sz159920,13:49:54,1763963398284,13:50:57,1763963397267,1.583,1.5883,-0.3337,25724.73,0,0,1.583,0.996,1.582,2556500,1.581,13883800,1.580,11030300,1.579,10752300,1.578,2757700,1.583,11010500,1.584,11552300,1.585,10791500,1.586,4088800,1.587,1563100
sz159920,13:49:57,1763963399282,13:50:59,1763963399268,1.583,1.5883,-0.3337,25723.62,1000,1583,1.583,0.998,1.582,2456500,1.581,13883800,1.580,11130300,1.579,10752300,1.578,2757700,1.583,7656700,1.584,11552300,1.585,10791500,1.586,7088800,1.587,1563100
sz159920,13:49:57,1763963400292,13:51:00,1763963400270,1.583,1.5883,-0.3337,25723.62,0,0,1.583,1.01,1.582,2456500,1.581,13883800,1.580,11130300,1.579,10752300,1.578,2757700,1.583,7656700,1.584,11552300,1.585,10791500,1.586,7088800,1.587,1563100
sz159920,13:49:57,1763963401296,13:51:00,1763963401258,1.583,1.5883,-0.3337,25723.95,0,0,1.583,1.004,1.582,2456500,1.581,13883800,1.580,11130300,1.579,10752300,1.578,2757700,1.583,7656700,1.584,11552300,1.585,10791500,1.586,7088800,1.587,1563100
sz159920,13:49:57,1763963402304,13:51:00,1763963401258,1.583,1.5883,-0.3337,25723.95,0,0,1.583,1.008,1.582,2456500,1.581,13883800,1.580,11130300,1.579,10752300,1.578,2757700,1.583,7656700,1.584,11552300,1.585,10791500,1.586,7088800,1.587,1563100
sz159920,13:50:00,1763963403288,13:51:03,1763963403258,1.583,1.5883,-0.3337,25721.67,0,0,1.583,0.984,1.582,2456500,1.581,13883800,1.580,11130300,1.579,10752300,1.578,2757700,1.583,11241400,1.584,11585300,1.585,10791500,1.586,4088800,1.587,1563100
sz159920,13:50:00,1763963404308,13:51:04,1763963404296,1.583,1.5883,-0.3337,25717.82,0,0,1.583,1.02,1.582,2456500,1.581,13883800,1.580,11130300,1.579,10752300,1.578,2757700,1.583,11241400,1.584,11585300,1.585,10791500,1.586,4088800,1.587,1563100
sz159920,13:50:03,1763963405308,13:51:05,1763963405274,1.583,1.5879,-0.3086,25717.82,0,0,1.583,1.0,1.582,1986000,1.581,13883800,1.580,11130300,1.579,10752300,1.578,2757700,1.583,12240400,1.584,11592100,1.585,10791500,1.586,3998800,1.587,1563100
sz159920,13:50:03,1763963406304,13:51:05,1763963405577,1.583,1.5879,-0.3086,25717.82,0,0,1.583,0.996,1.582,1986000,1.581,13883800,1.580,11130300,1.579,10752300,1.578,2757700,1.583,12240400,1.584,11592100,1.585,10791500,1.586,3998800,1.587,1563100
sz159920,13:50:03,1763963407310,13:51:07,1763963407295,1.583,1.5879,-0.3086,25718.54,0,0,1.583,1.006,1.582,1986000,1.581,13883800,1.580,11130300,1.579,10752300,1.578,2757700,1.583,12240400,1.584,11592100,1.585,10791500,1.586,3998800,1.587,1563100
sz159920,13:50:03,1763963408302,13:51:08,1763963408297,1.583,1.5879,-0.3086,25716.8,0,0,1.583,0.993,1.582,1986000,1.581,13883800,1.580,11130300,1.579,10752300,1.578,2757700,1.583,12240400,1.584,11592100,1.585,10791500,1.586,3998800,1.587,1563100
sz159920,13:50:06,1763963409303,13:51:09,1763963409250,1.583,1.5879,-0.3086,25716.8,21500,34034,1.583,1.001,1.582,8666500,1.581,11647200,1.580,11066900,1.579,6872300,1.578,2757700,1.583,2476800,1.584,13808900,1.585,10854700,1.586,9998800,1.587,1563100
sz159920,13:50:06,1763963410316,13:51:10,1763963410289,1.583,1.5879,-0.3086,25718.16,0,0,1.583,1.013,1.582,8666500,1.581,11647200,1.580,11066900,1.579,6872300,1.578,2757700,1.583,2476800,1.584,13808900,1.585,10854700,1.586,9998800,1.587,1563100
sz159920,13:50:06,1763963411300,13:51:11,1763963411267,1.583,1.5879,-0.3086,25718.16,0,0,1.583,0.984,1.582,8666500,1.581,11647200,1.580,11066900,1.579,6872300,1.578,2757700,1.583,2476800,1.584,13808900,1.585,10854700,1.586,9998800,1.587,1563100
sz159920,13:50:09,1763963412318,13:51:12,1763963412303,1.583,1.5879,-0.3086,25721.27,0,0,1.583,1.018,1.582,9762100,1.581,11647200,1.580,11066900,1.579,6872300,1.578,2757700,1.583,2476800,1.584,13808900,1.585,10854700,1.586,9998800,1.587,1563100
sz159920,13:50:09,1763963413317,13:51:13,1763963413285,1.583,1.5879,-0.3086,25721.27,0,0,1.583,0.999,1.582,9762100,1.581,11647200,1.580,11066900,1.579,6872300,1.578,2757700,1.583,2476800,1.584,13808900,1.585,10854700,1.586,9998800,1.587,1563100
sz159920,13:50:12,1763963414322,13:51:14,1763963414307,1.583,1.5879,-0.3086,25721.0,3300,5223,1.5827,1.004,1.582,7844800,1.581,13947200,1.580,11066900,1.579,6782300,1.578,2757700,1.583,5974600,1.584,13808900,1.585,10854700,1.586,6998800,1.587,1563100
sz159920,13:50:12,1763963415319,13:51:15,1763963415260,1.583,1.5879,-0.3086,25721.0,0,0,1.583,0.997,1.582,7844800,1.581,13947200,1.580,11066900,1.579,6782300,1.578,2757700,1.583,5974600,1.584,13808900,1.585,10854700,1.586,6998800,1.587,1563100
sz159920,13:50:12,1763963416344,13:51:16,1763963416334,1.583,1.5879,-0.3086,25721.35,0,0,1.583,1.025,1.582,7844800,1.581,13947200,1.580,11066900,1.579,6782300,1.578,2757700,1.583,5974600,1.584,13808900,1.585,10854700,1.586,6998800,1.587,1563100
sz159920,13:50:15,1763963417317,13:51:17,1763963417311,1.583,1.5879,-0.3086,25721.35,200,317,1.585,0.973,1.582,8889300,1.581,11647200,1.580,11066900,1.579,6782300,1.578,2757700,1.583,2884400,1.584,13808900,1.585,11104700,1.586,10088800,1.587,1313100
sz159920,13:50:15,1763963418343,13:51:18,1763963418322,1.583,1.5879,-0.3086,25720.43,0,0,1.583,1.026,1.582,8889300,1.581,11647200,1.580,11066900,1.579,6782300,1.578,2757700,1.583,2884400,1.584,13808900,1.585,11104700,1.586,10088800,1.587,1313100
sz159920,13:50:15,1763963419317,13:51:19,1763963419261,1.583,1.5879,-0.3086,25720.43,0,0,1.583,0.974,1.582,8889300,1.581,11647200,1.580,11066900,1.579,6782300,1.578,2757700,1.583,2884400,1.584,13808900,1.585,11104700,1.586,10088800,1.587,1313100
sz159920,13:50:18,1763963420342,13:51:20,1763963420331,1.583,1.5875,-0.2835,25719.66,80000,126640,1.583,1.024,1.582,2589300,1.581,13883800,1.580,11130300,1.579,10782300,1.578,2757700,1.583,11656600,1.584,11564100,1.585,11041500,1.586,4088800,1.587,1313100
sz159920,13:50:18,1763963421329,13:51:21,1763963421314,1.583,1.5875,-0.2835,25719.66,0,0,1.583,0.988,1.582,2589300,1.581,13883800,1.580,11130300,1.579,10782300,1.578,2757700,1.583,11656600,1.584,11564100,1.585,11041500,1.586,4088800,1.587,1313100
sz159920,13:50:18,1763963422330,13:51:22,1763963422321,1.583,1.5875,-0.2835,25718.96,0,0,1.583,1.0,1.582,2589300,1.581,13883800,1.580,11130300,1.579,10782300,1.578,2757700,1.583,11656600,1.584,11564100,1.585,11041500,1.586,4088800,1.587,1313100
sz159920,13:50:21,1763963423335,13:51:23,1763963423301,1.583,1.5875,-0.2835,25718.96,0,0,1.583,1.005,1.582,10144800,1.581,11647200,1.580,11066900,1.579,6872300,1.578,2757700,1.583,5170100,1.584,11496400,1.585,11104700,1.586,9998800,1.587,1313100
sz159920,13:50:21,1763963424335,13:51:24,1763963424319,1.583,1.5875,-0.2835,25719.68,0,0,1.583,1.0,1.582,10144800,1.581,11647200,1.580,11066900,1.579,6872300,1.578,2757700,1.583,5170100,1.584,11496400,1.585,11104700,1.586,9998800,1.587,1313100
sz159920,13:50:21,1763963425337,13:51:25,1763963425273,1.583,1.5875,-0.2835,25719.68,0,0,1.583,1.002,1.582,10144800,1.581,11647200,1.580,11066900,1.579,6872300,1.578,2757700,1.583,5170100,1.584,11496400,1.585,11104700,1.586,9998800,1.587,1313100
sz159920,13:50:21,1763963426329,13:51:26,1763963426307,1.583,1.5875,-0.2835,25718.08,0,0,1.583,0.992,1.582,10144800,1.581,11647200,1.580,11066900,1.579,6872300,1.578,2757700,1.583,5170100,1.584,11496400,1.585,11104700,1.586,9998800,1.587,1313100
sz159920,13:50:24,1763963427336,13:51:27,1763963427253,1.583,1.5875,-0.2835,25718.08,0,0,1.583,1.008,1.582,6499300,1.581,13883800,1.580,11130300,1.579,6872300,1.578,2757700,1.583,11754600,1.584,11559400,1.585,11041500,1.586,3998800,1.587,1313100
sz159920,13:50:24,1763963428376,13:51:28,1763963428313,1.583,1.5875,-0.2835,25718.27,0,0,1.583,1.04,1.582,6499300,1.581,13883800,1.580,11130300,1.579,6872300,1.578,2757700,1.583,11754600,1.584,11559400,1.585,11041500,1.586,3998800,1.587,1313100
sz159920,13:50:27,1763963429337,13:51:29,1763963429322,1.583,1.5875,-0.2835,25718.27,0,0,1.583,0.961,1.582,6499300,1.581,13947200,1.580,11066900,1.579,6872300,1.578,2757700,1.583,5223600,1.584,11496200,1.585,11106600,1.586,9998800,1.587,1313100
sz159920,13:50:27,1763963430357,13:51:30,1763963430318,1.583,1.5875,-0.2835,25718.05,0,0,1.583,1.02,1.582,6499300,1.581,13947200,1.580,11066900,1.579,6872300,1.578,2757700,1.583,5223600,1.584,11496200,1.585,11106600,1.586,9998800,1.587,1313100
sz159920,13:50:27,1763963431340,13:51:31,1763963431311,1.583,1.5875,-0.2835,25718.05,0,0,1.583,0.984,1.582,6499300,1.581,13947200,1.580,11066900,1.579,6872300,1.578,2757700,1.583,5223600,1.584,11496200,1.585,11106600,1.586,9998800,1.587,1313100
sz159920,13:50:30,1763963432344,13:51:32,1763963432323,1.583,1.5875,-0.2835,25718.04,0,0,1.583,1.004,1.582,10144800,1.581,11647200,1.580,11066900,1.579,6872300,1.578,2757700,1.583,2543100,1.584,13804400,1.585,10866000,1.586,10410100,1.587,1563100
sz159920,13:50:30,1763963433353,13:51:33,1763963433321,1.583,1.5875,-0.2835,25718.04,0,0,1.583,1.008,1.582,10144800,1.581,11647200,1.580,11066900,1.579,6872300,1.578,2757700,1.583,2543100,1.584,13804400,1.585,10866000,1.586,10410100,1.587,1563100
sz159920,13:50:30,1763963434335,13:51:34,1763963434300,1.583,1.5875,-0.2835,25721.03,0,0,1.583,0.982,1.582,10144800,1.581,11647200,1.580,11066900,1.579,6872300,1.578,2757700,1.583,2543100,1.584,13804400,1.585,10866000,1.586,10410100,1.587,1563100
sz159920,13:50:33,1763963435338,13:51:35,1763963435307,1.583,1.5876,-0.2897,25721.03,1000,1583,1.583,1.004,1.582,10144800,1.581,11647200,1.580,11066500,1.579,6872300,1.578,2757700,1.583,1861000,1.584,13727800,1.585,10866000,1.586,10410100,1.587,1563100
sz159920,13:50:33,1763963436354,13:51:36,1763963436325,1.583,1.5876,-0.2897,25723.7,0,0,1.583,1.016,1.582,10144800,1.581,11647200,1.580,11066500,1.579,6872300,1.578,2757700,1.583,1861000,1.584,13727800,1.585,10866000,1.586,10410100,1.587,1563100
sz159920,13:50:33,1763963437360,13:51:37,1763963437324,1.583,1.5876,-0.2897,25723.7,0,0,1.583,1.006,1.582,10144800,1.581,11647200,1.580,11066500,1.579,6872300,1.578,2757700,1.583,1861000,1.584,13727800,1.585,10866000,1.586,10410100,1.587,1563100
sz159920,13:50:36,1763963438350,13:51:38,1763963438323,1.583,1.5876,-0.2897,25724.9,4900,7756,1.5829,0.99,1.582,14334800,1.581,11647200,1.580,10966500,1.579,3782300,1.578,2757700,1.583,816500,1.584,13727800,1.585,10678700,1.586,10500100,1.587,1943600
sz159920,13:50:36,1763963439344,13:51:39,1763963439262,1.583,1.5876,-0.2897,25724.9,0,0,1.583,0.994,1.582,14334800,1.581,11647200,1.580,10966500,1.579,3782300,1.578,2757700,1.583,816500,1.584,13727800,1.585,10678700,1.586,10500100,1.587,1943600
sz159920,13:50:36,1763963440346,13:51:40,1763963440326,1.583,1.5876,-0.2897,25726.15,0,0,1.583,1.002,1.582,14334800,1.581,11647200,1.580,10966500,1.579,3782300,1.578,2757700,1.583,816500,1.584,13727800,1.585,10678700,1.586,10500100,1.587,1943600
sz159920,13:50:39,1763963441356,13:51:41,1763963441262,1.583,1.5876,-0.2897,25726.15,0,0,1.583,1.01,1.582,14334800,1.581,11647200,1.580,10966500,1.579,3782300,1.578,2757700,1.583,825500,1.584,13798000,1.585,10678700,1.586,10500100,1.587,1943600
sz159920,13:50:39,1763963442359,13:51:42,1763963442314,1.583,1.5876,-0.2897,25732.07,0,0,1.583,1.003,1.582,14334800,1.581,11647200,1.580,10966500,1.579,3782300,1.578,2757700,1.583,825500,1.584,13798000,1.585,10678700,1.586,10500100,1.587,1943600
sz159920,13:50:39,1763963443441,13:51:43,1763963443369,1.583,1.5876,-0.2897,25732.07,0,0,1.583,1.082,1.582,14334800,1.581,11647200,1.580,10966500,1.579,3782300,1.578,2757700,1.583,825500,1.584,13798000,1.585,10678700,1.586,10500100,1.587,1943600
sz159920,13:50:42,1763963444420,13:51:44,1763963444393,1.583,1.5876,-0.2897,25732.74,852200,1349033,1.583,0.978,1.583,70100,1.582,14434800,1.581,11647200,1.580,10866500,1.579,3712300,1.584,13698000,1.585,10678700,1.586,11184600,1.587,2013600,1.588,1461100
sz159920,13:50:42,1763963445442,13:51:44,1763963444484,1.583,1.5876,-0.2897,25732.74,0,0,1.583,1.022,1.583,70100,1.582,14434800,1.581,11647200,1.580,10866500,1.579,3712300,1.584,13698000,1.585,10678700,1.586,11184600,1.587,2013600,1.588,1461100
sz159920,13:50:45,1763963446433,13:51:46,1763963446410,1.582,1.5876,-0.3527,25728.34,3000,4746,1.582,0.991,1.582,14437000,1.581,11710600,1.580,10803100,1.579,3782300,1.578,2757700,1.584,13698000,1.585,10615500,1.586,11247800,1.587,2013600,1.588,1461100
sz159920,13:50:45,1763963447436,13:51:47,1763963447322,1.582,1.5876,-0.3527,25728.34,0,0,1.582,1.003,1.582,14437000,1.581,11710600,1.580,10803100,1.579,3782300,1.578,2757700,1.584,13698000,1.585,10615500,1.586,11247800,1.587,2013600,1.588,1461100
sz159920,13:50:45,1763963448480,13:51:48,1763963448417,1.582,1.5876,-0.3527,25730.24,0,0,1.582,1.045,1.582,14437000,1.581,11710600,1.580,10803100,1.579,3782300,1.578,2757700,1.584,13698000,1.585,10615500,1.586,11247800,1.587,2013600,1.588,1461100
sz159920,13:50:45,1763963449439,13:51:49,1763963449323,1.582,1.5876,-0.3527,25730.24,0,0,1.582,0.958,1.582,14437000,1.581,11710600,1.580,10803100,1.579,3782300,1.578,2757700,1.584,13698000,1.585,10615500,1.586,11247800,1.587,2013600,1.588,1461100
sz159920,13:50:48,1763963450452,13:51:50,1763963450415,1.583,1.5879,-0.3086,25730.51,32000,50656,1.583,1.014,1.583,68400,1.582,14437000,1.581,11645200,1.580,10866500,1.579,3712300,1.584,13885300,1.585,10615500,1.586,11247800,1.587,2013600,1.588,1461100
sz159920,13:50:48,1763963451469,13:51:51,1763963451419,1.583,1.5879,-0.3086,25730.51,0,0,1.583,1.017,1.583,68400,1.582,14437000,1.581,11645200,1.580,10866500,1.579,3712300,1.584,13885300,1.585,10615500,1.586,11247800,1.587,2013600,1.588,1461100
sz159920,13:50:48,1763963452455,13:51:51,1763963451419,1.583,1.5879,-0.3086,25730.51,0,0,1.583,0.986,1.583,68400,1.582,14437000,1.581,11645200,1.580,10866500,1.579,3712300,1.584,13885300,1.585,10615500,1.586,11247800,1.587,2013600,1.588,1461100
sz159920,13:50:51,1763963453445,13:51:53,1763963453316,1.583,1.5879,-0.3086,25730.48,6400,10131,1.583,0.991,1.583,63800,1.582,14437000,1.581,11708600,1.580,10803100,1.579,3712300,1.584,13895300,1.585,10615500,1.586,11247800,1.587,2003600,1.588,1461100
sz159920,13:50:51,1763963454528,13:51:54,1763963454421,1.583,1.5879,-0.3086,25731.66,0,0,1.583,1.082,1.583,63800,1.582,14437000,1.581,11708600,1.580,10803100,1.579,3712300,1.584,13895300,1.585,10615500,1.586,11247800,1.587,2003600,1.588,1461100
sz159920,13:50:54,1763963455447,13:51:54,1763963455277,1.583,1.5879,-0.3086,25731.66,104500,165424,1.583,0.919,1.583,36200,1.582,14436900,1.581,11468300,1.580,10803100,1.579,3712300,1.584,13895300,1.585,10615500,1.586,11247800,1.587,2003600,1.588,1461100
sz159920,13:50:54,1763963456456,13:51:56,1763963456426,1.583,1.5879,-0.3086,25734.44,0,0,1.583,1.009,1.583,36200,1.582,14436900,1.581,11468300,1.580,10803100,1.579,3712300,1.584,13895300,1.585,10615500,1.586,11247800,1.587,2003600,1.588,1461100
sz159920,13:50:54,1763963457455,13:51:57,1763963457425,1.583,1.5879,-0.3086,25734.44,0,0,1.583,1.0,1.583,36200,1.582,14436900,1.581,11468300,1.580,10803100,1.579,3712300,1.584,13895300,1.585,10615500,1.586,11247800,1.587,2003600,1.588,1461100
sz159920,13:50:54,1763963458449,13:51:58,1763963458418,1.583,1.5879,-0.3086,25733.47,0,0,1.583,0.994,1.583,36200,1.582,14436900,1.581,11468300,1.580,10803100,1.579,3712300,1.584,13895300,1.585,10615500,1.586,11247800,1.587,2003600,1.588,1461100
sz159920,13:50:57,1763963459455,13:51:59,1763963459427,1.583,1.5879,-0.3086,25733.47,102400,162099,1.583,1.005,1.582,14436900,1.581,11468300,1.580,10803100,1.579,3782300,1.578,2757700,1.583,347600,1.584,12895300,1.585,10615500,1.586,11247800,1.587,1933600
sz159920,13:50:57,1763963460450,13:52:00,1763963460420,1.583,1.5879,-0.3086,25733.61,0,0,1.583,0.996,1.582,14436900,1.581,11468300,1.580,10803100,1.579,3782300,1.578,2757700,1.583,347600,1.584,12895300,1.585,10615500,1.586,11247800,1.587,1933600
sz159920,13:50:57,1763963461457,13:52:01,1763963461389,1.583,1.5879,-0.3086,25733.61,0,0,1.583,1.006,1.582,14436900,1.581,11468300,1.580,10803100,1.579,3782300,1.578,2757700,1.583,347600,1.584,12895300,1.585,10615500,1.586,11247800,1.587,1933600
sz159920,13:51:00,1763963462475,13:52:02,1763963462471,1.584,1.5879,-0.2456,25736.43,349600,553419,1.583,1.018,1.583,730400,1.582,14682200,1.581,10674500,1.580,10866500,1.579,3712300,1.584,12893300,1.585,10678700,1.586,11184600,1.587,2003600,1.588,1461100
sz159920,13:51:00,1763963463456,13:52:03,1763963463346,1.584,1.5879,-0.2456,25736.43,0,0,1.584,0.982,1.583,730400,1.582,14682200,1.581,10674500,1.580,10866500,1.579,3712300,1.584,12893300,1.585,10678700,1.586,11184600,1.587,2003600,1.588,1461100
sz159920,13:51:00,1763963464462,13:52:04,1763963464371,1.584,1.5879,-0.2456,25735.36,0,0,1.584,1.006,1.583,730400,1.582,14682200,1.581,10674500,1.580,10866500,1.579,3712300,1.584,12893300,1.585,10678700,1.586,11184600,1.587,2003600,1.588,1461100
sz159920,13:51:03,1763963465466,13:52:05,1763963465438,1.584,1.5884,-0.277,25735.36,0,0,1.584,1.004,1.582,14682100,1.581,11468300,1.580,10803100,1.579,3712300,1.578,2757700,1.584,12943300,1.585,10775300,1.586,11247800,1.587,2003600,1.588,1461100
sz159920,13:51:03,1763963466476,13:52:05,1763963466099,1.584,1.5884,-0.277,25735.36,0,0,1.584,1.01,1.582,14682100,1.581,11468300,1.580,10803100,1.579,3712300,1.578,2757700,1.584,12943300,1.585,10775300,1.586,11247800,1.587,2003600,1.588,1461100
sz159920,13:51:03,1763963467466,13:52:07,1763963467330,1.584,1.5884,-0.277,25737.75,0,0,1.584,0.99,1.582,14682100,1.581,11468300,1.580,10803100,1.579,3712300,1.578,2757700,1.584,12943300,1.585,10775300,1.586,11247800,1.587,2003600,1.588,1461100
sz159920,13:51:06,1763963468467,13:52:08,1763963468395,1.584,1.5884,-0.277,25737.05,0,0,1.584,1.0,1.583,9044300,1.582,12445500,1.581,10611100,1.580,6192000,1.579,3712300,1.584,2671400,1.585,13012100,1.586,11791400,1.587,8474100,1.588,1711100
sz159920,13:51:06,1763963469462,13:52:09,1763963469374,1.584,1.5884,-0.277,25737.05,0,0,1.584,0.996,1.583,9044300,1.582,12445500,1.581,10611100,1.580,6192000,1.579,3712300,1.584,2671400,1.585,13012100,1.586,11791400,1.587,8474100,1.588,1711100
sz159920,13:51:06,1763963470476,13:52:10,1763963470403,1.584,1.5884,-0.277,25738.61,0,0,1.584,1.013,1.583,9044300,1.582,12445500,1.581,10611100,1.580,6192000,1.579,3712300,1.584,2671400,1.585,13012100,1.586,11791400,1.587,8474100,1.588,1711100
sz159920,13:51:09,1763963471532,13:52:11,1763963471343,1.583,1.5884,-0.34,25738.61,800500,1267192,1.583,1.057,1.583,8150600,1.582,11967700,1.581,10674500,1.580,6128600,1.579,3712300,1.584,4045800,1.585,13012100,1.586,11791400,1.587,8474100,1.588,1711100
sz159920,13:51:09,1763963472507,13:52:12,1763963472445,1.583,1.5884,-0.34,25739.54,0,0,1.583,0.975,1.583,8150600,1.582,11967700,1.581,10674500,1.580,6128600,1.579,3712300,1.584,4045800,1.585,13012100,1.586,11791400,1.587,8474100,1.588,1711100
sz159920,13:51:09,1763963473472,13:52:13,1763963473370,1.583,1.5884,-0.34,25739.54,0,0,1.583,0.964,1.583,8150600,1.582,11967700,1.581,10674500,1.580,6128600,1.579,3712300,1.584,4045800,1.585,13012100,1.586,11791400,1.587,8474100,1.588,1711100
sz159920,13:51:12,1763963474471,13:52:14,1763963474378,1.583,1.5884,-0.34,25743.41,0,0,1.583,0.999,1.583,9735100,1.582,11967700,1.581,10674500,1.580,6127600,1.579,3712300,1.584,3080800,1.585,13012100,1.586,11791400,1.587,8474100,1.588,2091600
sz159920,13:51:12,1763963475477,13:52:15,1763963475317,1.583,1.5884,-0.34,25743.41,0,0,1.583,1.006,1.583,9735100,1.582,11967700,1.581,10674500,1.580,6127600,1.579,3712300,1.584,3080800,1.585,13012100,1.586,11791400,1.587,8474100,1.588,2091600
sz159920,13:51:12,1763963476481,13:52:16,1763963476443,1.583,1.5884,-0.34,25736.76,0,0,1.583,1.004,1.583,9735100,1.582,11967700,1.581,10674500,1.580,6127600,1.579,3712300,1.584,3080800,1.585,13012100,1.586,11791400,1.587,8474100,1.588,2091600
sz159920,13:51:15,1763963477476,13:52:17,1763963477363,1.583,1.5884,-0.34,25736.76,0,0,1.583,0.995,1.583,12735200,1.582,11967700,1.581,10674500,1.580,3127600,1.579,3712300,1.584,3080800,1.585,13099400,1.586,11791400,1.587,8474100,1.588,2091600
sz159920,13:51:15,1763963478481,13:52:18,1763963478375,1.583,1.5884,-0.34,25739.6,0,0,1.583,1.006,1.583,12735200,1.582,11967700,1.581,10674500,1.580,3127600,1.579,3712300,1.584,3080800,1.585,13099400,1.586,11791400,1.587,8474100,1.588,2091600
sz159920,13:51:15,1763963479474,13:52:19,1763963479409,1.583,1.5884,-0.34,25739.6,0,0,1.583,0.993,1.583,12735200,1.582,11967700,1.581,10674500,1.580,3127600,1.579,3712300,1.584,3080800,1.585,13099400,1.586,11791400,1.587,8474100,1.588,2091600
sz159920,13:51:18,1763963480480,13:52:20,1763963480436,1.583,1.5887,-0.3588,25737.85,0,0,1.583,1.006,1.583,8646200,1.582,11918600,1.581,10674500,1.580,6127600,1.579,3712300,1.584,3080800,1.585,13139400,1.586,11791400,1.587,8484100,1.588,2091600
sz159920,13:51:18,1763963481490,13:52:21,1763963481331,1.583,1.5887,-0.3588,25737.85,0,0,1.583,1.011,1.583,8646200,1.582,11918600,1.581,10674500,1.580,6127600,1.579,3712300,1.584,3080800,1.585,13139400,1.586,11791400,1.587,8484100,1.588,2091600
sz159920,13:51:18,1763963482496,13:52:22,1763963482466,1.583,1.5887,-0.3588,25738.8,0,0,1.583,1.006,1.583,8646200,1.582,11918600,1.581,10674500,1.580,6127600,1.579,3712300,1.584,3080800,1.585,13139400,1.586,11791400,1.587,8484100,1.588,2091600
sz159920,13:51:21,1763963483491,13:52:23,1763963483347,1.583,1.5887,-0.3588,25738.8,0,0,1.583,0.995,1.583,8171700,1.582,11928600,1.581,10674500,1.580,6127600,1.579,3712300,1.584,3084600,1.585,13142900,1.586,11791400,1.587,8574100,1.588,2091600
sz159920,13:51:21,1763963484484,13:52:24,1763963484368,1.583,1.5887,-0.3588,25737.13,0,0,1.583,0.994,1.583,8171700,1.582,11928600,1.581,10674500,1.580,6127600,1.579,3712300,1.584,3084600,1.585,13142900,1.586,11791400,1.587,8574100,1.588,2091600
sz159920,13:51:21,1763963485489,13:52:25,1763963485350,1.583,1.5887,-0.3588,25737.13,0,0,1.583,1.005,1.583,8171700,1.582,11928600,1.581,10674500,1.580,6127600,1.579,3712300,1.584,3084600,1.585,13142900,1.586,11791400,1.587,8574100,1.588,2091600
sz159920,13:51:24,1763963486485,13:52:26,1763963486378,1.583,1.5887,-0.3588,25736.63,0,0,1.583,0.996,1.583,12666200,1.582,11928600,1.581,10674500,1.580,3217600,1.579,3712300,1.584,3174600,1.585,13142900,1.586,11791400,1.587,8484100,1.588,2091600
sz159920,13:51:24,1763963487505,13:52:27,1763963487317,1.583,1.5887,-0.3588,25736.63,0,0,1.583,1.02,1.583,12666200,1.582,11928600,1.581,10674500,1.580,3217600,1.579,3712300,1.584,3174600,1.585,13142900,1.586,11791400,1.587,8484100,1.588,2091600
sz159920,13:51:24,1763963488491,13:52:28,1763963488423,1.583,1.5887,-0.3588,25741.02,0,0,1.583,0.986,1.583,12666200,1.582,11928600,1.581,10674500,1.580,3217600,1.579,3712300,1.584,3174600,1.585,13142900,1.586,11791400,1.587,8484100,1.588,2091600
sz159920,13:51:27,1763963489495,13:52:28,1763963488423,1.583,1.5887,-0.3588,25741.02,0,0,1.583,1.004,1.583,12759200,1.582,11928600,1.581,10674500,1.580,3127600,1.579,3712300,1.584,2589600,1.585,13142900,1.586,11791400,1.587,8574100,1.588,2091600
sz159920,13:51:27,1763963490507,13:52:30,1763963490393,1.583,1.5887,-0.3588,25743.5,0,0,1.583,1.012,1.583,12759200,1.582,11928600,1.581,10674500,1.580,3127600,1.579,3712300,1.584,2589600,1.585,13142900,1.586,11791400,1.587,8574100,1.588,2091600
sz159920,13:51:27,1763963491496,13:52:31,1763963491392,1.583,1.5887,-0.3588,25743.5,0,0,1.583,0.989,1.583,12759200,1.582,11928600,1.581,10674500,1.580,3127600,1.579,3712300,1.584,2589600,1.585,13142900,1.586,11791400,1.587,8574100,1.588,2091600
sz159920,13:51:30,1763963492494,13:52:32,1763963492418,1.584,1.5887,-0.2958,25745.87,3900,6178,1.5841,0.997,1.583,12759200,1.582,11928600,1.581,10674500,1.580,3127600,1.579,3712300,1.584,1855300,1.585,13142900,1.586,11791400,1.587,8574100,1.588,2091600
sz159920,13:51:30,1763963493496,13:52:33,1763963493441,1.584,1.5887,-0.2958,25745.87,0,0,1.584,1.002,1.583,12759200,1.582,11928600,1.581,10674500,1.580,3127600,1.579,3712300,1.584,1855300,1.585,13142900,1.586,11791400,1.587,8574100,1.588,2091600
sz159920,13:51:30,1763963494500,13:52:34,1763963494381,1.584,1.5887,-0.2958,25744.74,0,0,1.584,1.004,1.583,12759200,1.582,11928600,1.581,10674500,1.580,3127600,1.579,3712300,1.584,1855300,1.585,13142900,1.586,11791400,1.587,8574100,1.588,2091600
sz159920,13:51:33,1763963495516,13:52:35,1763963495385,1.584,1.5885,-0.2833,25744.74,30000,47520,1.584,1.016,1.583,12759200,1.582,11928600,1.581,10674500,1.580,3127600,1.579,3712300,1.584,1825300,1.585,13142900,1.586,11784400,1.587,8574100,1.588,2091600
sz159920,13:51:33,1763963496505,13:52:36,1763963496345,1.584,1.5885,-0.2833,25741.19,0,0,1.584,0.989,1.583,12759200,1.582,11928600,1.581,10674500,1.580,3127600,1.579,3712300,1.584,1825300,1.585,13142900,1.586,11784400,1.587,8574100,1.588,2091600
sz159920,13:51:33,1763963497517,13:52:36,1763963496345,1.584,1.5885,-0.2833,25741.19,0,0,1.584,1.012,1.583,12759200,1.582,11928600,1.581,10674500,1.580,3127600,1.579,3712300,1.584,1825300,1.585,13142900,1.586,11784400,1.587,8574100,1.588,2091600
sz159920,13:51:36,1763963498499,13:52:38,1763963498460,1.584,1.5885,-0.2833,25744.38,0,0,1.584,0.983,1.583,8174700,1.582,11928600,1.581,10674500,1.580,6127600,1.579,3712300,1.584,2555700,1.585,13146800,1.586,11784400,1.587,8574100,1.588,2091600
sz159920,13:51:36,1763963499516,13:52:39,1763963499319,1.584,1.5885,-0.2833,25744.38,0,0,1.584,1.016,1.583,8174700,1.582,11928600,1.581,10674500,1.580,6127600,1.579,3712300,1.584,2555700,1.585,13146800,1.586,11784400,1.587,8574100,1.588,2091600
sz159920,13:51:36,1763963500519,13:52:40,1763963500405,1.584,1.5885,-0.2833,25746.16,0,0,1.584,1.003,1.583,8174700,1.582,11928600,1.581,10674500,1.580,6127600,1.579,3712300,1.584,2555700,1.585,13146800,1.586,11784400,1.587,8574100,1.588,2091600
sz159920,13:51:36,1763963501511,13:52:41,1763963501427,1.584,1.5885,-0.2833,25746.16,0,0,1.584,0.992,1.583,8174700,1.582,11928600,1.581,10674500,1.580,6127600,1.579,3712300,1.584,2555700,1.585,13146800,1.586,11784400,1.587,8574100,1.588,2091600
sz159920,13:51:39,1763963502511,13:52:42,1763963502452,1.584,1.5885,-0.2833,25742.94,0,0,1.584,1.0,1.583,9759200,1.582,12646600,1.581,10674500,1.580,6127600,1.579,3712300,1.584,2547500,1.585,13146800,1.586,11784400,1.587,8574100,1.588,2091600
sz159920,13:51:39,1763963503521,13:52:43,1763963503373,1.584,1.5885,-0.2833,25742.94,0,0,1.584,1.01,1.583,9759200,1.582,12646600,1.581,10674500,1.580,6127600,1.579,3712300,1.584,2547500,1.585,13146800,1.586,11784400,1.587,8574100,1.588,2091600
sz159920,13:51:39,1763963504516,13:52:44,1763963504399,1.584,1.5885,-0.2833,25744.39,0,0,1.584,0.995,1.583,9759200,1.582,12646600,1.581,10674500,1.580,6127600,1.579,3712300,1.584,2547500,1.585,13146800,1.586,11784400,1.587,8574100,1.588,2091600
sz159920,13:51:42,1763963505519,13:52:45,1763963505334,1.584,1.5885,-0.2833,25744.39,22300,35323,1.584,1.003,1.583,8759400,1.582,12646600,1.581,10674500,1.580,3127600,1.579,3712300,1.584,3025200,1.585,13146800,1.586,11784400,1.587,8574100,1.588,2091600
sz159920,13:51:42,1763963506521,13:52:46,1763963506446,1.584,1.5885,-0.2833,25743.59,0,0,1.584,1.001,1.583,8759400,1.582,12646600,1.581,10674500,1.580,3127600,1.579,3712300,1.584,3025200,1.585,13146800,1.586,11784400,1.587,8574100,1.588,2091600
sz159920,13:51:45,1763963507513,13:52:47,1763963507319,1.584,1.5885,-0.2833,25743.59,150000,237550,1.5837,0.992,1.583,12709400,1.582,12661600,1.581,10674500,1.580,3127600,1.579,3712300,1.584,2925200,1.585,13143800,1.586,11784400,1.587,8574100,1.588,2091600
sz159920,13:51:45,1763963508510,13:52:48,1763963508374,1.584,1.5885,-0.2833,25744.13,0,0,1.584,0.997,1.583,12709400,1.582,12661600,1.581,10674500,1.580,3127600,1.579,3712300,1.584,2925200,1.585,13143800,1.586,11784400,1.587,8574100,1.588,2091600
sz159920,13:51:45,1763963509513,13:52:49,1763963509329,1.584,1.5885,-0.2833,25744.13,0,0,1.584,1.004,1.583,12709400,1.582,12661600,1.581,10674500,1.580,3127600,1.579,3712300,1.584,2925200,1.585,13143800,1.586,11784400,1.587,8574100,1.588,2091600
sz159920,13:51:48,1763963510524,13:52:50,1763963510380,1.584,1.5891,-0.3209,25743.8,0,0,1.584,1.01,1.583,8678700,1.582,11953900,1.581,10674500,1.580,6127600,1.579,3712300,1.584,2848600,1.585,13143800,1.586,11784400,1.587,8574100,1.588,2091600
sz159920,13:51:48,1763963511522,13:52:51,1763963511402,1.584,1.5891,-0.3209,25743.8,0,0,1.584,0.998,1.583,8678700,1.582,11953900,1.581,10674500,1.580,6127600,1.579,3712300,1.584,2848600,1.585,13143800,1.586,11784400,1.587,8574100,1.588,2091600
sz159920,13:51:48,1763963512526,13:52:52,1763963512386,1.584,1.5891,-0.3209,25743.49,0,0,1.584,1.005,1.583,8678700,1.582,11953900,1.581,10674500,1.580,6127600,1.579,3712300,1.584,2848600,1.585,13143800,1.586,11784400,1.587,8574100,1.588,2091600
sz159920,13:51:51,1763963513529,13:52:53,1763963513322,1.584,1.5891,-0.3209,25743.49,7400,11721,1.5839,1.003,1.583,8678700,1.582,11953900,1.581,10674900,1.580,6127600,1.579,3712300,1.584,2841200,1.585,13143800,1.586,11784700,1.587,8574100,1.588,2091600
sz159920,13:51:51,1763963514530,13:52:54,1763963514356,1.584,1.5891,-0.3209,25743.7,0,0,1.584,1.001,1.583,8678700,1.582,11953900,1.581,10674900,1.580,6127600,1.579,3712300,1.584,2841200,1.585,13143800,1.586,11784700,1.587,8574100,1.588,2091600
sz159920,13:51:51,1763963515545,13:52:54,1763963514356,1.584,1.5891,-0.3209,25743.7,0,0,1.584,1.015,1.583,8678700,1.582,11953900,1.581,10674900,1.580,6127600,1.579,3712300,1.584,2841200,1.585,13143800,1.586,11784700,1.587,8574100,1.588,2091600
sz159920,13:51:54,1763963516526,13:52:56,1763963516481,1.584,1.5891,-0.3209,25742.02,0,0,1.584,0.981,1.583,12678700,1.582,11953900,1.581,10677900,1.580,3127600,1.579,3712300,1.584,2842200,1.585,13143800,1.586,11784700,1.587,8574100,1.588,2091600
sz159920,13:51:54,1763963517531,13:52:57,1763963517368,1.584,1.5891,-0.3209,25742.02,0,0,1.584,1.005,1.583,12678700,1.582,11953900,1.581,10677900,1.580,3127600,1.579,3712300,1.584,2842200,1.585,13143800,1.586,11784700,1.587,8574100,1.588,2091600
sz159920,13:51:54,1763963518533,13:52:58,1763963518427,1.584,1.5891,-0.3209,25745.85,0,0,1.584,1.002,1.583,12678700,1.582,11953900,1.581,10677900,1.580,3127600,1.579,3712300,1.584,2842200,1.585,13143800,1.586,11784700,1.587,8574100,1.588,2091600
sz159920,13:51:57,1763963519536,13:52:59,1763963519447,1.584,1.5891,-0.3209,25745.85,63100,99951,1.584,1.004,1.583,12752700,1.582,11959900,1.581,10677900,1.580,3128100,1.579,3712300,1.584,2798200,1.585,13143800,1.586,11784700,1.587,8574100,1.588,2091600
sz159920,13:51:57,1763963520532,13:53:00,1763963520351,1.584,1.5891,-0.3209,25745.82,0,0,1.584,0.996,1.583,12752700,1.582,11959900,1.581,10677900,1.580,3128100,1.579,3712300,1.584,2798200,1.585,13143800,1.586,11784700,1.587,8574100,1.588,2091600
sz159920,13:51:57,1763963521542,13:53:01,1763963521320,1.584,1.5891,-0.3209,25745.82,0,0,1.584,1.01,1.583,12752700,1.582,11959900,1.581,10677900,1.580,3128100,1.579,3712300,1.584,2798200,1.585,13143800,1.586,11784700,1.587,8574100,1.588,2091600
sz159920,13:52:00,1763963522536,13:53:02,1763963522376,1.583,1.5891,-0.3839,25745.38,115900,183569,1.5839,0.994,1.583,8752300,1.582,11957300,1.581,10677900,1.580,6128100,1.579,3712800,1.584,2698300,1.585,13146400,1.586,11784700,1.587,8574100,1.588,2091600
sz159920,13:52:00,1763963523546,13:53:03,1763963523321,1.583,1.5891,-0.3839,25745.38,0,0,1.583,1.01,1.583,8752300,1.582,11957300,1.581,10677900,1.580,6128100,1.579,3712800,1.584,2698300,1.585,13146400,1.586,11784700,1.587,8574100,1.588,2091600
sz159920,13:52:00,1763963524540,13:53:04,1763963524401,1.583,1.5891,-0.3839,25743.01,0,0,1.583,0.995,1.583,8752300,1.582,11957300,1.581,10677900,1.580,6128100,1.579,3712800,1.584,2698300,1.585,13146400,1.586,11784700,1.587,8574100,1.588,2091600
sz159920,13:52:03,1763963525542,13:53:05,1763963525389,1.583,1.589,-0.3776,25743.01,275700,436703,1.584,1.001,1.583,8161800,1.582,11957300,1.581,10677900,1.580,6128100,1.579,3703300,1.584,3774100,1.585,13155900,1.586,11784700,1.587,8193600,1.588,1711100
sz159920,13:52:03,1763963526547,13:53:06,1763963526508,1.583,1.589,-0.3776,25744.22,0,0,1.583,1.005,1.583,8161800,1.582,11957300,1.581,10677900,1.580,6128100,1.579,3703300,1.584,3774100,1.585,13155900,1.586,11784700,1.587,8193600,1.588,1711100
sz159920,13:52:03,1763963527552,13:53:07,1763963527324,1.583,1.589,-0.3776,25744.22,0,0,1.583,1.005,1.583,8161800,1.582,11957300,1.581,10677900,1.580,6128100,1.579,3703300,1.584,3774100,1.585,13155900,1.586,11784700,1.587,8193600,1.588,1711100
sz159920,13:52:03,1763963528557,13:53:08,1763963528463,1.583,1.589,-0.3776,25742.94,0,0,1.583,1.005,1.583,8161800,1.582,11957300,1.581,10677900,1.580,6128100,1.579,3703300,1.584,3774100,1.585,13155900,1.586,11784700,1.587,8193600,1.588,1711100
sz159920,13:52:03,1763963529548,13:53:09,1763963529383,1.583,1.589,-0.3776,25742.94,0,0,1.583,0.991,1.583,8161800,1.582,11957300,1.581,10677900,1.580,6128100,1.579,3703300,1.584,3774100,1.585,13155900,1.586,11784700,1.587,8193600,1.588,1711100
sz159920,13:52:03,1763963530558,13:53:10,1763963530406,1.583,1.589,-0.3776,25741.88,0,0,1.583,1.01,1.583,8161800,1.582,11957300,1.581,10677900,1.580,6128100,1.579,3703300,1.584,3774100,1.585,13155900,1.586,11784700,1.587,8193600,1.588,1711100
sz159920,13:52:09,1763963531557,13:53:11,1763963531428,1.583,1.589,-0.3776,25741.88,0,0,1.583,0.999,1.583,183800,1.582,14874100,1.581,10741300,1.580,10128100,1.579,3703300,1.584,12074100,1.585,10919100,1.586,11721500,1.587,2193600,1.588,1711100
sz159920,13:52:09,1763963532552,13:53:12,1763963532373,1.583,1.589,-0.3776,25743.22,0,0,1.583,0.995,1.583,183800,1.582,14874100,1.581,10741300,1.580,10128100,1.579,3703300,1.584,12074100,1.585,10919100,1.586,11721500,1.587,2193600,1.588,1711100
sz159920,13:52:09,1763963533570,13:53:12,1763963532980,1.583,1.589,-0.3776,25743.22,0,0,1.583,1.018,1.583,183800,1.582,14874100,1.581,10741300,1.580,10128100,1.579,3703300,1.584,12074100,1.585,10919100,1.586,11721500,1.587,2193600,1.588,1711100
sz159920,13:52:12,1763963534554,13:53:14,1763963534384,1.583,1.589,-0.3776,25741.97,0,0,1.583,0.984,1.583,183800,1.582,14874100,1.581,10741300,1.580,10128100,1.579,3703300,1.584,13074200,1.585,10919100,1.586,11721500,1.587,2193600,1.588,1711100
sz159920,13:52:12,1763963535562,13:53:14,1763963535144,1.583,1.589,-0.3776,25741.97,0,0,1.583,1.007,1.583,183800,1.582,14874100,1.581,10741300,1.580,10128100,1.579,3703300,1.584,13074200,1.585,10919100,1.586,11721500,1.587,2193600,1.588,1711100
sz159920,13:52:12,1763963536557,13:53:16,1763963536451,1.583,1.589,-0.3776,25739.27,0,0,1.583,0.995,1.583,183800,1.582,14874100,1.581,10741300,1.580,10128100,1.579,3703300,1.584,13074200,1.585,10919100,1.586,11721500,1.587,2193600,1.588,1711100
sz159920,13:52:15,1763963537560,13:53:17,1763963537373,1.583,1.589,-0.3776,25739.27,122300,193601,1.583,1.003,1.583,61400,1.582,14876100,1.581,10741300,1.580,10128100,1.579,3703300,1.584,13174200,1.585,11019100,1.586,11871500,1.587,2003600,1.588,1461100
sz159920,13:52:15,1763963538565,13:53:18,1763963538378,1.583,1.589,-0.3776,25738.08,0,0,1.583,1.006,1.583,61400,1.582,14876100,1.581,10741300,1.580,10128100,1.579,3703300,1.584,13174200,1.585,11019100,1.586,11871500,1.587,2003600,1.588,1461100
sz159920,13:52:15,1763963539560,13:53:19,1763963539454,1.583,1.589,-0.3776,25738.08,0,0,1.583,0.995,1.583,61400,1.582,14876100,1.581,10741300,1.580,10128100,1.579,3703300,1.584,13174200,1.585,11019100,1.586,11871500,1.587,2003600,1.588,1461100
sz159920,13:52:18,1763963540561,13:53:20,1763963540449,1.583,1.5889,-0.3713,25739.9,940100,1488178,1.583,1.002,1.583,1000,1.582,14948600,1.581,10741300,1.580,10218100,1.579,3703300,1.584,13266000,1.585,11016500,1.586,11872500,1.587,2003600,1.588,1461100
sz159920,13:52:18,1763963541569,13:53:21,1763963541363,1.583,1.5889,-0.3713,25739.9,0,0,1.583,1.008,1.583,1000,1.582,14948600,1.581,10741300,1.580,10218100,1.579,3703300,1.584,13266000,1.585,11016500,1.586,11872500,1.587,2003600,1.588,1461100
sz159920,13:52:21,1763963542570,13:53:22,1763963542421,1.583,1.5889,-0.3713,25737.86,1400,2217,1.5836,1.001,1.583,68600,1.582,15028600,1.581,10741300,1.580,10218100,1.579,3773300,1.584,13345000,1.585,11016500,1.586,11930000,1.587,1933600,1.588,1461100
sz159920,13:52:21,1763963543568,13:53:23,1763963543412,1.583,1.5889,-0.3713,25737.86,0,0,1.583,0.998,1.583,68600,1.582,15028600,1.581,10741300,1.580,10218100,1.579,3773300,1.584,13345000,1.585,11016500,1.586,11930000,1.587,1933600,1.588,1461100
sz159920,13:52:21,1763963544571,13:53:24,1763963544355,1.583,1.5889,-0.3713,25738.72,0,0,1.583,1.003,1.583,68600,1.582,15028600,1.581,10741300,1.580,10218100,1.579,3773300,1.584,13345000,1.585,11016500,1.586,11930000,1.587,1933600,1.588,1461100
sz159920,13:52:21,1763963545576,13:53:25,1763963545356,1.583,1.5889,-0.3713,25738.72,0,0,1.583,1.005,1.583,68600,1.582,15028600,1.581,10741300,1.580,10218100,1.579,3773300,1.584,13345000,1.585,11016500,1.586,11930000,1.587,1933600,1.588,1461100
sz159920,13:52:24,1763963546575,13:53:26,1763963546484,1.583,1.5889,-0.3713,25737.77,68600,108593,1.583,0.999,1.582,14958700,1.581,10791300,1.580,10218100,1.579,3773300,1.578,2758300,1.584,13345000,1.585,11016500,1.586,11199600,1.587,2003600,1.588,1461100
sz159920,13:52:24,1763963547592,13:53:27,1763963547332,1.583,1.5889,-0.3713,25737.77,0,0,1.583,1.017,1.582,14958700,1.581,10791300,1.580,10218100,1.579,3773300,1.578,2758300,1.584,13345000,1.585,11016500,1.586,11199600,1.587,2003600,1.588,1461100
sz159920,13:52:24,1763963548619,13:53:28,1763963548381,1.583,1.5889,-0.3713,25739.97,0,0,1.583,1.026,1.582,14958700,1.581,10791300,1.580,10218100,1.579,3773300,1.578,2758300,1.584,13345000,1.585,11016500,1.586,11199600,1.587,2003600,1.588,1461100
sz159920,13:52:27,1763963549585,13:53:29,1763963549351,1.583,1.5889,-0.3713,25739.97,900,1425,1.5833,0.966,1.583,4000,1.582,14948700,1.581,10727900,1.580,10281500,1.579,3703300,1.584,13345000,1.585,11016500,1.586,11199600,1.587,2003600,1.588,1462100
sz159920,13:52:27,1763963550586,13:53:30,1763963550370,1.583,1.5889,-0.3713,25739.33,0,0,1.583,1.002,1.583,4000,1.582,14948700,1.581,10727900,1.580,10281500,1.579,3703300,1.584,13345000,1.585,11016500,1.586,11199600,1.587,2003600,1.588,1462100
sz159920,13:52:30,1763963551596,13:53:31,1763963551397,1.583,1.5889,-0.3713,25739.33,0,0,1.583,1.01,1.583,567800,1.582,14948700,1.581,10791300,1.580,10218100,1.579,3703300,1.584,12346000,1.585,11016500,1.586,11199600,1.587,2003600,1.588,1462100
sz159920,13:52:30,1763963552596,13:53:32,1763963552428,1.583,1.5889,-0.3713,25737.29,0,0,1.583,1.0,1.583,567800,1.582,14948700,1.581,10791300,1.580,10218100,1.579,3703300,1.584,12346000,1.585,11016500,1.586,11199600,1.587,2003600,1.588,1462100
sz159920,13:52:30,1763963553597,13:53:33,1763963553447,1.583,1.5889,-0.3713,25737.29,0,0,1.583,1.001,1.583,567800,1.582,14948700,1.581,10791300,1.580,10218100,1.579,3703300,1.584,12346000,1.585,11016500,1.586,11199600,1.587,2003600,1.588,1462100
sz159920,13:52:33,1763963554590,13:53:34,1763963554556,1.583,1.5887,-0.3588,25738.2,100,158,1.58,0.993,1.583,100,1.582,15061900,1.581,10791300,1.580,10218100,1.579,3703300,1.584,13346000,1.585,11016500,1.586,11199600,1.587,2003600,1.588,1462100
sz159920,13:52:33,1763963555595,13:53:35,1763963555333,1.583,1.5887,-0.3588,25738.2,0,0,1.583,1.005,1.583,100,1.582,15061900,1.581,10791300,1.580,10218100,1.579,3703300,1.584,13346000,1.585,11016500,1.586,11199600,1.587,2003600,1.588,1462100
sz159920,13:52:33,1763963556602,13:53:36,1763963556355,1.583,1.5887,-0.3588,25737.54,0,0,1.583,1.007,1.583,100,1.582,15061900,1.581,10791300,1.580,10218100,1.579,3703300,1.584,13346000,1.585,11016500,1.586,11199600,1.587,2003600,1.588,1462100
sz159920,13:52:33,1763963557616,13:53:37,1763963557338,1.583,1.5887,-0.3588,25737.54,0,0,1.583,1.015,1.583,100,1.582,15061900,1.581,10791300,1.580,10218100,1.579,3703300,1.584,13346000,1.585,11016500,1.586,11199600,1.587,2003600,1.588,1462100
sz159920,13:52:36,1763963558609,13:53:38,1763963558463,1.584,1.5887,-0.2958,25734.08,100,159,1.59,0.993,1.583,733700,1.582,15061900,1.581,10791300,1.580,10218100,1.579,3703300,1.584,13355900,1.585,11279200,1.586,11199600,1.587,2003600,1.588,1462100
sz159920,13:52:36,1763963559605,13:53:38,1763963558871,1.584,1.5887,-0.2958,25734.08,0,0,1.584,0.995,1.583,733700,1.582,15061900,1.581,10791300,1.580,10218100,1.579,3703300,1.584,13355900,1.585,11279200,1.586,11199600,1.587,2003600,1.588,1462100
sz159920,13:52:36,1763963560610,13:53:40,1763963560384,1.584,1.5887,-0.2958,25733.37,0,0,1.584,1.005,1.583,733700,1.582,15061900,1.581,10791300,1.580,10218100,1.579,3703300,1.584,13355900,1.585,11279200,1.586,11199600,1.587,2003600,1.588,1462100
sz159920,13:52:39,1763963561613,13:53:41,1763963561320,1.584,1.5887,-0.2958,25733.37,0,0,1.584,1.004,1.583,670000,1.582,15061900,1.581,10791300,1.580,10218100,1.579,3703300,1.584,13355900,1.585,11279200,1.586,11199600,1.587,2003600,1.588,1462100
sz159920,13:52:39,1763963562612,13:53:42,1763963562373,1.584,1.5887,-0.2958,25736.68,0,0,1.584,0.998,1.583,670000,1.582,15061900,1.581,10791300,1.580,10218100,1.579,3703300,1.584,13355900,1.585,11279200,1.586,11199600,1.587,2003600,1.588,1462100
sz159920,13:52:39,1763963563621,13:53:42,1763963563179,1.584,1.5887,-0.2958,25736.68,0,0,1.584,1.01,1.583,670000,1.582,15061900,1.581,10791300,1.580,10218100,1.579,3703300,1.584,13355900,1.585,11279200,1.586,11199600,1.587,2003600,1.588,1462100
sz159920,13:52:39,1763963564626,13:53:44,1763963564404,1.584,1.5887,-0.2958,25733.67,0,0,1.584,1.005,1.583,670000,1.582,15061900,1.581,10791300,1.580,10218100,1.579,3703300,1.584,13355900,1.585,11279200,1.586,11199600,1.587,2003600,1.588,1462100
sz159920,13:52:42,1763963565626,13:53:45,1763963565331,1.583,1.5887,-0.3588,25733.67,22100,35006,1.584,1.0,1.583,169600,1.582,15061900,1.581,10791300,1.580,10218100,1.579,3703300,1.584,13334300,1.585,11279200,1.586,11168800,1.587,2003600,1.588,1462100
sz159920,13:52:42,1763963566627,13:53:46,1763963566451,1.583,1.5887,-0.3588,25735.92,0,0,1.583,1.001,1.583,169600,1.582,15061900,1.581,10791300,1.580,10218100,1.579,3703300,1.584,13334300,1.585,11279200,1.586,11168800,1.587,2003600,1.588,1462100
sz159920,13:52:45,1763963567624,13:53:47,1763963567492,1.583,1.5887,-0.3588,25735.92,30800,48756,1.583,0.997,1.583,138800,1.582,15061900,1.581,10791300,1.580,10218100,1.579,3703300,1.584,13334300,1.585,11279200,1.586,11168800,1.587,2004900,1.588,1462100
sz159920,13:52:45,1763963568631,13:53:48,1763963568397,1.583,1.5887,-0.3588,25736.03,0,0,1.583,1.007,1.583,138800,1.582,15061900,1.581,10791300,1.580,10218100,1.579,3703300,1.584,13334300,1.585,11279200,1.586,11168800,1.587,2004900,1.588,1462100
sz159920,13:52:48,1763963569626,13:53:49,1763963569337,1.583,1.5883,-0.3337,25736.03,0,0,1.583,0.995,1.583,178800,1.582,15081900,1.581,10791300,1.580,10218100,1.579,3703300,1.584,13343300,1.585,11279200,1.586,11168800,1.587,2004900,1.588,1462100
sz159920,13:52:48,1763963570636,13:53:50,1763963570359,1.583,1.5883,-0.3337,25734.17,0,0,1.583,1.01,1.583,178800,1.582,15081900,1.581,10791300,1.580,10218100,1.579,3703300,1.584,13343300,1.585,11279200,1.586,11168800,1.587,2004900,1.588,1462100
sz159920,13:52:48,1763963571631,13:53:51,1763963571333,1.583,1.5883,-0.3337,25734.17,0,0,1.583,0.995,1.583,178800,1.582,15081900,1.581,10791300,1.580,10218100,1.579,3703300,1.584,13343300,1.585,11279200,1.586,11168800,1.587,2004900,1.588,1462100
sz159920,13:52:48,1763963572637,13:53:52,1763963572392,1.583,1.5883,-0.3337,25735.92,0,0,1.583,1.006,1.583,178800,1.582,15081900,1.581,10791300,1.580,10218100,1.579,3703300,1.584,13343300,1.585,11279200,1.586,11168800,1.587,2004900,1.588,1462100
sz159920,13:52:51,1763963573640,13:53:53,1763963573333,1.583,1.5883,-0.3337,25735.92,190800,302037,1.583,1.003,1.582,11081900,1.581,10977000,1.580,10213600,1.579,6773300,1.578,2758300,1.583,1290500,1.584,13343300,1.585,11279200,1.586,11168800,1.587,1934900
sz159920,13:52:51,1763963574645,13:53:54,1763963574441,1.583,1.5883,-0.3337,25733.26,0,0,1.583,1.005,1.582,11081900,1.581,10977000,1.580,10213600,1.579,6773300,1.578,2758300,1.583,1290500,1.584,13343300,1.585,11279200,1.586,11168800,1.587,1934900
sz159920,13:52:54,1763963575650,13:53:55,1763963575359,1.583,1.5883,-0.3337,25733.26,0,0,1.583,1.005,1.582,10407400,1.581,10913600,1.580,10861500,1.579,6773300,1.578,2758300,1.583,1682800,1.584,13348300,1.585,11342400,1.586,10431100,1.587,1554400
sz159920,13:52:54,1763963576651,13:53:56,1763963576379,1.583,1.5883,-0.3337,25731.11,0,0,1.583,1.001,1.582,10407400,1.581,10913600,1.580,10861500,1.579,6773300,1.578,2758300,1.583,1682800,1.584,13348300,1.585,11342400,1.586,10431100,1.587,1554400
sz159920,13:52:54,1763963577651,13:53:57,1763963577408,1.583,1.5883,-0.3337,25731.11,0,0,1.583,1.0,1.582,10407400,1.581,10913600,1.580,10861500,1.579,6773300,1.578,2758300,1.583,1682800,1.584,13348300,1.585,11342400,1.586,10431100,1.587,1554400
sz159920,13:52:54,1763963578657,13:53:58,1763963578356,1.583,1.5883,-0.3337,25731.82,0,0,1.583,1.006,1.582,10407400,1.581,10913600,1.580,10861500,1.579,6773300,1.578,2758300,1.583,1682800,1.584,13348300,1.585,11342400,1.586,10431100,1.587,1554400
sz159920,13:52:57,1763963579648,13:53:59,1763963579344,1.583,1.5883,-0.3337,25731.82,0,0,1.583,0.991,1.582,10991900,1.581,10913600,1.580,10861500,1.579,6863300,1.578,2758300,1.583,1392300,1.584,13348300,1.585,11342400,1.586,10431100,1.587,1934900
sz159920,13:52:57,1763963580663,13:54:00,1763963580452,1.583,1.5883,-0.3337,25729.55,0,0,1.583,1.015,1.582,10991900,1.581,10913600,1.580,10861500,1.579,6863300,1.578,2758300,1.583,1392300,1.584,13348300,1.585,11342400,1.586,10431100,1.587,1934900
sz159920,13:52:57,1763963581656,13:54:01,1763963581335,1.583,1.5883,-0.3337,25729.55,0,0,1.583,0.993,1.582,10991900,1.581,10913600,1.580,10861500,1.579,6863300,1.578,2758300,1.583,1392300,1.584,13348300,1.585,11342400,1.586,10431100,1.587,1934900
sz159920,13:53:00,1763963582660,13:54:02,1763963582626,1.583,1.5883,-0.3337,25732.67,500,791,1.582,1.004,1.582,11491900,1.581,10913600,1.580,10861500,1.579,6863300,1.578,2758300,1.583,1772300,1.584,13348300,1.585,11342400,1.586,10431100,1.587,1554400
sz159920,13:53:00,1763963583671,13:54:03,1763963583332,1.583,1.5883,-0.3337,25732.67,0,0,1.583,1.01,1.582,11491900,1.581,10913600,1.580,10861500,1.579,6863300,1.578,2758300,1.583,1772300,1.584,13348300,1.585,11342400,1.586,10431100,1.587,1554400
sz159920,13:53:00,1763963584665,13:54:04,1763963584364,1.583,1.5883,-0.3337,25730.99,0,0,1.583,0.995,1.582,11491900,1.581,10913600,1.580,10861500,1.579,6863300,1.578,2758300,1.583,1772300,1.584,13348300,1.585,11342400,1.586,10431100,1.587,1554400
sz159920,13:53:03,1763963585676,13:54:05,1763963585394,1.583,1.5883,-0.3337,25730.99,5000,7915,1.583,1.011,1.582,11251700,1.581,10913600,1.580,10861500,1.579,6863300,1.578,2758300,1.583,1797400,1.584,13348300,1.585,11342400,1.586,10431100,1.587,1554400
sz159920,13:53:03,1763963586682,13:54:06,1763963586345,1.583,1.5883,-0.3337,25731.46,0,0,1.583,1.006,1.582,11251700,1.581,10913600,1.580,10861500,1.579,6863300,1.578,2758300,1.583,1797400,1.584,13348300,1.585,11342400,1.586,10431100,1.587,1554400
sz159920,13:53:06,1763963587676,13:54:07,1763963587444,1.583,1.5883,-0.3337,25731.46,0,0,1.583,0.994,1.582,12251700,1.581,10913600,1.580,10861500,1.579,3863300,1.578,2758300,1.583,579700,1.584,13348300,1.585,11342400,1.586,10431100,1.587,1934900
sz159920,13:53:06,1763963588674,13:54:08,1763963588469,1.583,1.5883,-0.3337,25731.41,0,0,1.583,0.998,1.582,12251700,1.581,10913600,1.580,10861500,1.579,3863300,1.578,2758300,1.583,579700,1.584,13348300,1.585,11342400,1.586,10431100,1.587,1934900
sz159920,13:53:06,1763963589682,13:54:09,1763963589325,1.583,1.5883,-0.3337,25731.41,0,0,1.583,1.008,1.582,12251700,1.581,10913600,1.580,10861500,1.579,3863300,1.578,2758300,1.583,579700,1.584,13348300,1.585,11342400,1.586,10431100,1.587,1934900
sz159920,13:53:06,1763963590680,13:54:10,1763963590414,1.583,1.5883,-0.3337,25730.41,0,0,1.583,0.998,1.582,12251700,1.581,10913600,1.580,10861500,1.579,3863300,1.578,2758300,1.583,579700,1.584,13348300,1.585,11342400,1.586,10431100,1.587,1934900
sz159920,13:53:09,1763963591682,13:54:11,1763963591330,1.582,1.5883,-0.3967,25730.41,2500,3955,1.582,1.003,1.582,12229200,1.581,10913600,1.580,10861500,1.579,6863300,1.578,2758300,1.583,1909300,1.584,13348300,1.585,11342400,1.586,10431100,1.587,1934900
sz159920,13:53:09,1763963592682,13:54:12,1763963592447,1.582,1.5883,-0.3967,25729.36,0,0,1.582,1.0,1.582,12229200,1.581,10913600,1.580,10861500,1.579,6863300,1.578,2758300,1.583,1909300,1.584,13348300,1.585,11342400,1.586,10431100,1.587,1934900
sz159920,13:53:09,1763963593697,13:54:13,1763963593401,1.582,1.5883,-0.3967,25729.36,0,0,1.582,1.015,1.582,12229200,1.581,10913600,1.580,10861500,1.579,6863300,1.578,2758300,1.583,1909300,1.584,13348300,1.585,11342400,1.586,10431100,1.587,1934900
sz159920,13:53:12,1763963594675,13:54:14,1763963594407,1.583,1.5883,-0.3337,25728.1,2100,3324,1.5829,0.977,1.582,10944700,1.581,10913600,1.580,10861500,1.579,6863300,1.578,2758300,1.583,3252800,1.584,13348300,1.585,11243700,1.586,10050600,1.587,1554400
sz159920,13:53:12,1763963595687,13:54:15,1763963595560,1.583,1.5883,-0.3337,25728.1,0,0,1.583,1.012,1.582,10944700,1.581,10913600,1.580,10861500,1.579,6863300,1.578,2758300,1.583,3252800,1.584,13348300,1.585,11243700,1.586,10050600,1.587,1554400
sz159920,13:53:12,1763963596707,13:54:16,1763963596371,1.583,1.5883,-0.3337,25726.34,0,0,1.583,1.02,1.582,10944700,1.581,10913600,1.580,10861500,1.579,6863300,1.578,2758300,1.583,3252800,1.584,13348300,1.585,11243700,1.586,10050600,1.587,1554400
sz159920,13:53:15,1763963597705,13:54:16,1763963596371,1.583,1.5883,-0.3337,25726.34,0,0,1.583,0.998,1.582,10945000,1.581,10913600,1.580,10861500,1.579,6863300,1.578,2758300,1.583,3252800,1.584,13348300,1.585,11493700,1.586,10050600,1.587,1304400
sz159920,13:53:15,1763963598717,13:54:18,1763963598401,1.583,1.5883,-0.3337,25725.85,0,0,1.583,1.012,1.582,10945000,1.581,10913600,1.580,10861500,1.579,6863300,1.578,2758300,1.583,3252800,1.584,13348300,1.585,11493700,1.586,10050600,1.587,1304400
sz159920,13:53:15,1763963599701,13:54:19,1763963599426,1.583,1.5883,-0.3337,25725.85,0,0,1.583,0.984,1.582,10945000,1.581,10913600,1.580,10861500,1.579,6863300,1.578,2758300,1.583,3252800,1.584,13348300,1.585,11493700,1.586,10050600,1.587,1304400
sz159920,13:53:15,1763963600696,13:54:20,1763963600357,1.583,1.5883,-0.3337,25725.93,0,0,1.583,0.996,1.582,10945000,1.581,10913600,1.580,10861500,1.579,6863300,1.578,2758300,1.583,3252800,1.584,13348300,1.585,11493700,1.586,10050600,1.587,1304400
sz159920,13:53:18,1763963601707,13:54:21,1763963601366,1.582,1.5882,-0.3904,25725.93,6300,9967,1.5821,1.011,1.582,2817100,1.581,13645800,1.580,11024900,1.579,10863300,1.578,2758300,1.583,11614100,1.584,11170200,1.585,11430500,1.586,4050600,1.587,1304400
sz159920,13:53:18,1763963602706,13:54:22,1763963602498,1.582,1.5882,-0.3904,25725.79,0,0,1.582,0.999,1.582,2817100,1.581,13645800,1.580,11024900,1.579,10863300,1.578,2758300,1.583,11614100,1.584,11170200,1.585,11430500,1.586,4050600,1.587,1304400
sz159920,13:53:18,1763963603703,13:54:23,1763963603392,1.582,1.5882,-0.3904,25725.79,0,0,1.582,0.998,1.582,2817100,1.581,13645800,1.580,11024900,1.579,10863300,1.578,2758300,1.583,11614100,1.584,11170200,1.585,11430500,1.586,4050600,1.587,1304400
sz159920,13:53:21,1763963604710,13:54:24,1763963604350,1.582,1.5882,-0.3904,25724.78,0,0,1.582,1.006,1.582,10939000,1.581,10728900,1.580,11301800,1.579,6863300,1.578,2758300,1.583,3320400,1.584,13407000,1.585,11493700,1.586,10050600,1.587,1304400
sz159920,13:53:21,1763963605719,13:54:25,1763963605364,1.582,1.5882,-0.3904,25724.78,0,0,1.582,1.009,1.582,10939000,1.581,10728900,1.580,11301800,1.579,6863300,1.578,2758300,1.583,3320400,1.584,13407000,1.585,11493700,1.586,10050600,1.587,1304400
sz159920,13:53:24,1763963606713,13:54:26,1763963606393,1.583,1.5882,-0.3274,25727.21,23600,37359,1.583,0.995,1.582,11523500,1.581,10728900,1.580,11301800,1.579,6863300,1.578,2758300,1.583,1911300,1.584,13429500,1.585,11243700,1.586,10431100,1.587,1554400
sz159920,13:53:24,1763963607730,13:54:27,1763963607412,1.583,1.5882,-0.3274,25727.21,0,0,1.583,1.017,1.582,11523500,1.581,10728900,1.580,11301800,1.579,6863300,1.578,2758300,1.583,1911300,1.584,13429500,1.585,11243700,1.586,10431100,1.587,1554400
sz159920,13:53:24,1763963608728,13:54:28,1763963608496,1.583,1.5882,-0.3274,25726.79,0,0,1.583,0.997,1.582,11523500,1.581,10728900,1.580,11301800,1.579,6863300,1.578,2758300,1.583,1911300,1.584,13429500,1.585,11243700,1.586,10431100,1.587,1554400
sz159920,13:53:27,1763963609729,13:54:29,1763963609357,1.582,1.5882,-0.3904,25726.79,10000,15820,1.582,1.001,1.582,12613500,1.581,10728900,1.580,11201800,1.579,6863300,1.578,2758300,1.583,1911300,1.584,13429600,1.585,11056400,1.586,10431100,1.587,1934900
sz159920,13:53:27,1763963610721,13:54:30,1763963610660,1.582,1.5882,-0.3904,25728.56,0,0,1.582,0.993,1.582,12613500,1.581,10728900,1.580,11201800,1.579,6863300,1.578,2758300,1.583,1911300,1.584,13429600,1.585,11056400,1.586,10431100,1.587,1934900
sz159920,13:53:27,1763963611730,13:54:31,1763963611332,1.582,1.5882,-0.3904,25728.56,0,0,1.582,1.009,1.582,12613500,1.581,10728900,1.580,11201800,1.579,6863300,1.578,2758300,1.583,1911300,1.584,13429600,1.585,11056400,1.586,10431100,1.587,1934900
sz159920,13:53:30,1763963612726,13:54:32,1763963612379,1.582,1.5882,-0.3904,25725.18,0,0,1.582,0.996,1.582,11029000,1.581,10728900,1.580,11201800,1.579,6863300,1.578,2758300,1.583,1942300,1.584,13469600,1.585,11056400,1.586,10431100,1.587,1934900
sz159920,13:53:30,1763963613732,13:54:33,1763963613334,1.582,1.5882,-0.3904,25725.18,0,0,1.582,1.006,1.582,11029000,1.581,10728900,1.580,11201800,1.579,6863300,1.578,2758300,1.583,1942300,1.584,13469600,1.585,11056400,1.586,10431100,1.587,1934900
sz159920,13:53:30,1763963614730,13:54:34,1763963614361,1.582,1.5882,-0.3904,25725.42,0,0,1.582,0.998,1.582,11029000,1.581,10728900,1.580,11201800,1.579,6863300,1.578,2758300,1.583,1942300,1.584,13469600,1.585,11056400,1.586,10431100,1.587,1934900
sz159920,13:53:33,1763963615746,13:54:35,1763963615333,1.582,1.5882,-0.3904,25725.42,100,158,1.58,1.016,1.582,11078300,1.581,10728900,1.580,11201800,1.579,6863300,1.578,2758300,1.583,2323100,1.584,13477800,1.585,11056400,1.586,10431100,1.587,1554400
sz159920,13:53:33,1763963616737,13:54:36,1763963616375,1.582,1.5882,-0.3904,25726.98,0,0,1.582,0.991,1.582,11078300,1.581,10728900,1.580,11201800,1.579,6863300,1.578,2758300,1.583,2323100,1.584,13477800,1.585,11056400,1.586,10431100,1.587,1554400
sz159920,13:53:33,1763963617752,13:54:37,1763963617343,1.582,1.5882,-0.3904,25726.98,0,0,1.582,1.015,1.582,11078300,1.581,10728900,1.580,11201800,1.579,6863300,1.578,2758300,1.583,2323100,1.584,13477800,1.585,11056400,1.586,10431100,1.587,1554400
sz159920,13:53:36,1763963618827,13:54:38,1763963618362,1.583,1.5879,-0.3086,25728.31,100,158,1.58,1.075,1.582,11669100,1.581,10729300,1.580,11201800,1.579,6863300,1.578,2758300,1.583,2376400,1.584,13665100,1.585,11056400,1.586,10431100,1.587,1554400
sz159920,13:53:36,1763963619751,13:54:39,1763963619394,1.583,1.5879,-0.3086,25728.31,0,0,1.583,0.923,1.582,11669100,1.581,10729300,1.580,11201800,1.579,6863300,1.578,2758300,1.583,2376400,1.584,13665100,1.585,11056400,1.586,10431100,1.587,1554400
sz159920,13:53:39,1763963620746,13:54:40,1763963620373,1.583,1.5879,-0.3086,25728.35,0,0,1.583,0.995,1.582,11670100,1.581,10729300,1.580,11202300,1.579,6863300,1.578,2758300,1.583,2390200,1.584,13665100,1.585,11056900,1.586,10431100,1.587,1554400
sz159920,13:53:39,1763963621751,13:54:41,1763963621455,1.583,1.5879,-0.3086,25728.35,0,0,1.583,1.005,1.582,11670100,1.581,10729300,1.580,11202300,1.579,6863300,1.578,2758300,1.583,2390200,1.584,13665100,1.585,11056900,1.586,10431100,1.587,1554400
sz159920,13:53:39,1763963622747,13:54:42,1763963622378,1.583,1.5879,-0.3086,25727.15,0,0,1.583,0.996,1.582,11670100,1.581,10729300,1.580,11202300,1.579,6863300,1.578,2758300,1.583,2390200,1.584,13665100,1.585,11056900,1.586,10431100,1.587,1554400
sz159920,13:53:39,1763963623751,13:54:43,1763963623692,1.583,1.5879,-0.3086,25727.15,0,0,1.583,1.004,1.582,11670100,1.581,10729300,1.580,11202300,1.579,6863300,1.578,2758300,1.583,2390200,1.584,13665100,1.585,11056900,1.586,10431100,1.587,1554400
sz159920,13:53:42,1763963624750,13:54:44,1763963624412,1.583,1.5879,-0.3086,25727.23,0,0,1.583,0.999,1.582,11670100,1.581,10729300,1.580,11202300,1.579,6863300,1.578,2758300,1.583,1529700,1.584,13665100,1.585,11056900,1.586,10431100,1.587,1934900
sz159920,13:53:42,1763963625754,13:54:45,1763963625505,1.583,1.5879,-0.3086,25727.23,0,0,1.583,1.004,1.582,11670100,1.581,10729300,1.580,11202300,1.579,6863300,1.578,2758300,1.583,1529700,1.584,13665100,1.585,11056900,1.586,10431100,1.587,1934900
sz159920,13:53:42,1763963626770,13:54:46,1763963626459,1.583,1.5879,-0.3086,25726.13,0,0,1.583,1.016,1.582,11670100,1.581,10729300,1.580,11202300,1.579,6863300,1.578,2758300,1.583,1529700,1.584,13665100,1.585,11056900,1.586,10431100,1.587,1934900
sz159920,13:53:45,1763963627756,13:54:47,1763963627378,1.582,1.5879,-0.3716,25726.13,3000,4746,1.582,0.986,1.582,11667100,1.581,10729300,1.580,11202300,1.579,6863900,1.578,2758300,1.583,2113100,1.584,13665100,1.585,11056900,1.586,10431100,1.587,1934900
sz159920,13:53:45,1763963628760,13:54:48,1763963628403,1.582,1.5879,-0.3716,25727.5,0,0,1.582,1.004,1.582,11667100,1.581,10729300,1.580,11202300,1.579,6863900,1.578,2758300,1.583,2113100,1.584,13665100,1.585,11056900,1.586,10431100,1.587,1934900
sz159920,13:53:45,1763963629766,13:54:49,1763963629341,1.582,1.5879,-0.3716,25727.5,0,0,1.582,1.006,1.582,11667100,1.581,10729300,1.580,11202300,1.579,6863900,1.578,2758300,1.583,2113100,1.584,13665100,1.585,11056900,1.586,10431100,1.587,1934900
sz159920,13:53:48,1763963630769,13:54:50,1763963630371,1.582,1.5879,-0.3716,25726.44,6200,9809,1.5821,1.003,1.582,15694200,1.581,10729300,1.580,11202300,1.579,3863900,1.578,2758300,1.583,811700,1.584,13665100,1.585,11056900,1.586,10431100,1.587,1934900
sz159920,13:53:48,1763963631769,13:54:51,1763963631372,1.582,1.5879,-0.3716,25726.44,0,0,1.582,1.0,1.582,15694200,1.581,10729300,1.580,11202300,1.579,3863900,1.578,2758300,1.583,811700,1.584,13665100,1.585,11056900,1.586,10431100,1.587,1934900
sz159920,13:53:48,1763963632770,13:54:52,1763963632378,1.582,1.5879,-0.3716,25727.4,0,0,1.582,1.001,1.582,15694200,1.581,10729300,1.580,11202300,1.579,3863900,1.578,2758300,1.583,811700,1.584,13665100,1.585,11056900,1.586,10431100,1.587,1934900
sz159920,13:53:51,1763963633783,13:54:53,1763963633323,1.582,1.588,-0.3778,25727.4,0,0,1.582,1.013,1.582,15694200,1.581,10729300,1.580,11202300,1.579,3863900,1.578,2758300,1.583,747900,1.584,13665100,1.585,11056900,1.586,10431100,1.587,1934900
sz159920,13:53:51,1763963634776,13:54:54,1763963634422,1.582,1.588,-0.3778,25727.87,0,0,1.582,0.993,1.582,15694200,1.581,10729300,1.580,11202300,1.579,3863900,1.578,2758300,1.583,747900,1.584,13665100,1.585,11056900,1.586,10431100,1.587,1934900
sz159920,13:53:51,1763963635771,13:54:54,1763963634422,1.582,1.588,-0.3778,25727.87,0,0,1.582,0.995,1.582,15694200,1.581,10729300,1.580,11202300,1.579,3863900,1.578,2758300,1.583,747900,1.584,13665100,1.585,11056900,1.586,10431100,1.587,1934900
sz159920,13:53:54,1763963636771,13:54:56,1763963636587,1.583,1.588,-0.3149,25727.31,747900,1183925,1.583,0.999,1.583,1182800,1.582,15844200,1.581,10729300,1.580,11102300,1.579,3703900,1.584,13665100,1.585,11056900,1.586,10431100,1.587,2004900,1.588,1462100
sz159920,13:53:54,1763963637776,13:54:57,1763963637414,1.583,1.588,-0.3149,25727.31,0,0,1.583,1.005,1.583,1182800,1.582,15844200,1.581,10729300,1.580,11102300,1.579,3703900,1.584,13665100,1.585,11056900,1.586,10431100,1.587,2004900,1.588,1462100
sz159920,13:53:54,1763963638791,13:54:58,1763963638763,1.583,1.588,-0.3149,25727.46,0,0,1.583,1.015,1.583,1182800,1.582,15844200,1.581,10729300,1.580,11102300,1.579,3703900,1.584,13665100,1.585,11056900,1.586,10431100,1.587,2004900,1.588,1462100
sz159920,13:53:54,1763963639786,13:54:59,1763963639323,1.583,1.588,-0.3149,25727.46,0,0,1.583,0.995,1.583,1182800,1.582,15844200,1.581,10729300,1.580,11102300,1.579,3703900,1.584,13665100,1.585,11056900,1.586,10431100,1.587,2004900,1.588,1462100
sz159920,13:53:57,1763963640796,13:55:00,1763963640383,1.583,1.588,-0.3149,25727.37,90000,142470,1.583,1.01,1.583,1094300,1.582,15844200,1.581,10792700,1.580,11038900,1.579,3703900,1.584,12665100,1.585,10993700,1.586,10494300,1.587,2004900,1.588,1462100
sz159920,13:53:57,1763963641796,13:55:01,1763963641407,1.583,1.588,-0.3149,25727.37,0,0,1.583,1.0,1.583,1094300,1.582,15844200,1.581,10792700,1.580,11038900,1.579,3703900,1.584,12665100,1.585,10993700,1.586,10494300,1.587,2004900,1.588,1462100
sz159920,13:54:00,1763963642792,13:55:02,1763963642371,1.583,1.588,-0.3149,25731.22,0,0,1.583,0.996,1.583,501500,1.582,15934200,1.581,10792700,1.580,11038900,1.579,3703900,1.584,13665100,1.585,10993700,1.586,10584300,1.587,2004900,1.588,1462100
sz159920,13:54:00,1763963643794,13:55:03,1763963643681,1.583,1.588,-0.3149,25731.22,0,0,1.583,1.003,1.583,501500,1.582,15934200,1.581,10792700,1.580,11038900,1.579,3703900,1.584,13665100,1.585,10993700,1.586,10584300,1.587,2004900,1.588,1462100
sz159920,13:54:00,1763963644791,13:55:04,1763963644383,1.583,1.588,-0.3149,25732.72,0,0,1.583,0.997,1.583,501500,1.582,15934200,1.581,10792700,1.580,11038900,1.579,3703900,1.584,13665100,1.585,10993700,1.586,10584300,1.587,2004900,1.588,1462100
sz159920,13:54:03,1763963645810,13:55:05,1763963645333,1.583,1.588,-0.3149,25732.72,0,0,1.583,1.019,1.583,65300,1.582,15934200,1.581,10796100,1.580,11038900,1.579,3703900,1.584,12565100,1.585,10993700,1.586,10684300,1.587,2004900,1.588,1462100
sz159920,13:54:03,1763963646797,13:55:06,1763963646373,1.583,1.588,-0.3149,25730.66,0,0,1.583,0.987,1.583,65300,1.582,15934200,1.581,10796100,1.580,11038900,1.579,3703900,1.584,12565100,1.585,10993700,1.586,10684300,1.587,2004900,1.588,1462100
sz159920,13:54:03,1763963647802,13:55:07,1763963647413,1.583,1.588,-0.3149,25730.66,0,0,1.583,1.005,1.583,65300,1.582,15934200,1.581,10796100,1.580,11038900,1.579,3703900,1.584,12565100,1.585,10993700,1.586,10684300,1.587,2004900,1.588,1462100
sz159920,13:54:03,1763963648850,13:55:08,1763963648373,1.583,1.588,-0.3149,25730.93,0,0,1.583,1.047,1.583,65300,1.582,15934200,1.581,10796100,1.580,11038900,1.579,3703900,1.584,12565100,1.585,10993700,1.586,10684300,1.587,2004900,1.588,1462100
sz159920,13:54:06,1763963649793,13:55:09,1763963649598,1.583,1.5881,-0.3211,25730.93,4200,6649,1.5831,0.944,1.583,561100,1.582,15934200,1.581,10796100,1.580,11038900,1.579,3703900,1.584,12565100,1.585,10993700,1.586,10684300,1.587,2004900,1.588,1462100
sz159920,13:54:06,1763963650815,13:55:10,1763963650423,1.583,1.5881,-0.3211,25733.23,0,0,1.583,1.021,1.583,561100,1.582,15934200,1.581,10796100,1.580,11038900,1.579,3703900,1.584,12565100,1.585,10993700,1.586,10684300,1.587,2004900,1.588,1462100
sz159920,13:54:06,1763963651810,13:55:11,1763963651751,1.583,1.5881,-0.3211,25733.23,0,0,1.583,0.996,1.583,561100,1.582,15934200,1.581,10796100,1.580,11038900,1.579,3703900,1.584,12565100,1.585,10993700,1.586,10684300,1.587,2004900,1.588,1462100
