symbol,tx_server_time,tx_local_time,index_price,fx_rate,sentiment,price,iopv,premium_rate,tick_vol,tick_amt,tick_vwap,bp1,bv1,bp2,bv2,bp3,bv3,bp4,bv4,bp5,bv5,sp1,sv1,sp2,sv2,sp3,sv3,sp4,sv4,sp5,sv5,idx_delay_ms,fut_delay_ms,data_flags,fut_price,fut_mid,fut_imb,fut_delta_vol,fut_pct
sz159920,14:00:45,1767938448271,,0.8959,0.9987,1.586,1.5891,-0.1951,0,0,1.586,1.585,3384900,1.584,8617100,1.583,8597400,1.582,9130700,1.581,3975600,1.586,5168500,1.587,9209600,1.588,6698300,1.589,9039500,1.590,3651600,99999,110,1,26209.76,26222.0,0.09,0,0.26
sz159920,14:00:48,1767938450264,,0.8959,2.8251,1.585,1.5891,-0.258,52800,83688,1.585,1.585,3332100,1.584,8617100,1.583,8597400,1.582,9130700,1.581,3975600,1.586,7391500,1.587,6989600,1.588,6698300,1.589,9039500,1.590,3651600,99999,111,0,26208.85,26222.0,-0.33,0,0.26
sz159920,14:00:51,1767938454251,26196.7,0.8959,2.3574,1.585,1.5891,-0.258,100000,158500,1.585,1.585,3232100,1.584,8589500,1.583,8597400,1.582,9130700,1.581,3975600,1.586,5171500,1.587,9209600,1.588,6674100,1.589,9039500,1.590,3651600,77,80,0,26212.04,26223.0,-0.17,3,0.27
sz159920,14:00:54,1767938457248,26197.4,0.8959,2.1928,1.586,1.5891,-0.1951,26300,41712,1.586,1.585,6282100,1.584,9242500,1.583,8534100,1.582,6130700,1.581,3385800,1.586,3678100,1.587,10083100,1.588,7327000,1.589,9039500,1.590,3651600,913,78,0,26238.5,26224.0,-0.29,1,0.37
sz159920,14:00:57,1767938459249,26198.51,0.8959,3.2442,1.586,1.5891,-0.1951,0,0,1.586,1.585,6282100,1.584,9242500,1.583,8534100,1.582,6130700,1.581,3385800,1.586,3691100,1.587,10073100,1.588,7327000,1.589,9039500,1.590,3651600,738,65,0,26237.6,26223.0,0.0,1,0.37
sz159920,14:01:00,1767938463278,26195.5,0.8959,2.7111,1.586,1.5891,-0.1951,0,0,1.586,1.585,6282100,1.584,9045300,1.583,8534100,1.582,6130700,1.581,3385800,1.586,4305900,1.587,10073100,1.588,7327000,1.589,9039500,1.590,3651600,421,102,0,26205.21,26218.0,0.0,0,0.25
sz159920,14:01:03,1767938465248,26198.8,0.8959,4.3687,1.586,1.5891,-0.1951,1300,2062,1.5862,1.585,3288200,1.584,8392300,1.583,8227400,1.582,9130700,1.581,3385800,1.586,5241600,1.587,9199600,1.588,7283900,1.589,9039500,1.590,3651600,220,50,0,26210.2,26220.0,0.54,3,0.26
sz159920,14:01:06,1767938468248,26196.45,0.8959,4.7077,1.586,1.5891,-0.1951,5000,7930,1.586,1.585,6452700,1.584,8455500,1.583,8164100,1.582,6130700,1.581,3785800,1.586,5233600,1.587,9186500,1.588,7347000,1.589,9039500,1.590,3651600,389,37,0,26210.67,26223.5,-0.33,0,0.27
sz159920,14:01:09,1767938471263,26195.56,0.8959,3.8517,1.586,1.5891,-0.1951,0,0,1.586,1.585,6418200,1.584,8455500,1.583,8164100,1.582,6130700,1.581,3806700,1.586,4047000,1.587,10123100,1.588,7597000,1.589,9039500,1.590,3651600,961,73,0,26208.4,26222.5,0.43,1,0.26
sz159920,14:01:12,1767938475262,26197.99,0.8959,2.6176,1.586,1.5891,-0.1951,0,0,1.586,1.585,6418200,1.584,8455500,1.583,8164100,1.582,6130700,1.581,3806700,1.586,4047000,1.587,10127400,1.588,7647000,1.589,9039500,1.590,3651600,955,51,0,26206.6,26219.0,0.27,1,0.25
sz159920,14:01:15,1767938477262,26195.36,0.8959,1.7871,1.586,1.5891,-0.1951,1300,2062,1.5862,1.585,1198200,1.584,9922500,1.583,8227400,1.582,9130700,1.581,3806700,1.586,8266000,1.587,7034500,1.588,7583900,1.589,9039500,1.590,3651600,964,51,0,26207.94,26220.0,-0.2,7,0.26
sz159920,14:01:12,1767938478266,26195.36,0.8959,2.145,1.586,1.5891,-0.1951,0,0,1.586,1.585,6418200,1.584,8455500,1.583,8164100,1.582,6130700,1.581,3806700,1.586,4047000,1.587,10127400,1.588,7647000,1.589,9039500,1.590,3651600,199,46,2,26203.9,26218.0,-0.07,2,0.24
sz159920,14:01:15,1767938479271,26196.05,0.8959,3.5428,1.586,1.5891,-0.1951,0,0,1.586,1.585,1198200,1.584,9922500,1.583,8227400,1.582,9130700,1.581,3806700,1.586,8266000,1.587,7034500,1.588,7583900,1.589,9039500,1.590,3651600,974,55,0,26205.7,26220.0,0.33,0,0.25
sz159920,14:01:18,1767938481268,26196.08,0.8959,5.1151,1.586,1.5891,-0.1951,0,0,1.586,1.585,3418200,1.584,7702500,1.583,8227400,1.582,9130700,1.581,3806700,1.586,7329300,1.587,7034500,1.588,7583900,1.589,9039500,1.590,3651600,945,11,0,26205.21,26218.0,-0.07,3,0.25
sz159920,14:01:21,1767938483273,26196.83,0.8959,4.446,1.586,1.5891,-0.1951,0,0,1.586,1.585,1228000,1.584,9922500,1.583,8227400,1.582,9130700,1.581,3806700,1.586,8329300,1.587,7047100,1.588,8112000,1.589,9039500,1.590,3651600,868,48,0,26208.36,26219.5,-0.78,6,0.26
sz159920,14:01:24,1767938487278,26196.02,0.8959,4.2662,1.586,1.5891,-0.1951,1300,2062,1.5862,1.585,3448000,1.584,7702500,1.583,8227400,1.582,9133700,1.581,3806700,1.586,7328000,1.587,7135300,1.588,8112000,1.589,9059500,1.590,3651600,543,22,0,26204.37,26219.5,0.0,3,0.24
sz159920,14:01:27,1767938489360,26196.64,0.8959,3.6729,1.586,1.5891,-0.1951,70000,111020,1.586,1.585,3458000,1.584,7702500,1.583,8227400,1.582,9133700,1.581,3806700,1.586,7270600,1.587,7135300,1.588,8112000,1.589,9059500,1.590,3651600,429,500,0,26204.37,26219.5,0.0,0,0.24
sz159920,14:01:30,1767938492368,26193.56,0.8959,3.0757,1.586,1.5891,-0.1951,0,0,1.586,1.585,3458000,1.584,8292300,1.583,8227400,1.582,9133700,1.581,3806700,1.586,4461000,1.587,9355300,1.588,8112000,1.589,9059500,1.590,3651600,67,0,0,26208.4,26222.0,0.23,1,0.26
sz159920,14:01:33,1767938496374,26199.39,0.8959,3.5356,1.586,1.5891,-0.1951,1300,2061,1.5854,1.585,6478000,1.584,8355500,1.583,8164100,1.582,6133700,1.581,3806700,1.586,4459700,1.587,9291900,1.588,8175100,1.589,9059500,1.590,3651600,58,509,0,26238.96,26224.5,0.0,2,0.37
sz159920,14:01:36,1767938499357,26199.2,0.8959,3.4625,1.586,1.5891,-0.1951,0,0,1.586,1.585,9478000,1.584,8945300,1.583,8164100,1.582,3133700,1.581,3806700,1.586,2843300,1.587,10228500,1.588,8287600,1.589,9059500,1.590,3651600,1032,475,0,26239.85,26225.5,-0.6,1,0.38
sz159920,14:01:39,1767938501357,26199.91,0.8959,3.5272,1.586,1.589,-0.1888,0,0,1.586,1.585,9578000,1.584,8945300,1.583,8464100,1.582,3133700,1.581,3406700,1.586,2843300,1.587,10228500,1.588,8287600,1.589,9059500,1.590,3651600,1048,467,0,26240.3,26227.0,-0.06,0,0.38
sz159920,14:01:42,1767938505358,26202.69,0.8959,5.2855,1.585,1.589,-0.2517,700,1110,1.5857,1.585,9587300,1.584,8945300,1.583,8464100,1.582,3133700,1.581,3406700,1.586,2848300,1.587,10228500,1.588,8287600,1.589,9059500,1.590,3651600,1056,474,0,26240.3,26227.0,0.38,2,0.38
sz159920,14:01:45,1767938507375,26202.39,0.8959,3.6566,1.586,1.589,-0.1888,2500,3965,1.586,1.585,9587300,1.584,8945300,1.583,8464100,1.582,3133700,1.581,3406700,1.586,2755800,1.587,10228500,1.588,8287600,1.589,9072000,1.590,3651600,1008,482,0,26240.79,26229.0,-0.25,0,0.38
sz159920,14:01:48,1767938511375,26201.95,0.8959,4.7133,1.586,1.589,-0.1888,0,0,1.586,1.585,9621800,1.584,8945300,1.583,8464100,1.582,3285500,1.581,3406700,1.586,2318200,1.587,10228500,1.588,8387600,1.589,9072000,1.590,3651600,747,449,0,26247.5,26235.0,0.0,29,0.41
sz159920,14:01:51,1767938513377,26204.46,0.8959,4.3711,1.586,1.589,-0.1888,71000,112606,1.586,1.585,9622400,1.584,8945300,1.583,8464100,1.582,3285500,1.581,3406700,1.586,1959100,1.587,9128500,1.588,8387600,1.589,9262000,1.590,3651600,588,468,0,26245.34,26233.5,-0.5,4,0.4
sz159920,14:01:54,1767938516392,26205.65,0.8959,3.488,1.586,1.5895,-0.2202,2088000,3311568,1.586,1.585,7409500,1.584,8534600,1.583,8474900,1.582,2716800,1.581,3406700,1.587,10252100,1.588,8390300,1.589,9551200,1.590,3725600,1.591,3365900,59,471,0,26245.19,26231.0,0.29,0,0.4
sz159920,14:01:57,1767938519377,26202.82,0.8959,2.4626,1.586,1.5895,-0.2202,160000,253760,1.586,1.585,7339600,1.584,8536100,1.583,8384900,1.582,2786800,1.581,3406700,1.586,344700,1.587,10252100,1.588,8327300,1.589,9614200,1.590,3668100,63,469,0,26238.56,26227.0,0.62,7,0.37
sz159920,14:02:00,1767938522411,26201.19,0.8959,1.3463,1.586,1.5895,-0.2202,12000,19032,1.586,1.585,7326400,1.584,8536100,1.583,8606300,1.582,2786800,1.581,3406700,1.586,4402500,1.587,8132100,1.588,8390300,1.589,9361200,1.590,3698100,79,466,0,26207.5,26221.0,-0.25,7,0.25
sz159920,14:02:03,1767938526389,26200.07,0.8959,3.061,1.586,1.5895,-0.2202,1300,2062,1.5862,1.585,1327000,1.584,7295300,1.583,8669600,1.582,8786800,1.581,3406700,1.586,6177600,1.587,7658600,1.588,8080000,1.589,8961200,1.590,3698100,72,459,0,26207.44,26218.0,-0.54,0,0.25
sz159920,14:02:06,1767938528392,26199.74,0.8959,2.7043,1.586,1.5895,-0.2202,0,0,1.586,1.585,1327300,1.584,7330400,1.583,8269600,1.582,8786800,1.581,3397300,1.586,6177600,1.587,7658600,1.588,8080000,1.589,8961200,1.590,3698100,56,447,0,26203.48,26219.0,-0.45,0,0.24
sz159920,14:02:09,1767938532397,26201.47,0.8959,1.7681,1.585,1.5896,-0.2894,100,158,1.58,1.585,1327200,1.584,7920200,1.583,8279600,1.582,5786800,1.581,3797300,1.586,3811400,1.587,7658600,1.588,8330000,1.589,8961200,1.590,3698100,43,448,0,26211.12,26221.0,0.38,1,0.27
sz159920,14:02:12,1767938534391,26201.05,0.8959,1.5979,1.585,1.5896,-0.2894,0,0,1.585,1.585,1454700,1.584,7920200,1.583,8279600,1.582,8786800,1.581,3797300,1.586,5337800,1.587,7662600,1.588,8330000,1.589,8951200,1.590,3698100,74,425,0,26207.94,26221.0,-0.5,0,0.26
sz159920,14:02:15,1767938537406,26201.52,0.8959,1.3324,1.586,1.5896,-0.2265,1300,2062,1.5862,1.585,4454700,1.584,7983600,1.583,9011600,1.582,5706400,1.581,3797300,1.586,4399900,1.587,8536100,1.588,8393100,1.589,8951200,1.590,3698100,718,436,0,26237.6,26224.0,-0.5,1,0.37
sz159920,14:02:18,1767938539405,26201.25,0.8959,1.7835,1.586,1.5896,-0.2265,0,0,1.586,1.585,7484700,1.584,7983600,1.583,9091900,1.582,2716400,1.581,3787300,1.586,5356500,1.587,7599500,1.588,8393100,1.589,8951200,1.590,3698100,507,434,0,26209.76,26221.5,0.71,0,0.26
sz159920,14:02:21,1767938544405,26199.76,0.8959,2.1798,1.586,1.5896,-0.2265,0,0,1.586,1.585,7521700,1.584,8573400,1.583,9491900,1.582,2716400,1.581,3387300,1.586,1620100,1.587,10756100,1.588,8393100,1.589,8951200,1.590,3698100,56,426,0,26239.4,26226.0,0.27,0,0.38
sz159920,14:02:24,1767938546407,26199.46,0.8959,1.8757,1.585,1.5894,-0.2768,2300,3647,1.5857,1.585,7520700,1.584,8573400,1.583,9487900,1.582,2716400,1.581,3387300,1.586,1668800,1.587,10756100,1.588,8393100,1.589,8951200,1.590,3698100,119,410,0,26238.5,26225.0,0.45,6,0.37
sz159920,14:02:27,1767938549422,26198.61,0.8959,2.3137,1.585,1.5894,-0.2768,0,0,1.585,1.585,7520700,1.584,8573400,1.583,9487900,1.582,2716400,1.581,3387300,1.586,1668800,1.587,10356100,1.588,8393100,1.589,8951200,1.590,3698100,1106,426,0,26239.88,26227.0,0.08,0,0.38
sz159920,14:02:30,1767938552417,26200.54,0.8959,2.8695,1.586,1.5894,-0.2139,6400,10150,1.5859,1.585,7530700,1.584,8653100,1.583,9487900,1.582,2716400,1.581,3387300,1.586,1662400,1.587,10356100,1.588,8393100,1.589,9351200,1.590,3698100,106,418,0,26237.15,26225.5,0.74,3,0.37
sz159920,14:02:33,1767938555422,26200.6,0.8959,3.9884,1.586,1.5894,-0.2139,1300,2062,1.5862,1.585,7530700,1.584,8653100,1.583,9517900,1.582,2716400,1.581,3387300,1.586,1199000,1.587,10356100,1.588,8393100,1.589,9351200,1.590,3698100,1090,384,0,26242.52,26229.0,0.33,2,0.39
sz159920,14:02:36,1767938557422,26201.95,0.8959,4.2344,1.586,1.5894,-0.2139,315200,499907,1.586,1.585,7496200,1.584,8653100,1.583,9517900,1.582,2716400,1.581,3387300,1.586,1166000,1.587,10356100,1.588,8393100,1.589,9351200,1.590,3698100,1099,408,0,26239.48,26230.0,-0.47,2,0.38
sz159920,14:02:39,1767938561437,26200.75,0.8959,2.7832,1.586,1.5894,-0.2139,0,0,1.586,1.585,7496200,1.584,8653100,1.583,9517900,1.582,2716400,1.581,3387300,1.586,500000,1.587,10356100,1.588,8393100,1.589,9351200,1.590,3698100,855,405,0,26245.19,26232.0,0.17,2,0.4
sz159920,14:02:42,1767938564426,26202.66,0.8959,2.9921,1.586,1.5894,-0.2139,600,952,1.5867,1.585,7546200,1.584,8653100,1.583,9517900,1.582,2716400,1.581,3387300,1.586,503400,1.587,10356100,1.588,8393100,1.589,9351200,1.590,3698600,120,397,0,26240.4,26231.0,0.0,1,0.38
sz159920,14:02:45,1767938568427,26201.65,0.8959,1.6741,1.586,1.5894,-0.2139,32900,52179,1.586,1.585,7546200,1.584,8653100,1.583,9518000,1.582,2716400,1.581,3387300,1.586,492400,1.587,10356100,1.588,8393100,1.589,9351200,1.590,3698600,118,382,0,26246.08,26232.0,0.29,0,0.4
sz159920,14:02:48,1767938571439,26202.72,0.8959,2.2806,1.586,1.5894,-0.2139,0,0,1.586,1.585,7546200,1.584,8653100,1.583,9518100,1.582,2716400,1.581,3387300,1.586,492400,1.587,10356100,1.588,8393100,1.589,9351200,1.590,3698600,590,384,0,26240.79,26228.0,0.8,0,0.38
sz159920,14:02:51,1767938574432,26202.26,0.8959,1.6631,1.586,1.5894,-0.2139,0,0,1.586,1.585,7546200,1.584,8653100,1.583,9518100,1.582,2716400,1.581,3387300,1.586,492400,1.587,10356100,1.588,8393100,1.589,9351200,1.590,3798600,34,375,0,26239.4,26226.0,0.62,6,0.38
sz159920,14:02:54,1767938576446,26203.04,0.8959,1.294,1.586,1.5895,-0.2202,1300,2062,1.5862,1.585,7546200,1.584,8653100,1.583,9518100,1.582,2716400,1.581,3387300,1.586,791200,1.587,10356100,1.588,8393500,1.589,9351200,1.590,3798600,116,375,0,26240.3,26227.5,-0.6,0,0.38
sz159920,14:02:57,1767938579437,26200.17,0.8959,1.2989,1.586,1.5895,-0.2202,1000,1586,1.586,1.585,7546200,1.584,8653100,1.583,9518100,1.582,2716400,1.581,3387300,1.586,790200,1.587,10356100,1.588,8393500,1.589,9351200,1.590,3798600,542,379,0,26238.56,26226.0,0.29,3,0.37
sz159920,14:03:00,1767938582444,26202.7,0.8959,1.646,1.586,1.5895,-0.2202,0,0,1.586,1.585,7366200,1.584,8653100,1.583,9558100,1.582,2716400,1.581,3387300,1.586,819400,1.587,10356100,1.588,8393500,1.589,9351200,1.590,3798600,133,351,0,26245.19,26230.5,0.8,1,0.4
sz159920,14:03:03,1767938585447,26206.68,0.8959,2.4291,1.586,1.5895,-0.2202,3300,5234,1.5861,1.585,7366200,1.584,8653100,1.583,9558100,1.582,2716400,1.581,3387300,1.586,876100,1.587,10356100,1.588,8393500,1.589,9351200,1.590,3799000,963,348,0,26243.0,26230.0,0.08,0,0.39
sz159920,14:03:09,1767938591454,26206.13,0.8959,2.6396,1.586,1.5895,-0.2202,131000,207766,1.586,1.585,7366200,1.584,8653100,1.583,9580000,1.582,2716400,1.581,3387300,1.586,455100,1.587,10356100,1.588,8393500,1.589,9441200,1.590,3799000,368,355,0,26240.4,26231.0,-0.47,0,0.38
sz159920,14:03:12,1767938595456,26206.63,0.8959,2.9038,1.586,1.5895,-0.2202,200,317,1.585,1.585,7366200,1.584,8683100,1.583,9580000,1.582,2716400,1.581,3387300,1.586,594900,1.587,10356100,1.588,8393500,1.589,9351200,1.590,3809000,120,338,0,26242.61,26230.0,0.33,0,0.39
sz159920,14:03:15,1767938596462,26204.36,0.8959,2.9765,1.586,1.5895,-0.2202,1300,2062,1.5862,1.585,7366200,1.584,8683100,1.583,9580000,1.582,2716400,1.581,3387300,1.586,593600,1.587,10356100,1.588,8393500,1.589,9351200,1.590,3809000,155,352,0,26242.61,26230.0,0.33,0,0.39
sz159920,14:03:18,1767938599472,26204.6,0.8959,1.4325,1.585,1.5895,-0.2831,1200,1902,1.585,1.585,7365000,1.584,8683100,1.583,9580000,1.582,2716400,1.581,3387300,1.586,595600,1.587,10356100,1.588,8393500,1.589,9351200,1.590,3809000,1178,346,0,26241.2,26227.0,0.45,0,0.38
sz159920,14:03:21,1767938603474,26205.64,0.8959,2.6517,1.585,1.5895,-0.2831,0,0,1.585,1.585,7375600,1.584,8683100,1.583,9580000,1.582,2716400,1.581,3387300,1.586,595600,1.587,10356100,1.588,8393500,1.589,9351200,1.590,3809000,1127,350,0,26240.4,26230.5,-0.2,0,0.38
sz159920,14:03:24,1767938606476,26206.92,0.8959,2.1324,1.586,1.5895,-0.2202,3600,5708,1.5856,1.585,7374600,1.584,8683100,1.583,9550000,1.582,2716400,1.581,3387300,1.586,248000,1.587,10356100,1.588,8393500,1.589,9351200,1.590,3809000,177,333,0,26242.24,26232.0,0.09,2,0.39
sz159920,14:03:27,1767938609495,26207.63,0.8959,2.3811,1.586,1.5897,-0.2327,0,0,1.586,1.585,7374600,1.584,8683100,1.583,9550000,1.582,2716400,1.581,3387300,1.586,536100,1.587,10356100,1.588,8393500,1.589,9348200,1.590,3809000,1129,346,0,26245.34,26233.0,0.0,2,0.4
sz159920,14:03:30,1767938613486,26206.24,0.8959,2.7175,1.586,1.5897,-0.2327,0,0,1.586,1.585,7374600,1.584,8685100,1.583,9550000,1.582,2716400,1.581,3387300,1.586,1696100,1.587,10356100,1.588,8393500,1.589,9348200,1.590,3809000,799,322,0,26243.16,26234.0,0.2,0,0.39
sz159920,14:03:33,1767938615494,26208.25,0.8959,2.4758,1.586,1.5897,-0.2327,1300,2062,1.5862,1.585,7374700,1.584,8685100,1.583,9550000,1.582,2716400,1.581,3387300,1.586,1608500,1.587,10356100,1.588,8393500,1.589,9348200,1.590,3809000,609,320,0,26248.75,26235.0,0.11,0,0.41
sz159920,14:03:36,1767938618486,26210.81,0.8959,1.9939,1.586,1.5897,-0.2327,0,0,1.586,1.585,7374100,1.584,8685100,1.583,9550000,1.582,2716400,1.581,3387300,1.586,1622500,1.587,9387700,1.588,8393500,1.589,9438200,1.590,3809000,149,315,0,26245.7,26234.0,-0.5,0,0.4
sz159920,14:03:39,1767938621504,26207.03,0.8959,3.4121,1.586,1.5897,-0.2327,0,0,1.586,1.585,7374100,1.584,8685100,1.583,9550000,1.582,2716400,1.581,3387300,1.586,1622900,1.587,10387700,1.588,8393500,1.589,9438200,1.590,3809000,144,330,0,26242.24,26233.0,-0.45,0,0.39
sz159920,14:03:42,1767938624497,26208.57,0.8959,2.7186,1.586,1.5899,-0.2453,1500,2379,1.586,1.585,7374700,1.584,8685100,1.583,9550000,1.582,2716400,1.581,3387300,1.586,1721400,1.587,10387700,1.588,8393500,1.589,9438200,1.590,3809000,166,313,0,26245.34,26234.0,0.0,0,0.4
sz159920,14:03:45,1767938628503,26209.55,0.8959,3.3982,1.586,1.5899,-0.2453,2200,3489,1.5859,1.585,7375400,1.584,8685100,1.583,9550000,1.582,2716400,1.581,3387300,1.586,1719200,1.587,10387700,1.588,8393500,1.589,9438200,1.590,3809000,203,314,0,26245.0,26235.0,0.08,0,0.4
sz159920,14:03:48,1767938631516,26211.42,0.8959,2.6835,1.586,1.5899,-0.2453,0,0,1.586,1.585,7375400,1.584,8685100,1.583,9550000,1.582,2716400,1.581,3387300,1.586,1719200,1.587,10389700,1.588,8393500,1.589,9438200,1.590,3809000,1188,303,0,26247.5,26236.0,-0.17,1,0.41
sz159920,14:03:51,1767938633507,26209.52,0.8959,3.7796,1.586,1.5899,-0.2453,0,0,1.586,1.585,9595400,1.584,8685100,1.583,9550000,1.582,2716400,1.581,3387300,1.586,1732700,1.587,6039700,1.588,8398500,1.589,9788200,1.590,3809000,649,299,0,26247.16,26236.0,-0.4,0,0.41
sz159920,14:03:54,1767938636524,26211.79,0.8959,2.9406,1.586,1.5899,-0.2453,2300,3648,1.5861,1.585,9595400,1.584,8685100,1.583,9550000,1.582,2716400,1.581,3387300,1.586,1967200,1.587,6039700,1.588,8536100,1.589,9788200,1.590,3809000,203,301,0,26247.86,26234.5,-0.33,0,0.41
sz159920,14:03:57,1767938639546,26208.63,0.8959,3.0037,1.586,1.5899,-0.2453,0,0,1.586,1.585,9595400,1.584,8685100,1.583,9550000,1.582,2716400,1.581,3387300,1.586,1967200,1.587,10039700,1.588,8586100,1.589,9788200,1.590,3809000,836,310,0,26245.0,26233.5,-0.33,0,0.4
sz159920,14:04:00,1767938643526,26211.3,0.8959,4.8058,1.586,1.5899,-0.2453,490300,777616,1.586,1.585,9605800,1.584,8685100,1.583,9550000,1.582,2716400,1.581,3387300,1.586,892000,1.587,6039700,1.588,8586100,1.589,9788200,1.590,3828000,479,282,0,26250.53,26237.5,-0.33,2,0.42
sz159920,14:04:03,1767938646525,26209.83,0.8959,3.9414,1.586,1.5899,-0.2453,1300,2062,1.5862,1.585,9605800,1.584,8621900,1.583,9550000,1.582,2716400,1.581,3387300,1.586,140300,1.587,6039700,1.588,8586100,1.589,9788200,1.590,3828000,213,286,0,26249.6,26240.0,0.33,11,0.42
sz159920,14:04:06,1767938649526,26212.24,0.8959,4.3975,1.586,1.5899,-0.2453,230300,365256,1.586,1.586,1970100,1.585,9605800,1.584,8621900,1.583,9550000,1.582,1666600,1.587,5916100,1.588,8566100,1.589,10288000,1.590,3898000,1.591,3365900,1226,267,0,26249.6,26240.0,0.2,0,0.42
sz159920,14:04:09,1767938652529,26211.42,0.8959,3.058,1.586,1.5899,-0.2453,107000,169702,1.586,1.586,7604600,1.585,8038800,1.584,8721900,1.583,6396800,1.582,1685400,1.587,4489700,1.588,9376600,1.589,10504000,1.590,6898000,1.591,3365900,214,271,0,26249.6,26238.0,0.69,0,0.42
sz159920,14:04:12,1767938654533,26214.69,0.8959,3.2451,1.586,1.5899,-0.2453,0,0,1.586,1.586,2384600,1.585,9605800,1.584,8785100,1.583,9773500,1.582,1685400,1.587,6107700,1.588,8503100,1.589,10441000,1.590,6898000,1.591,3365900,225,275,0,26248.98,26238.0,-0.29,3,0.41
sz159920,14:04:15,1767938657536,26216.01,0.8959,3.0894,1.586,1.5899,-0.2453,21300,33783,1.5861,1.586,7584600,1.585,7449000,1.584,8721900,1.583,6773500,1.582,1685400,1.587,2952800,1.588,11596600,1.589,10504000,1.590,6898000,1.591,3365900,1246,266,0,26252.36,26243.0,-0.64,0,0.43
sz159920,14:04:18,1767938659543,26214.21,0.8959,2.9884,1.586,1.5899,-0.2453,0,0,1.586,1.586,10594900,1.585,8038800,1.584,8721900,1.583,3773500,1.582,1685400,1.587,2363000,1.588,11596600,1.589,10504000,1.590,6919000,1.591,3365900,1235,244,0,26253.28,26244.5,-0.5,5,0.43
sz159920,14:04:21,1767938663573,26215.28,0.8959,3.663,1.587,1.5899,-0.1824,100,158,1.58,1.586,10594800,1.585,8038200,1.584,8721900,1.583,3773500,1.582,1685400,1.587,2362900,1.588,11196600,1.589,10521200,1.590,6919000,1.591,3365900,964,275,0,26251.44,26243.0,-0.5,3,0.42
sz159920,14:04:24,1767938666558,26215.69,0.8959,2.6095,1.587,1.5899,-0.1824,15200,24119,1.5868,1.586,10590900,1.585,8038200,1.584,8721900,1.583,3773500,1.582,1685400,1.587,5463700,1.588,8976600,1.589,10521200,1.590,7319000,1.591,3365900,252,233,0,26253.8,26242.5,-0.78,0,0.43
sz159920,14:04:27,1767938668563,26220.02,0.8959,2.0101,1.587,1.5902,-0.2012,4900,7776,1.5869,1.586,10590900,1.585,8038200,1.584,8721900,1.583,3773500,1.582,1685400,1.587,5558800,1.588,8976600,1.589,10521200,1.590,7319000,1.591,3365900,263,239,0,26255.87,26243.5,0.0,3,0.44
sz159920,14:04:24,1767938669564,26220.02,0.8959,3.2991,1.587,1.5899,-0.1824,0,0,1.587,1.586,10590900,1.585,8038200,1.584,8721900,1.583,3773500,1.582,1685400,1.587,5463700,1.588,8976600,1.589,10521200,1.590,7319000,1.591,3365900,475,256,2,26254.2,26244.5,0.0,10,0.43
sz159920,14:04:27,1767938670556,26218.61,0.8959,3.4649,1.587,1.5902,-0.2012,0,0,1.587,1.586,10590900,1.585,8038200,1.584,8721900,1.583,3773500,1.582,1685400,1.587,5558800,1.588,8976600,1.589,10521200,1.590,7319000,1.591,3365900,248,249,0,26254.2,26245.5,-0.33,0,0.43
sz159920,14:04:30,1767938671581,26218.61,0.8959,2.9732,1.586,1.5902,-0.2641,61000,96806,1.587,1.586,10589900,1.585,8041200,1.584,8721900,1.583,3773500,1.582,1685400,1.587,3278800,1.588,11196600,1.589,10522200,1.590,7491500,1.591,3365900,329,273,0,26255.87,26242.0,0.0,2,0.44
sz159920,14:04:27,1767938672557,26217.2,0.8959,2.9431,1.587,1.5902,-0.2012,0,0,1.587,1.586,10590900,1.585,8038200,1.584,8721900,1.583,3773500,1.582,1685400,1.587,5558800,1.588,8976600,1.589,10521200,1.590,7319000,1.591,3365900,259,239,2,26254.98,26241.0,-0.62,4,0.44
sz159920,14:04:30,1767938673564,26217.2,0.8959,2.5773,1.586,1.5902,-0.2641,0,0,1.586,1.586,10589900,1.585,8041200,1.584,8721900,1.583,3773500,1.582,1685400,1.587,3278800,1.588,11196600,1.589,10522200,1.590,7491500,1.591,3365900,149,241,0,26254.98,26241.0,-0.62,0,0.44
sz159920,14:04:33,1767938675565,26219.15,0.8959,2.4971,1.587,1.5902,-0.2012,51300,81363,1.586,1.586,10546800,1.585,7451400,1.584,8721900,1.583,3773500,1.582,1685400,1.587,6087300,1.588,8986600,1.589,10522200,1.590,7491500,1.591,3365900,1236,229,0,26254.98,26242.0,0.38,1,0.44
sz159920,14:04:36,1767938678572,26218.11,0.8959,2.9304,1.587,1.5902,-0.2012,54100,85857,1.587,1.586,10546800,1.585,7451400,1.584,8721900,1.583,3773500,1.582,1686700,1.587,3812900,1.588,11206200,1.589,10521900,1.590,7491500,1.591,3365900,265,227,0,26253.53,26243.0,-0.67,5,0.43
sz159920,14:04:39,1767938681569,26216.17,0.8959,2.668,1.587,1.5902,-0.2012,218300,346442,1.587,1.586,5326800,1.585,9618200,1.584,8785100,1.583,3773500,1.582,1688700,1.587,5816500,1.588,9049300,1.589,10458900,1.590,7491500,1.591,3365900,1267,225,0,26249.6,26240.0,0.5,0,0.42
sz159920,14:04:42,1767938683571,26218.51,0.8959,2.2667,1.587,1.5904,-0.2138,0,0,1.587,1.586,8313900,1.585,9681400,1.584,8721900,1.583,3773500,1.582,1688700,1.587,5816500,1.588,8986200,1.589,10521900,1.590,7491500,1.591,3365900,1259,225,0,26250.8,26240.0,0.45,0,0.42
sz159920,14:04:45,1767938687582,26214.72,0.8959,3.3509,1.587,1.5904,-0.2138,1300,2063,1.5869,1.586,2313900,1.585,9618200,1.584,8785100,1.583,6773500,1.582,1688700,1.587,6750900,1.588,8600900,1.589,10458900,1.590,7091500,1.591,3366400,1144,178,0,26248.98,26238.0,0.43,0,0.41
sz159920,14:04:48,1767938690576,26212.8,0.8959,3.3655,1.587,1.5904,-0.2138,0,0,1.587,1.586,2313900,1.585,9608200,1.584,8785100,1.583,9773500,1.582,1688700,1.587,6750900,1.588,8550900,1.589,10478900,1.590,7091500,1.591,3366400,286,197,0,26248.4,26237.0,-0.29,6,0.41
sz159920,14:04:51,1767938693581,26213.22,0.8959,3.4656,1.587,1.5904,-0.2138,0,0,1.587,1.586,2313900,1.585,9608200,1.584,8385100,1.583,9773500,1.582,1688700,1.587,6761000,1.588,8545900,1.589,10478900,1.590,7091500,1.591,3366400,654,219,0,26248.75,26235.0,0.33,0,0.41
sz159920,14:04:54,1767938696607,26214.0,0.8959,3.1934,1.587,1.5904,-0.2138,16200,25710,1.587,1.586,2313900,1.585,9678400,1.584,8385100,1.583,9773500,1.582,2088700,1.587,6795700,1.588,8545900,1.589,10528900,1.590,7096500,1.591,3366400,288,222,0,26248.4,26235.0,0.23,0,0.41
sz159920,14:04:57,1767938699612,26215.79,0.8959,3.3935,1.587,1.5903,-0.2075,0,0,1.587,1.586,2316900,1.585,9680400,1.584,8389100,1.583,9773500,1.582,2088700,1.587,6795700,1.588,8408300,1.589,10441500,1.590,7096500,1.591,3366400,200,223,0,26251.42,26239.0,0.33,6,0.42
sz159920,14:05:00,1767938702604,26217.06,0.8959,2.6938,1.587,1.5903,-0.2075,0,0,1.587,1.586,2316900,1.585,9680400,1.584,8389200,1.583,9773500,1.582,2088700,1.587,6795700,1.588,8408300,1.589,10441500,1.590,7096500,1.591,3366400,292,217,0,26252.0,26241.0,-0.38,0,0.42
sz159920,14:05:03,1767938704603,26219.32,0.8959,2.291,1.587,1.5903,-0.2075,3283900,5211536,1.587,1.586,5305800,1.585,10923900,1.584,8726100,1.583,3772800,1.582,1098900,1.587,2571800,1.588,9281800,1.589,11095000,1.590,7096500,1.591,3366400,312,215,0,26252.0,26240.0,-0.17,1,0.42
sz159920,14:05:06,1767938708612,26215.11,0.8959,3.0406,1.587,1.5903,-0.2075,1100,1746,1.5873,1.586,7525800,1.585,8708900,1.584,8726100,1.583,3772800,1.582,1098900,1.587,414900,1.588,11718600,1.589,11066400,1.590,7096500,1.591,3366400,298,214,0,26253.53,26243.0,-0.25,0,0.43
sz159920,14:05:09,1767938710612,26214.78,0.8959,3.1177,1.587,1.5903,-0.2075,40000,63480,1.587,1.586,10525800,1.585,8709000,1.584,8726100,1.583,3772800,1.582,1098900,1.587,1344900,1.588,11718600,1.589,11066400,1.590,7096500,1.591,3366400,304,203,0,26253.8,26240.0,0.5,0,0.43
sz159920,14:05:12,1767938715618,26214.97,0.8959,2.6226,1.587,1.5905,-0.2201,0,0,1.587,1.586,2355800,1.585,10865800,1.584,8795700,1.583,9772800,1.582,1098900,1.587,4430200,1.588,8696400,1.589,11003400,1.590,7096500,1.591,3366400,1003,198,0,26248.75,26235.0,0.29,0,0.41
sz159920,14:05:15,1767938717618,26215.85,0.8959,4.3616,1.587,1.5905,-0.2201,251200,398654,1.587,1.586,2355800,1.585,10885800,1.584,8395700,1.583,9772800,1.582,1498900,1.587,6022700,1.588,8696400,1.589,11003400,1.590,7096500,1.591,3366400,839,194,0,26246.97,26234.0,0.09,3,0.41
sz159920,14:05:18,1767938720626,26211.26,0.8959,3.2278,1.587,1.5905,-0.2201,0,0,1.587,1.586,2355800,1.585,10296000,1.584,8445700,1.583,9772800,1.582,1498900,1.587,6022700,1.588,8696400,1.589,11003400,1.590,7096500,1.591,3366400,327,198,0,26245.34,26234.5,0.5,1,0.4
sz159920,14:05:21,1767938723631,26211.64,0.8959,3.0571,1.587,1.5905,-0.2201,10000,15870,1.587,1.586,2355800,1.585,10396000,1.584,8445700,1.583,9773300,1.582,1498900,1.587,6013200,1.588,8703400,1.589,11003400,1.590,7106500,1.591,3366400,321,189,0,26243.9,26231.0,0.17,5,0.39
sz159920,14:05:24,1767938727627,26209.67,0.8959,3.1772,1.587,1.5905,-0.2201,1300,2064,1.5877,1.586,1563100,1.585,9806200,1.584,8445700,1.583,9773300,1.582,1498900,1.587,9861700,1.588,8703400,1.589,10753400,1.590,4106500,1.591,3366400,1305,170,0,26243.52,26231.5,-0.6,1,0.39
sz159920,14:05:27,1767938730626,26209.08,0.8959,2.6709,1.587,1.5902,-0.2012,0,0,1.587,1.586,624000,1.585,9806200,1.584,8445700,1.583,9773300,1.582,1498900,1.587,9861700,1.588,8703400,1.589,10753400,1.590,4106500,1.591,3366400,300,168,0,26238.56,26229.0,-0.09,5,0.37
sz159920,14:05:30,1767938732636,26211.07,0.8959,2.8448,1.587,1.5902,-0.2012,0,0,1.587,1.586,1104000,1.585,9806200,1.584,8445700,1.583,9773300,1.582,1498900,1.587,9871700,1.588,8703400,1.589,10753400,1.590,4106500,1.591,3366400,319,164,0,26243.52,26231.0,0.09,1,0.39
sz159920,14:05:33,1767938735652,26208.39,0.8959,2.6379,1.587,1.5902,-0.2012,1300,2063,1.5869,1.586,1104000,1.585,9849000,1.584,8545900,1.583,9773300,1.582,1498900,1.587,9870400,1.588,8703400,1.589,10753400,1.590,4106500,1.591,3366400,1342,159,0,26244.3,26229.0,0.2,0,0.4
sz159920,14:05:36,1767938739654,26208.49,0.8959,2.353,1.587,1.5902,-0.2012,1000,1587,1.587,1.586,1104000,1.585,9829000,1.584,8545900,1.583,9773300,1.582,1498900,1.587,9859400,1.588,8703400,1.589,10753400,1.590,3934000,1.591,3366400,1194,159,0,26240.79,26229.0,0.38,1,0.38
sz159920,14:05:39,1767938741659,26208.71,0.8959,2.1073,1.586,1.5902,-0.2641,1000,1586,1.586,1.586,1117800,1.585,9829000,1.584,8545900,1.583,9773300,1.582,1498900,1.587,9869400,1.588,8713400,1.589,10753400,1.590,3934000,1.591,3366400,804,155,0,26240.79,26229.0,0.38,0,0.38
sz159920,14:05:42,1767938744645,26211.35,0.8959,1.847,1.586,1.5898,-0.239,183700,291348,1.586,1.586,864100,1.585,9829000,1.584,8545900,1.583,9773300,1.582,1498900,1.587,9869400,1.588,8713400,1.589,10753400,1.590,3935000,1.591,3366400,326,137,0,26241.32,26230.0,0.43,0,0.38
sz159920,14:05:45,1767938747662,26208.77,0.8959,4.1107,1.586,1.5898,-0.239,11300,17923,1.5861,1.586,854100,1.585,9829000,1.584,8545900,1.583,9773300,1.582,1498900,1.587,9968100,1.588,8713400,1.589,10766200,1.590,3935000,1.591,3366400,490,155,0,26238.06,26227.0,0.09,0,0.37
sz159920,14:05:48,1767938751698,26209.33,0.8959,3.515,1.586,1.5898,-0.239,84300,133700,1.586,1.586,369800,1.585,9829000,1.584,8545900,1.583,9773300,1.582,1498900,1.587,9975600,1.588,8706400,1.589,10766200,1.590,3935000,1.591,3366400,195,164,0,26240.3,26226.0,0.43,3,0.38
sz159920,14:05:51,1767938753665,26211.5,0.8959,3.4821,1.586,1.5898,-0.239,120700,191430,1.586,1.586,249100,1.585,9819000,1.584,8545900,1.583,9773300,1.582,1498900,1.587,9979800,1.588,8706400,1.589,10766200,1.590,3935000,1.591,3366400,1360,127,0,26207.93,26222.0,0.08,0,0.26
sz159920,14:05:54,1767938756685,26203.56,0.8959,2.7608,1.586,1.5898,-0.239,340400,539874,1.586,1.585,1599000,1.584,10162900,1.583,9956600,1.582,5158700,1.581,3483800,1.586,5678800,1.587,7518300,1.588,8643300,1.589,9384200,1.590,3865000,376,148,0,26207.03,26219.0,0.17,1,0.25
sz159920,14:05:57,1767938760686,26207.3,0.8959,3.8388,1.586,1.59,-0.2516,0,0,1.586,1.585,4599000,1.584,10689500,1.583,9619800,1.582,5158700,1.581,3883800,1.586,5215900,1.587,7518600,1.588,8737800,1.589,8641400,1.590,3865000,371,130,0,26206.15,26221.0,0.67,2,0.25
sz159920,14:06:00,1767938761670,26207.3,0.8959,5.2675,1.586,1.59,-0.2516,0,0,1.586,1.585,1599000,1.584,10099700,1.583,9619800,1.582,5158700,1.581,3883800,1.586,5805700,1.587,7525600,1.588,8834800,1.589,8641400,1.590,3865000,1355,96,0,26206.52,26218.0,0.57,11,0.25
sz159920,14:06:03,1767938765685,26205.38,0.8959,2.5291,1.586,1.59,-0.2516,1300,2062,1.5862,1.585,1599000,1.584,9509900,1.583,9619800,1.582,8748500,1.581,3883800,1.586,10402000,1.587,7585600,1.588,8834800,1.589,5641400,1.590,3865000,1159,105,0,26208.36,26218.0,0.09,1,0.26
sz159920,14:06:06,1767938768685,26201.97,0.8959,2.0171,1.585,1.59,-0.3145,100,159,1.59,1.585,1598900,1.584,10099700,1.583,9619800,1.582,8748500,1.581,3883800,1.586,10402900,1.587,7585600,1.588,8546700,1.589,5591400,1.590,3865000,385,111,0,26207.44,26218.0,0.2,3,0.25
sz159920,14:06:09,1767938771703,26199.3,0.8959,2.0345,1.585,1.59,-0.3145,800,1268,1.585,1.585,1602100,1.584,10099700,1.583,9619800,1.582,8748500,1.581,3883800,1.586,6063100,1.587,7585600,1.588,8296700,1.589,5591400,1.590,3865000,647,124,0,26206.52,26218.0,0.0,1,0.25
sz159920,14:06:12,1767938774685,26198.68,0.8959,2.2842,1.585,1.5897,-0.2957,0,0,1.585,1.585,1602100,1.584,10099700,1.583,9619800,1.582,8748500,1.581,3883800,1.586,6063100,1.587,7585600,1.588,8304100,1.589,8591400,1.590,3865000,367,108,0,26208.85,26220.0,0.09,0,0.26
sz159920,14:06:15,1767938778711,26197.92,0.8959,2.2804,1.586,1.5897,-0.2327,1300,2061,1.5854,1.585,1602100,1.584,10689500,1.583,9619800,1.582,8748500,1.581,3883800,1.586,6058800,1.587,7575600,1.588,8304100,1.589,8591400,1.590,3865000,401,117,0,26209.76,26221.0,0.69,0,0.26
sz159920,14:06:18,1767938780701,26199.15,0.8959,1.9185,1.586,1.5897,-0.2327,3600,5707,1.5853,1.585,4798600,1.584,10689500,1.583,9619800,1.582,8748500,1.581,3883800,1.586,5478900,1.587,7578400,1.588,8304100,1.589,8591400,1.590,3865000,395,66,0,26207.04,26221.0,0.38,0,0.25
sz159920,14:06:21,1767938782706,26198.36,0.8959,1.7767,1.585,1.5897,-0.2957,794500,1259282,1.585,1.585,4193300,1.584,10689500,1.583,9619800,1.582,8748500,1.581,3883800,1.586,5478900,1.587,7575200,1.588,8404100,1.589,8591400,1.590,3865000,412,102,0,26209.76,26222.0,0.4,0,0.26
sz159920,14:06:18,1767938783724,26198.36,0.8959,1.9995,1.586,1.5897,-0.2327,0,0,1.586,1.585,4798600,1.584,10689500,1.583,9619800,1.582,8748500,1.581,3883800,1.586,5478900,1.587,7578400,1.588,8304100,1.589,8591400,1.590,3865000,1430,80,2,26209.76,26222.0,0.4,0,0.26
sz159920,14:06:21,1767938784710,26201.35,0.8959,1.8286,1.585,1.5897,-0.2957,0,0,1.585,1.585,4193300,1.584,10689500,1.583,9619800,1.582,8748500,1.581,3883800,1.586,5478900,1.587,7575200,1.588,8404100,1.589,8591400,1.590,3865000,414,106,0,26205.26,26219.5,0.0,1,0.25
sz159920,14:06:24,1767938787705,26198.19,0.8959,2.1677,1.585,1.5897,-0.2957,735900,1166423,1.585,1.585,3630400,1.584,10099700,1.583,9619800,1.582,8748500,1.581,3883800,1.586,6057400,1.587,7575200,1.588,8404100,1.589,8590700,1.590,3880600,1400,98,0,26205.21,26216.0,0.06,1,0.25
sz159920,14:06:27,1767938789707,26199.2,0.8959,2.017,1.585,1.5892,-0.2643,0,0,1.585,1.585,3630400,1.584,9509900,1.583,9620500,1.582,8748500,1.581,3883800,1.586,10666400,1.587,7870500,1.588,8404100,1.589,5589700,1.590,3880600,1325,80,0,26202.1,26216.0,-0.5,3,0.23
sz159920,14:06:30,1767938792719,26195.71,0.8959,1.9374,1.585,1.5892,-0.2643,714600,1132641,1.585,1.585,2915800,1.584,9509900,1.583,9620500,1.582,8748500,1.581,3883800,1.586,10698000,1.587,7870500,1.588,8692400,1.589,5589700,1.590,3880600,404,85,0,26200.81,26215.0,0.09,0,0.23
sz159920,14:06:33,1767938795735,26196.33,0.8959,1.6742,1.586,1.5892,-0.2014,1300,2062,1.5862,1.585,2725800,1.584,9509900,1.583,9720500,1.582,8748500,1.581,3883800,1.586,10796700,1.587,7870500,1.588,8592400,1.589,5589700,1.590,3880600,850,99,0,26198.14,26213.0,-0.08,0,0.22
sz159920,14:06:36,1767938798724,26191.02,0.8959,1.8604,1.585,1.5892,-0.2643,48800,77348,1.585,1.585,2677000,1.584,9509900,1.583,9720500,1.582,8838500,1.581,3883800,1.586,10518600,1.587,7609300,1.588,8592400,1.589,5589700,1.590,3880600,417,69,0,26197.25,26211.0,-0.14,4,0.22
sz159920,14:06:39,1767938801727,26193.76,0.8959,2.4858,1.585,1.5892,-0.2643,571300,905510,1.585,1.585,2205700,1.584,9743700,1.583,9720500,1.582,8838500,1.581,3883800,1.586,10518600,1.587,7609300,1.588,8592400,1.589,5589700,1.590,3880600,344,75,0,26199.4,26213.0,-0.4,0,0.22
sz159920,14:06:42,1767938804725,26191.59,0.8959,3.2588,1.585,1.5892,-0.2643,0,0,1.585,1.585,2205700,1.584,9743700,1.583,9720500,1.582,8845500,1.581,3883800,1.586,10877000,1.587,7609300,1.588,8304300,1.589,5589700,1.590,3880600,421,57,0,26201.0,26212.0,-0.45,0,0.23
sz159920,14:06:45,1767938807727,26191.73,0.8959,1.5103,1.585,1.5892,-0.2643,88800,140749,1.585,1.585,2118200,1.584,9743700,1.583,9720500,1.582,8845500,1.581,3883800,1.586,10877300,1.587,7609300,1.588,8304300,1.589,5589700,1.590,3880600,1422,53,0,26200.08,26211.0,-0.09,9,0.23
sz159920,14:06:48,1767938811731,26190.54,0.8959,1.2441,1.585,1.5892,-0.2643,0,0,1.585,1.585,2118200,1.584,9860300,1.583,9720500,1.582,8845500,1.581,3884500,1.586,10877300,1.587,7609300,1.588,8284700,1.589,5589700,1.590,3880600,1437,41,0,26199.03,26212.0,0.09,0,0.22
sz159920,14:06:51,1767938813756,26189.84,0.8959,1.0555,1.585,1.5892,-0.2643,0,0,1.585,1.585,2118200,1.584,9860300,1.583,9720500,1.582,8845500,1.581,3884500,1.586,10927300,1.587,7609300,1.588,8284700,1.589,5589700,1.590,3880600,1436,54,0,26201.57,26213.0,0.0,1,0.23
sz159920,14:06:54,1767938816737,26189.0,0.8959,1.4882,1.586,1.5892,-0.2014,1300,2062,1.5862,1.585,2066500,1.584,10450100,1.583,9720500,1.582,8845500,1.581,3884500,1.586,10936000,1.587,7610900,1.588,8284700,1.589,5589700,1.590,3880600,166,22,0,26202.1,26214.0,0.67,0,0.23
sz159920,14:06:57,1767938819743,26190.96,0.8959,1.3738,1.586,1.5892,-0.2014,0,0,1.586,1.585,2066500,1.584,9860300,1.583,9720500,1.582,8845500,1.581,3884500,1.586,10939000,1.587,7626300,1.588,8284700,1.589,5589700,1.590,3880600,969,35,0,26202.84,26213.0,0.2,0,0.24
sz159920,14:07:00,1767938822747,26190.09,0.8959,1.4577,1.586,1.5888,-0.1762,0,0,1.586,1.585,2071500,1.584,9886200,1.583,9720500,1.582,8846500,1.581,3884500,1.586,10939000,1.587,7626300,1.588,8284700,1.589,5589700,1.590,3880600,450,9,0,26200.3,26213.0,-0.33,0,0.23
sz159920,14:07:03,1767938824769,26189.15,0.8959,1.1801,1.586,1.5888,-0.1762,32900,52148,1.585,1.585,2040000,1.584,9886200,1.583,9720500,1.582,8846500,1.581,3884500,1.586,10937600,1.587,7626300,1.588,8284700,1.589,5589700,1.590,3880600,465,61,0,26200.3,26214.0,0.09,1,0.23
sz159920,14:07:06,1767938828748,26191.26,0.8959,1.4445,1.585,1.5888,-0.2392,3000,4755,1.585,1.585,2037000,1.584,9936200,1.583,9720800,1.582,8846500,1.581,3884500,1.586,10964600,1.587,7636700,1.588,8284700,1.589,5589700,1.590,3840600,451,36,0,26202.1,26215.0,-0.56,1,0.23
sz159920,14:07:09,1767938832773,26190.65,0.8959,2.4579,1.585,1.5888,-0.2392,19600,31066,1.585,1.585,2017400,1.584,9936200,1.583,9720800,1.582,8846500,1.581,3884500,1.586,10970400,1.587,7636700,1.588,8284700,1.589,5589700,1.590,3840600,448,35,0,26202.84,26213.0,0.27,1,0.24
sz159920,14:07:12,1767938835757,26189.42,0.8959,1.6868,1.585,1.5888,-0.2392,500000,792500,1.585,1.585,1517400,1.584,9936200,1.583,9720800,1.582,8846500,1.581,3884500,1.586,10980400,1.587,7636700,1.588,8284700,1.589,5589700,1.590,3840600,1465,12,0,26201.57,26212.5,0.6,0,0.23
sz159920,14:07:15,1767938838770,26190.41,0.8959,1.2147,1.585,1.5887,-0.2329,4500,7134,1.5853,1.585,1914200,1.584,9936200,1.583,9720800,1.582,8846500,1.581,3884500,1.586,10979100,1.587,7641700,1.588,8284700,1.589,5582800,1.590,3840600,449,542,0,26200.66,26212.0,0.54,4,0.23
sz159920,14:07:18,1767938840767,26189.25,0.8959,1.0442,1.585,1.5887,-0.2329,0,0,1.585,1.585,1914200,1.584,9946200,1.583,9725800,1.582,8846500,1.581,3884500,1.586,10979100,1.587,7641700,1.588,8284700,1.589,5582800,1.590,3840600,349,31,0,26200.3,26212.0,0.0,0,0.23
sz159920,14:07:24,1767938846784,26189.15,0.8959,2.0174,1.586,1.5887,-0.17,1300,2062,1.5862,1.585,1914200,1.584,10446200,1.583,9725800,1.582,8846500,1.581,3889500,1.586,10977800,1.587,7641700,1.588,8284700,1.589,5582800,1.590,3840600,479,37,0,26195.8,26209.0,0.0,3,0.21
sz159920,14:07:27,1767938848814,26188.9,0.8959,1.3036,1.585,1.5887,-0.2329,3000,4755,1.585,1.585,1911200,1.584,10446200,1.583,9725800,1.582,8846500,1.581,3889500,1.586,11017800,1.587,7641700,1.588,8284700,1.589,5582800,1.590,3840600,516,34,0,26197.6,26209.0,0.14,0,0.22
sz159920,14:07:30,1767938853773,26189.05,0.8959,2.1984,1.585,1.5887,-0.2329,0,0,1.585,1.585,1906200,1.584,10446200,1.583,9725800,1.582,8846500,1.581,3889500,1.586,11020700,1.587,7641700,1.588,8284700,1.589,5582800,1.590,3840600,333,1,0,26199.4,26211.5,-0.5,4,0.22
sz159920,14:07:33,1767938854779,26186.6,0.8959,2.1134,1.586,1.5887,-0.17,2300,3648,1.5861,1.585,1906200,1.584,10446200,1.583,9725800,1.582,8846500,1.581,3889500,1.586,11018400,1.587,7648600,1.588,8284700,1.589,5582800,1.590,3840600,445,1,0,26199.4,26211.5,-0.5,0,0.22
sz159920,14:07:36,1767938858793,26187.9,0.8959,1.4206,1.585,1.5887,-0.2329,20000,31700,1.585,1.585,1886200,1.584,10420300,1.583,9725800,1.582,8846500,1.581,3889600,1.586,11018400,1.587,7648600,1.588,8284700,1.589,5582800,1.590,3840600,477,1,0,26196.11,26207.0,0.6,5,0.21
sz159920,14:07:39,1767938861804,26189.75,0.8959,1.6324,1.585,1.5887,-0.2329,1886200,2989627,1.585,1.584,10420300,1.583,10013800,1.582,8846500,1.581,3959600,1.580,2237600,1.585,926800,1.586,8879700,1.587,7625000,1.588,8284700,1.589,5512800,1501,508,0,26197.32,26207.5,-0.5,2,0.22
sz159920,14:07:42,1767938864805,26188.92,0.8959,2.7232,1.585,1.5887,-0.2329,0,0,1.585,1.584,10420300,1.583,9950600,1.582,8909900,1.581,3959600,1.580,2237600,1.585,576800,1.586,8879700,1.587,7688200,1.588,8131700,1.589,5512800,494,495,0,26194.9,26207.5,0.33,0,0.21
sz159920,14:07:45,1767938867805,26187.49,0.8959,2.9347,1.585,1.5886,-0.2266,1300,2060,1.5846,1.584,10420300,1.583,9950600,1.582,8909900,1.581,3959600,1.580,2237600,1.585,1135500,1.586,11099700,1.587,7688200,1.588,8131700,1.589,5512800,1352,482,0,26195.47,26209.0,0.56,0,0.21
sz159920,14:07:48,1767938870814,26189.58,0.8959,2.4532,1.585,1.5886,-0.2266,0,0,1.585,1.584,10420300,1.583,9950600,1.582,8909900,1.581,3959600,1.580,2237600,1.585,175500,1.586,11099700,1.587,7688200,1.588,8131700,1.589,5512800,15,487,0,26197.25,26211.0,-0.64,0,0.22
sz159920,14:07:51,1767938874825,26187.47,0.8959,2.3345,1.585,1.5886,-0.2266,3000,4755,1.585,1.584,10420300,1.583,9950600,1.582,8909900,1.581,3960600,1.580,2237600,1.585,172500,1.586,11099700,1.587,7688200,1.588,8131700,1.589,5512800,467,451,0,26197.25,26209.5,-0.6,0,0.22
sz159920,14:07:54,1767938876853,26186.47,0.8959,2.345,1.585,1.5886,-0.2266,1300,2061,1.5854,1.584,10420300,1.583,9950600,1.582,8909900,1.581,3960600,1.580,2237600,1.585,171200,1.586,11049700,1.587,7688200,1.588,8131700,1.589,5512800,517,490,0,26195.8,26207.0,-0.38,0,0.21
sz159920,14:07:57,1767938880878,26187.99,0.8959,1.821,1.585,1.5886,-0.2266,200,317,1.585,1.584,10420300,1.583,9950600,1.582,8909900,1.581,3960600,1.580,2237600,1.585,1693800,1.586,10698700,1.587,7688200,1.588,8131700,1.589,5512800,537,1,0,26195.47,26209.0,0.69,4,0.21
sz159920,14:08:00,1767938882843,26189.65,0.8959,2.8261,1.585,1.5886,-0.2266,0,0,1.585,1.584,10420300,1.583,9957700,1.582,8909900,1.581,3960600,1.580,2237600,1.585,1630900,1.586,10698700,1.587,7690200,1.588,8131700,1.589,5512800,546,458,0,26195.47,26209.0,0.69,0,0.21
sz159920,14:08:03,1767938884845,26186.84,0.8959,2.432,1.585,1.5886,-0.2266,1300,2060,1.5846,1.584,10429600,1.583,9957700,1.582,8909900,1.581,3959900,1.580,2237600,1.585,1636700,1.586,10698700,1.587,7700200,1.588,8131700,1.589,5512800,545,448,0,26195.8,26207.5,0.5,0,0.21
sz159920,14:08:06,1767938888861,26184.63,0.8959,1.8422,1.585,1.5886,-0.2266,0,0,1.585,1.584,10429600,1.583,9957700,1.582,8909900,1.581,3959900,1.580,2237600,1.585,1385200,1.586,10986800,1.587,7700200,1.588,8131700,1.589,5512800,560,459,0,26196.36,26210.0,-0.33,0,0.21
sz159920,14:08:12,1767938894876,26187.09,0.8959,2.1256,1.585,1.5886,-0.2266,0,0,1.585,1.584,10429600,1.583,9957700,1.582,8909900,1.581,3959900,1.580,2237600,1.585,1485100,1.586,10986800,1.587,7700200,1.588,8131700,1.589,5512800,231,456,0,26204.3,26216.0,0.45,6,0.24
sz159920,14:08:15,1767938897931,26189.73,0.8959,1.819,1.585,1.5886,-0.2266,1054300,1671066,1.585,1.585,894500,1.584,11013000,1.583,9957700,1.582,8909900,1.581,3889900,1.586,10667900,1.587,8088300,1.588,8221700,1.589,5582800,1.590,3840600,56,479,0,26204.68,26215.5,0.33,0,0.24
sz159920,14:08:18,1767938901893,26190.57,0.8959,1.89,1.585,1.5886,-0.2266,0,0,1.585,1.585,3491800,1.584,9382800,1.583,10030900,1.582,8756500,1.581,3889900,1.586,3734500,1.587,10245100,1.588,8284700,1.589,5582800,1.590,3840600,36,441,0,26204.3,26215.5,-0.5,5,0.24
sz159920,14:08:21,1767938903892,26190.08,0.8959,2.1189,1.585,1.5886,-0.2266,0,0,1.585,1.585,985100,1.584,11015300,1.583,10030900,1.582,8756500,1.581,3889900,1.586,7544300,1.587,8025100,1.588,8284700,1.589,5582800,1.590,3840600,45,436,0,26203.9,26216.5,-0.5,5,0.24
sz159920,14:08:24,1767938906946,26189.85,0.8959,3.1753,1.586,1.5886,-0.1637,1300,2061,1.5854,1.585,485100,1.584,10461400,1.583,9441100,1.582,8756500,1.581,4479700,1.586,11132800,1.587,8025100,1.588,8284700,1.589,5582800,1.590,3840600,618,479,0,26201.2,26213.0,0.33,1,0.23
sz159920,14:08:27,1767938909915,26191.49,0.8959,6.3582,1.586,1.5886,-0.1637,0,0,1.586,1.585,484500,1.584,10461400,1.583,9441100,1.582,8756500,1.581,4479700,1.586,11132800,1.587,8025100,1.588,8284700,1.589,5582800,1.590,3840600,38,421,0,26199.03,26213.5,-0.5,0,0.22
sz159920,14:08:30,1767938911900,26189.62,0.8959,4.6595,1.586,1.5889,-0.1825,0,0,1.586,1.585,484600,1.584,10461400,1.583,9451100,1.582,8756500,1.581,4479700,1.586,11132800,1.587,8025100,1.588,8284700,1.589,5582800,1.590,3840600,36,394,0,26199.03,26213.5,-0.5,0,0.22
sz159920,14:08:33,1767938915918,26192.4,0.8959,3.3724,1.586,1.5889,-0.1825,2300,3648,1.5861,1.585,484600,1.584,10461000,1.583,10040900,1.582,8756500,1.581,4479700,1.586,11130500,1.587,8025100,1.588,8282700,1.589,5582800,1.590,3840600,63,377,0,26203.39,26215.0,-0.64,0,0.24
sz159920,14:08:36,1767938918906,26193.31,0.8959,1.9439,1.586,1.5889,-0.1825,0,0,1.586,1.585,484600,1.584,10461000,1.583,10040900,1.582,8766500,1.581,4479700,1.586,10130500,1.587,8025100,1.588,8282700,1.589,5582800,1.590,3840600,339,374,0,26204.8,26217.5,0.5,0,0.24
sz159920,14:08:39,1767938921919,26195.34,0.8959,2.7049,1.586,1.5889,-0.1825,0,0,1.586,1.585,3491900,1.584,8241000,1.583,10040900,1.582,8766500,1.581,4489700,1.586,10130500,1.587,8035100,1.588,8282700,1.589,5582800,1.590,3840600,13,377,0,26207.44,26217.0,-0.64,0,0.25
sz159920,14:08:42,1767938923925,26195.87,0.8959,3.1754,1.585,1.5889,-0.2455,11000,17441,1.5855,1.585,1075400,1.584,10461900,1.583,10040900,1.582,8766500,1.581,4489700,1.586,11153700,1.587,8035100,1.588,8282700,1.589,5582800,1.590,3840600,66,373,0,26201.7,26215.0,0.0,0,0.23
sz159920,14:08:45,1767938926953,26194.13,0.8959,2.4561,1.585,1.5891,-0.258,11800,18704,1.5851,1.585,165200,1.584,10461900,1.583,9451100,1.582,8766500,1.581,4489700,1.586,11152400,1.587,8035100,1.588,8282700,1.589,5582800,1.590,3840600,640,391,0,26198.14,26213.0,-0.14,1,0.22
sz159920,14:08:48,1767938929933,26193.1,0.8959,2.1426,1.586,1.5891,-0.1951,900,1428,1.5867,1.585,165400,1.584,10461900,1.583,9451100,1.582,8766500,1.581,4489700,1.586,11153500,1.587,8035100,1.588,8494600,1.589,5582800,1.590,3836600,75,356,0,26197.25,26211.0,0.0,0,0.22
sz159920,14:08:51,1767938933944,26190.81,0.8959,2.3217,1.585,1.5891,-0.258,208000,329680,1.585,1.584,10461900,1.583,9451100,1.582,8856500,1.581,4559700,1.580,2247600,1.585,1351400,1.586,11059800,1.587,7747000,1.588,7692900,1.589,5512800,90,344,0,26197.6,26210.0,-0.38,0,0.22
sz159920,14:08:54,1767938935952,26189.37,0.8959,2.3139,1.585,1.5891,-0.258,1300,2060,1.5846,1.584,10462900,1.583,8798100,1.582,8919900,1.581,5149500,1.580,2247600,1.585,2029900,1.586,11059800,1.587,7810200,1.588,6950100,1.589,5512800,16,351,0,26199.16,26209.0,0.38,0,0.22
sz159920,14:08:51,1767938936975,26189.59,0.8959,2.2124,1.585,1.5891,-0.258,0,0,1.585,1.584,10461900,1.583,9451100,1.582,8856500,1.581,4559700,1.580,2247600,1.585,1351400,1.586,11059800,1.587,7747000,1.588,7692900,1.589,5512800,669,337,2,26199.16,26209.0,0.38,0,0.22
sz159920,14:08:54,1767938937963,26189.59,0.8959,2.2224,1.585,1.5891,-0.258,0,0,1.585,1.584,10462900,1.583,8798100,1.582,8919900,1.581,5149500,1.580,2247600,1.585,2029900,1.586,11059800,1.587,7810200,1.588,6950100,1.589,5512800,90,357,0,26200.08,26209.0,-0.78,1,0.23
sz159920,14:08:57,1767938939972,26191.45,0.8959,1.8139,1.585,1.5891,-0.258,0,0,1.585,1.584,10462900,1.583,9387900,1.582,8919900,1.581,5149500,1.580,2272600,1.585,1440100,1.586,11085600,1.587,7810200,1.588,6950100,1.589,5512800,110,345,0,26197.02,26208.0,-0.09,2,0.21
sz159920,14:09:00,1767938942963,26191.67,0.8959,3.3518,1.585,1.5888,-0.2392,0,0,1.585,1.584,10467900,1.583,8798100,1.582,8919900,1.581,5149500,1.580,2272600,1.585,2029900,1.586,11079800,1.587,7810200,1.588,6950100,1.589,5512800,105,334,0,26195.8,26207.0,0.0,14,0.21
sz159920,14:09:03,1767938945980,26192.29,0.8959,7.5489,1.585,1.5888,-0.2392,21300,33741,1.5841,1.584,10379800,1.583,8798100,1.582,8919900,1.581,5149500,1.580,2272600,1.585,2028700,1.586,11083800,1.587,7810200,1.588,6950100,1.589,5512800,119,323,0,26198.24,26208.0,0.33,0,0.22
sz159920,14:09:06,1767938948002,26189.86,0.8959,5.417,1.585,1.5888,-0.2392,0,0,1.585,1.584,10469800,1.583,8798100,1.582,8919900,1.581,5149500,1.580,2272600,1.585,2038700,1.586,11083800,1.587,7820200,1.588,6950100,1.589,5512800,146,345,0,26197.93,26209.0,-0.57,0,0.22
sz159920,14:09:09,1767938951984,26191.72,0.8959,3.6411,1.585,1.5888,-0.2392,5600,8876,1.585,1.584,10499000,1.583,8798100,1.582,8919900,1.581,5149500,1.580,2272600,1.585,2038900,1.586,11083800,1.587,7820200,1.588,6950100,1.589,5512800,130,310,0,26194.9,26208.0,-0.86,2,0.21
sz159920,14:09:12,1767938955985,26195.07,0.8959,4.9578,1.585,1.5888,-0.2392,0,0,1.585,1.584,10500000,1.583,8798100,1.582,8965000,1.581,5149500,1.580,2272600,1.585,2038900,1.586,11083800,1.587,7820200,1.588,6950100,1.589,5512800,489,262,0,26196.7,26209.0,-0.57,1,0.21
sz159920,14:09:15,1767938957990,26192.64,0.8959,4.2693,1.585,1.5889,-0.2455,1300,2060,1.5846,1.584,10500000,1.583,8798100,1.582,8965000,1.581,5149500,1.580,2272600,1.585,2037600,1.586,11083800,1.587,7822200,1.588,6949700,1.589,5512800,114,282,0,26198.5,26211.0,0.0,0,0.22
sz159920,14:09:18,1767938961003,26191.96,0.8959,4.1962,1.585,1.5889,-0.2455,0,0,1.585,1.584,10500000,1.583,9387900,1.582,8965000,1.581,5140100,1.580,2272600,1.585,1447800,1.586,11083800,1.587,7822200,1.588,6949300,1.589,5512400,715,285,0,26201.0,26212.0,-0.33,0,0.23
sz159920,14:09:21,1767938964009,26190.33,0.8959,3.5746,1.585,1.5889,-0.2455,0,0,1.585,1.584,10500700,1.583,9387900,1.582,8965000,1.581,5140100,1.580,2317900,1.585,1447800,1.586,11083800,1.587,7848800,1.588,6949300,1.589,5512400,152,277,0,26196.36,26210.0,-0.2,0,0.21
sz159920,14:09:24,1767938966004,26191.21,0.8959,4.3284,1.585,1.5889,-0.2455,1300,2061,1.5854,1.584,10500700,1.583,9387900,1.582,8965000,1.581,5140100,1.580,2317900,1.585,1446500,1.586,11083800,1.587,7848800,1.588,6949300,1.589,5512400,1146,271,0,26199.03,26213.0,0.0,1,0.22
sz159920,14:09:27,1767938970013,26189.62,0.8959,3.0408,1.585,1.5889,-0.2455,105900,167851,1.585,1.585,377700,1.584,10500700,1.583,9977700,1.582,9037000,1.581,5070100,1.586,11083800,1.587,7848800,1.588,6949300,1.589,5582400,1.590,3809600,1153,267,0,26203.76,26215.0,0.14,0,0.24
sz159920,14:09:30,1767938973024,26190.48,0.8959,2.9513,1.585,1.5891,-0.258,90000,142650,1.585,1.585,378600,1.584,10500700,1.583,10040900,1.582,8883600,1.581,5069500,1.586,11083800,1.587,7815600,1.588,7102300,1.589,5582400,1.590,3809600,56,249,0,26201.2,26214.0,0.11,0,0.23
sz159920,14:09:33,1767938976020,26188.98,0.8959,3.9652,1.586,1.5891,-0.1951,1300,2062,1.5862,1.585,878600,1.584,10500700,1.583,10040900,1.582,8883600,1.581,5069500,1.586,10082500,1.587,7815600,1.588,7105300,1.589,5582400,1.590,3780500,155,234,0,26202.48,26214.0,-0.4,0,0.24
sz159920,14:09:36,1767938978029,26189.8,0.8959,3.2547,1.586,1.5891,-0.1951,2500,3963,1.5852,1.585,376600,1.584,10500700,1.583,10040900,1.582,8883600,1.581,5069500,1.586,11082000,1.587,7815600,1.588,7108500,1.589,5582400,1.590,3780500,165,245,0,26203.76,26214.0,-0.83,0,0.24
sz159920,14:09:39,1767938982044,26192.38,0.8959,2.0172,1.585,1.5891,-0.258,2000,3170,1.585,1.585,3164600,1.584,8280700,1.583,10040900,1.582,8893600,1.581,5069500,1.586,4738400,1.587,10321700,1.588,7108500,1.589,5582400,1.590,3780500,459,241,0,26205.7,26219.0,-0.43,0,0.25
sz159920,14:09:42,1767938984045,26191.9,0.8959,2.4662,1.586,1.5891,-0.1951,100,159,1.59,1.585,3165600,1.584,8280700,1.583,10061100,1.582,8893600,1.581,5069500,1.586,4738300,1.587,10321700,1.588,7108500,1.589,5582400,1.590,3780500,281,240,0,26207.03,26219.0,0.0,0,0.25
sz159920,14:09:45,1767938988080,26192.48,0.8959,2.9171,1.586,1.5888,-0.1762,1900,3013,1.5858,1.585,3472600,1.584,8578600,1.583,10061100,1.582,8893600,1.581,5069500,1.586,4736400,1.587,10321700,1.588,7108500,1.589,8582400,1.590,3780500,1222,243,0,26203.0,26216.0,0.6,1,0.24
sz159920,14:09:48,1767938991054,26192.16,0.8959,1.6917,1.585,1.5888,-0.2392,7600,12046,1.585,1.585,1245000,1.584,10798600,1.583,10061100,1.582,8893600,1.581,5069500,1.586,6956400,1.587,8101700,1.588,7108500,1.589,8582400,1.590,3780500,752,222,0,26205.7,26219.0,-0.86,0,0.25
sz159920,14:09:51,1767938994065,26190.04,0.8959,2.4412,1.585,1.5888,-0.2392,0,0,1.585,1.585,3465000,1.584,8578600,1.583,10061100,1.582,8893600,1.581,5069500,1.586,4736400,1.587,10321700,1.588,7108500,1.589,8582400,1.590,3780500,207,198,0,26205.7,26219.0,-0.86,0,0.25
sz159920,14:09:54,1767938997098,26190.09,0.8959,2.2896,1.586,1.5888,-0.1762,1300,2062,1.5862,1.585,1245000,1.584,10798600,1.583,10061100,1.582,8893600,1.581,5069500,1.586,6955100,1.587,8101700,1.588,7108500,1.589,8582400,1.590,3780500,324,243,0,26204.8,26217.5,0.5,0,0.24
sz159920,14:09:57,1767939001084,26192.92,0.8959,1.9698,1.586,1.5888,-0.1762,0,0,1.586,1.585,3475000,1.584,8578600,1.583,10061100,1.582,8893600,1.581,5069500,1.586,6965100,1.587,8101700,1.588,7108500,1.589,8582400,1.590,3780500,778,200,0,26207.03,26218.0,0.4,1,0.25
sz159920,14:10:00,1767939003102,26193.73,0.8959,2.3301,1.586,1.5888,-0.1762,0,0,1.586,1.585,3475000,1.584,8578600,1.583,10061100,1.582,8893600,1.581,5069500,1.586,4748100,1.587,10321700,1.588,7108500,1.589,8569600,1.590,3780500,806,221,0,26208.36,26218.0,0.56,0,0.26
sz159920,14:10:03,1767939007101,26192.35,0.8959,2.1131,1.586,1.589,-0.1888,1300,2062,1.5862,1.585,3475000,1.584,8578600,1.583,10061100,1.582,8893600,1.581,5069500,1.586,4750200,1.587,10333700,1.588,7108500,1.589,8569600,1.590,3780500,242,199,0,26203.48,26218.0,0.27,1,0.24
sz159920,14:10:06,1767939009098,26194.57,0.8959,2.8068,1.586,1.589,-0.1888,0,0,1.586,1.585,3475000,1.584,8578600,1.583,10061100,1.582,8893600,1.581,5069500,1.586,6970200,1.587,8113700,1.588,7108500,1.589,8569600,1.590,3780500,794,164,0,26209.28,26219.5,-0.5,1,0.26
sz159920,14:10:09,1767939011103,26192.57,0.8959,2.6078,1.586,1.589,-0.1888,0,0,1.586,1.585,3475000,1.584,8578600,1.583,10054000,1.582,8893600,1.581,5069500,1.586,4763000,1.587,10333700,1.588,7108500,1.589,8569600,1.590,3780500,246,171,0,26207.44,26218.0,-0.82,0,0.25
sz159920,14:10:12,1767939014102,26193.54,0.8959,2.0986,1.586,1.589,-0.1888,0,0,1.586,1.585,3475000,1.584,8578600,1.583,10104000,1.582,8893600,1.581,5069500,1.586,4763000,1.587,10333700,1.588,7108500,1.589,8569500,1.590,3780500,247,156,0,26207.94,26220.0,-0.86,0,0.26
sz159920,14:10:15,1767939017477,26194.94,0.8959,3.2886,1.586,1.589,-0.1888,1800,2855,1.5861,1.585,6475000,1.584,8641800,1.583,10040700,1.582,5893600,1.581,4667500,1.586,4511200,1.587,10270600,1.588,7421600,1.589,8569500,1.590,3780500,1126,2,0,26210.2,26220.0,0.0,3,0.26
sz159920,14:10:18,1767939021125,26195.63,0.8959,2.1237,1.586,1.5892,-0.2014,0,0,1.586,1.585,3475000,1.584,8641800,1.583,10028100,1.582,8893600,1.581,5067500,1.586,4511300,1.587,10348100,1.588,7421600,1.589,8569500,1.590,3780500,257,91,0,26206.15,26220.0,0.6,2,0.25
sz159920,14:10:21,1767939024123,26195.97,0.8959,1.9252,1.586,1.5892,-0.2014,1200,1903,1.5858,1.585,3475000,1.584,8641800,1.583,10091400,1.582,8893600,1.581,5067500,1.586,4510100,1.587,10411200,1.588,7421800,1.589,8569500,1.590,3780500,264,79,0,26204.8,26218.0,-0.45,1,0.24
sz159920,14:10:24,1767939026140,26195.7,0.8959,1.8113,1.586,1.5892,-0.2014,1300,2062,1.5862,1.585,3475000,1.584,8578600,1.583,10091400,1.582,8893600,1.581,5067500,1.586,6744500,1.587,8196200,1.588,7358700,1.589,8569500,1.590,3780500,1127,83,0,26202.59,26217.0,-0.33,0,0.24
sz159920,14:10:27,1767939030144,26194.51,0.8959,2.9788,1.586,1.5892,-0.2014,0,0,1.586,1.585,1255000,1.584,10798600,1.583,10091400,1.582,8893600,1.581,5067500,1.586,6744500,1.587,8196200,1.588,7358700,1.589,8569700,1.590,3780500,790,81,0,26201.7,26217.0,-0.45,0,0.23
sz159920,14:10:30,1767939033166,26195.37,0.8959,3.5603,1.585,1.5892,-0.2643,398700,631939,1.585,1.584,10798600,1.583,10091400,1.582,8995600,1.581,5137500,1.580,2326100,1.586,10885300,1.587,8196200,1.588,7646800,1.589,5569700,1.590,3780500,705,94,0,26198.14,26213.0,-0.4,1,0.22
sz159920,14:10:33,1767939036151,26197.98,0.8959,2.4189,1.586,1.5893,-0.2076,1300,2062,1.5862,1.585,110000,1.584,10817000,1.583,10028200,1.582,9059000,1.581,5067500,1.586,11134000,1.587,8196200,1.588,7416900,1.589,5569700,1.590,3780500,307,54,0,26198.14,26213.0,0.0,0,0.22
sz159920,14:10:36,1767939038169,26196.93,0.8959,2.2195,1.586,1.5893,-0.2076,0,0,1.586,1.585,110000,1.584,10817000,1.583,10091400,1.582,8976800,1.581,5067500,1.586,11134000,1.587,8198200,1.588,7416900,1.589,5569700,1.590,3780700,172,65,0,26200.66,26212.5,-0.67,1,0.23
sz159920,14:10:39,1767939041174,26196.08,0.8959,1.5168,1.586,1.5893,-0.2076,20000,31720,1.586,1.585,110000,1.584,10817000,1.583,10091400,1.582,8976800,1.581,5067500,1.586,11114100,1.587,8198200,1.588,7416900,1.589,5569700,1.590,3780700,870,61,0,26200.66,26213.0,-0.43,0,0.23
sz159920,14:10:42,1767939045180,26196.47,0.8959,4.3303,1.585,1.5893,-0.2706,500,792,1.584,1.585,109500,1.584,10835800,1.583,10091400,1.582,8976800,1.581,5067500,1.586,11114100,1.587,8198200,1.588,7416900,1.589,5569700,1.590,3780700,323,53,0,26199.4,26212.0,-0.4,1,0.22
sz159920,14:10:45,1767939048180,26194.19,0.8959,2.9196,1.586,1.5893,-0.2076,1300,2062,1.5862,1.585,109500,1.584,10835800,1.583,10091800,1.582,8976800,1.581,5067500,1.586,11112800,1.587,8198200,1.588,7416900,1.589,5569700,1.590,3780700,313,35,0,26202.1,26214.0,0.2,0,0.23
sz159920,14:10:48,1767939050212,26195.38,0.8959,3.2284,1.586,1.5893,-0.2076,0,0,1.586,1.585,129500,1.584,10835800,1.583,10091800,1.582,8976800,1.581,5067500,1.586,11112800,1.587,8198200,1.588,7416900,1.589,5569700,1.590,3780700,358,59,0,26202.1,26214.0,0.2,0,0.23
sz159920,14:10:51,1767939054213,26192.61,0.8959,2.2808,1.586,1.5893,-0.2076,0,0,1.586,1.585,139000,1.584,10835800,1.583,10091800,1.582,8976800,1.581,5066600,1.586,11156000,1.587,8198200,1.588,7416900,1.589,5569700,1.590,3780700,349,49,0,26202.1,26214.0,0.2,0,0.23
sz159920,14:10:54,1767939057194,26194.85,0.8959,2.6135,1.586,1.5893,-0.2076,1300,2062,1.5862,1.585,442300,1.584,10835800,1.583,10091800,1.582,8978700,1.581,5066600,1.586,10154700,1.587,8198200,1.588,7416900,1.589,5569700,1.590,3780700,347,21,0,26202.1,26214.0,0.2,0,0.23
sz159920,14:10:57,1767939059203,26194.73,0.8959,2.5218,1.586,1.5893,-0.2076,0,0,1.586,1.585,442300,1.584,10835800,1.583,10091800,1.582,8976800,1.581,5066600,1.586,11154700,1.587,8198200,1.588,7416900,1.589,5569700,1.590,3780700,893,14,0,26199.4,26213.0,0.2,0,0.22
sz159920,14:11:00,1767939062204,26193.57,0.8959,1.8026,1.586,1.5893,-0.2076,0,0,1.586,1.585,442300,1.584,10835800,1.583,10091800,1.582,8971800,1.581,5061600,1.586,11154700,1.587,8198200,1.588,7416900,1.589,5569700,1.590,3780700,275,17,0,26201.2,26214.0,-0.23,0,0.23
sz159920,14:11:03,1767939065364,26191.16,0.8959,2.2008,1.586,1.5893,-0.2076,1300,2062,1.5862,1.585,442300,1.584,10835800,1.583,10091800,1.582,8971800,1.581,5061600,1.586,11153400,1.587,8198200,1.588,7416900,1.589,5569700,1.590,3780700,1063,11,0,26200.66,26212.0,-0.38,0,0.23
sz159920,14:11:06,1767939068218,26187.39,0.8959,2.0321,1.586,1.5893,-0.2076,0,0,1.586,1.585,442800,1.584,10835800,1.583,10091800,1.582,8969800,1.581,5061600,1.586,11153400,1.587,8198200,1.588,7416900,1.589,5569700,1.590,3780700,348,1,0,26199.03,26213.0,0.17,0,0.22
sz159920,14:11:09,1767939071223,26187.02,0.8959,1.8406,1.586,1.5893,-0.2076,0,0,1.586,1.585,442800,1.584,10835800,1.583,10091800,1.582,8969800,1.581,5061600,1.586,11203400,1.587,8198200,1.588,7416900,1.589,5569700,1.590,3780700,635,1,0,26198.84,26211.0,0.23,0,0.22
sz159920,14:11:12,1767939074223,26190.22,0.8959,2.2676,1.586,1.5893,-0.2076,0,0,1.586,1.585,159100,1.584,10835800,1.583,9502000,1.582,8969800,1.581,5061600,1.586,11203400,1.587,8198200,1.588,7416900,1.589,5569700,1.590,3780700,1363,2,0,26197.25,26212.0,-0.27,0,0.22
sz159920,14:11:15,1767939077248,26192.63,0.8959,2.8844,1.586,1.5893,-0.2076,1300,2062,1.5862,1.585,159100,1.584,10835800,1.583,10091800,1.582,8969800,1.581,5061600,1.586,11202100,1.587,8198200,1.588,7416900,1.589,5569700,1.590,3780700,126,5,0,26197.25,26212.0,-0.27,0,0.22
sz159920,14:11:18,1767939081248,26192.18,0.8959,3.5184,1.585,1.5888,-0.2392,249100,394823,1.585,1.584,10835800,1.583,10091800,1.582,8969800,1.581,5131600,1.580,2330600,1.585,1184100,1.586,11204100,1.587,8198200,1.588,7416900,1.589,5499700,939,497,0,26196.11,26209.0,-0.27,0,0.21
sz159920,14:11:21,1767939083243,26193.68,0.8959,4.5588,1.585,1.5888,-0.2392,0,0,1.585,1.584,10835800,1.583,10030100,1.582,9123200,1.581,5131600,1.580,2330600,1.585,1501600,1.586,11209100,1.587,8261400,1.588,6975800,1.589,5499700,939,481,0,26195.8,26208.0,0.54,5,0.21
sz159920,14:11:24,1767939086249,26191.51,0.8959,3.5184,1.585,1.5888,-0.2392,2300,3645,1.5848,1.584,10836900,1.583,10030100,1.582,9113200,1.581,5131600,1.580,2330600,1.585,931800,1.586,11209100,1.587,8261400,1.588,6975800,1.589,5499700,416,481,0,26195.47,26209.0,0.0,0,0.21
sz159920,14:11:27,1767939089268,26188.39,0.8959,3.2294,1.585,1.5888,-0.2392,0,0,1.585,1.584,10836900,1.583,10030100,1.582,9113200,1.581,5131600,1.580,2330600,1.585,317500,1.586,11229100,1.587,8261400,1.588,6975800,1.589,5499700,962,455,0,26198.14,26211.0,-0.14,0,0.22
sz159920,14:11:30,1767939092259,26188.5,0.8959,2.6493,1.585,1.5888,-0.2392,3000,4753,1.5843,1.584,10839600,1.583,10030100,1.582,9113200,1.581,5131600,1.580,2330600,1.585,316500,1.586,11229100,1.587,8261400,1.588,6975800,1.589,5499700,402,449,0,26201.0,26211.0,-0.33,0,0.23
sz159920,14:11:33,1767939095281,26188.93,0.8959,3.2698,1.585,1.589,-0.2517,11300,17910,1.585,1.584,10839600,1.583,10030100,1.582,9113200,1.581,5131600,1.580,2330600,1.585,305200,1.586,11229100,1.587,7973300,1.588,6975800,1.589,5499700,409,468,0,26200.08,26209.5,0.33,0,0.23
sz159920,14:11:36,1767939098284,26184.55,0.8959,2.2731,1.585,1.589,-0.2517,0,0,1.585,1.584,10839600,1.583,10030100,1.582,9113200,1.581,5131600,1.580,2330600,1.585,315200,1.586,11234100,1.587,7966400,1.588,6975800,1.589,5499700,437,464,0,26199.16,26209.0,-0.33,1,0.22
sz159920,14:11:39,1767939102290,26183.7,0.8959,1.4004,1.585,1.589,-0.2517,0,0,1.585,1.584,10839600,1.583,9440300,1.582,9113200,1.581,5131600,1.580,2330600,1.585,1589300,1.586,11234100,1.587,7966400,1.588,6975800,1.589,5499700,431,449,0,26197.93,26208.5,0.33,0,0.22
sz159920,14:11:42,1767939104304,26183.3,0.8959,1.3118,1.585,1.589,-0.2517,4000,6340,1.585,1.584,10844600,1.583,9440300,1.582,9113200,1.581,5131600,1.580,2330600,1.585,1585300,1.586,11234100,1.587,7966400,1.588,6975800,1.589,5499700,2,463,0,26193.64,26204.0,-0.23,13,0.2
sz159920,14:11:45,1767939107289,26183.74,0.8959,2.0681,1.585,1.589,-0.2517,1300,2061,1.5854,1.584,4744600,1.583,8787200,1.582,8876500,1.581,11131600,1.580,2330600,1.585,5580400,1.586,8140200,1.587,7653300,1.588,6575800,1.589,5499700,428,447,0,26187.01,26197.0,-0.2,5,0.18
sz159920,14:11:48,1767939110305,26183.18,0.8959,1.809,1.585,1.5887,-0.2329,0,0,1.585,1.584,4726200,1.583,8737200,1.582,8876500,1.581,11131600,1.580,2730600,1.585,5330400,1.586,8547100,1.587,7903300,1.588,6575800,1.589,5499700,11,455,0,26187.01,26197.5,-0.67,2,0.18
sz159920,14:11:51,1767939113321,26181.16,0.8959,1.6068,1.585,1.5887,-0.2329,0,0,1.585,1.584,2506200,1.583,11257200,1.582,8876500,1.581,11131600,1.580,2730600,1.585,6330400,1.586,8547100,1.587,7903300,1.588,3487600,1.589,5499700,1009,451,0,26185.0,26197.0,-0.27,0,0.17
sz159920,14:11:54,1767939117323,26180.32,0.8959,1.8135,1.584,1.5887,-0.2958,55400,87754,1.584,1.584,2362100,1.583,11257200,1.582,8876500,1.581,11131600,1.580,2730600,1.585,6329100,1.586,8547100,1.587,8091000,1.588,3487600,1.589,5499700,1022,457,0,26188.12,26197.0,-0.64,0,0.18
sz159920,14:11:57,1767939120316,26177.87,0.8959,2.2499,1.585,1.5887,-0.2329,3300,5231,1.5852,1.584,2449200,1.583,11257200,1.582,8876500,1.581,11131600,1.580,2730600,1.585,8325800,1.586,8547100,1.587,8091000,1.588,3487600,1.589,5499700,32,433,0,26187.01,26197.0,-0.17,0,0.18
sz159920,14:12:00,1767939122324,26176.89,0.8959,2.129,1.585,1.5887,-0.2329,50000,79250,1.585,1.584,2359200,1.583,11275600,1.582,8876500,1.581,11131600,1.580,2730600,1.585,5408600,1.586,8547100,1.587,8091000,1.588,6587600,1.589,5499700,29,443,0,26186.57,26199.0,0.08,0,0.17
sz159920,14:12:03,1767939126326,26173.48,0.8959,1.8098,1.585,1.5884,-0.2141,0,0,1.585,1.584,2357100,1.583,11275600,1.582,8876500,1.581,11131600,1.580,2730600,1.585,5408600,1.586,8547100,1.587,8091000,1.588,6587600,1.589,5499700,14,425,0,26185.9,26197.0,0.0,1,0.17
sz159920,14:12:06,1767939128330,26172.62,0.8959,2.1361,1.585,1.5884,-0.2141,1300,2060,1.5846,1.584,2357100,1.583,11275600,1.582,8876500,1.581,11221600,1.580,2730600,1.585,6657300,1.586,8547100,1.587,7841000,1.588,6587600,1.589,5499700,16,436,0,26185.68,26199.0,-0.33,2,0.17
sz159920,14:12:09,1767939131329,26173.23,0.8959,1.8648,1.585,1.5884,-0.2141,700,1110,1.5857,1.584,2307100,1.583,11275600,1.582,8876500,1.581,11221600,1.580,2730600,1.585,5656600,1.586,8547100,1.587,7841500,1.588,6587600,1.589,5499700,1012,431,0,26187.46,26200.5,-0.67,5,0.18
sz159920,14:12:12,1767939135339,26173.66,0.8959,3.2591,1.585,1.5884,-0.2141,0,0,1.585,1.584,4527100,1.583,9055600,1.582,8876500,1.581,11221600,1.580,2730600,1.585,5656600,1.586,8547100,1.587,7841500,1.588,6587600,1.589,5499700,1040,408,0,26188.83,26199.5,0.5,3,0.18
sz159920,14:12:15,1767939137358,26172.72,0.8959,3.5608,1.585,1.5884,-0.2141,1300,2060,1.5846,1.584,7527100,1.583,9118900,1.582,8876500,1.581,8221600,1.580,2730600,1.585,5655300,1.586,8547100,1.587,7904600,1.588,6587600,1.589,5499700,1055,417,0,26189.5,26201.0,-0.33,0,0.19
sz159920,14:12:18,1767939141338,26174.94,0.8959,2.9851,1.585,1.5879,-0.1826,0,0,1.585,1.584,7527100,1.583,9118900,1.582,8813200,1.581,8131600,1.580,2330600,1.585,2498700,1.586,11640500,1.587,7904600,1.588,6587600,1.589,5499700,1025,403,0,26187.92,26199.0,-0.5,1,0.18
sz159920,14:12:21,1767939144332,26173.65,0.8959,2.7994,1.585,1.5879,-0.1826,0,0,1.585,1.584,2307100,1.583,11305800,1.582,8876500,1.581,11221600,1.580,2730600,1.585,5655300,1.586,8542100,1.587,7841500,1.588,6587600,1.589,5499700,25,406,0,26187.92,26199.0,-0.5,0,0.18
sz159920,14:12:24,1767939146375,26172.31,0.8959,3.0988,1.585,1.5879,-0.1826,1300,2061,1.5854,1.584,2307100,1.583,11331900,1.582,8876500,1.581,11221600,1.580,2730600,1.585,5654000,1.586,8542100,1.587,7841500,1.588,6587600,1.589,5499700,84,443,0,26187.92,26198.0,-0.45,2,0.18
sz159920,14:12:27,1767939149376,26173.8,0.8959,3.7885,1.585,1.5879,-0.1826,0,0,1.585,1.584,2307100,1.583,11331900,1.582,8876500,1.581,11221600,1.580,2730600,1.585,5659000,1.586,8542100,1.587,7841500,1.588,6587600,1.589,5499700,599,430,0,26190.65,26201.0,-0.5,6,0.19
sz159920,14:12:33,1767939156362,26172.36,0.8959,3.1413,1.585,1.588,-0.1889,1800,2852,1.5844,1.584,2308700,1.583,11331900,1.582,8876500,1.581,11221600,1.580,2730600,1.585,5657700,1.586,8542100,1.587,7841500,1.588,6587600,1.589,5499700,76,391,0,26185.68,26197.5,0.71,0,0.17
sz159920,14:12:36,1767939158371,26178.08,0.8959,3.5479,1.585,1.588,-0.1889,0,0,1.585,1.584,2308700,1.583,11331900,1.582,8876500,1.581,11131600,1.580,2730600,1.585,5658700,1.586,8542100,1.587,7841500,1.588,6587600,1.589,5499700,71,390,0,26190.88,26199.5,-0.33,0,0.19
sz159920,14:12:39,1767939161367,26173.89,0.8959,4.0983,1.585,1.588,-0.1889,0,0,1.585,1.584,4528700,1.583,9175200,1.582,8813200,1.581,11221600,1.580,2330600,1.585,3463800,1.586,10698900,1.587,7904600,1.588,6587600,1.589,5499700,1018,379,0,26189.24,26202.5,-0.67,3,0.18
sz159920,14:12:42,1767939165365,26173.8,0.8959,4.2775,1.585,1.588,-0.1889,0,0,1.585,1.584,7528700,1.583,9175200,1.582,9213200,1.581,8221600,1.580,2330600,1.585,2277200,1.586,11635500,1.587,8154600,1.588,6587600,1.589,5499700,498,390,0,26193.64,26203.0,-0.17,3,0.2
sz159920,14:12:45,1767939168412,26182.67,0.8959,6.4342,1.585,1.588,-0.1889,1300,2061,1.5854,1.584,7618700,1.583,9175200,1.582,9213200,1.581,8131600,1.580,2331600,1.585,2275900,1.586,11635500,1.587,8154600,1.588,6587600,1.589,5499700,41,414,0,26194.0,26207.0,0.0,1,0.2
sz159920,14:12:48,1767939171377,26182.82,0.8959,5.1679,1.585,1.5882,-0.2015,0,0,1.585,1.584,7618700,1.583,9765000,1.582,9213200,1.581,8131600,1.580,2331600,1.585,1776500,1.586,11235500,1.587,8154600,1.588,6587600,1.589,5499700,915,326,0,26195.8,26209.0,-0.09,3,0.21
sz159920,14:12:51,1767939173377,26184.5,0.8959,4.9274,1.585,1.5882,-0.2015,2500,3962,1.5848,1.584,10618700,1.583,9765000,1.582,9213200,1.581,5131600,1.580,2331600,1.585,999900,1.586,11235500,1.587,8154600,1.588,6987600,1.589,5499700,751,366,0,26196.36,26210.0,0.14,1,0.21
sz159920,14:12:48,1767939174388,26186.1,0.8959,4.6906,1.585,1.5882,-0.2015,0,0,1.585,1.584,7618700,1.583,9765000,1.582,9213200,1.581,8131600,1.580,2331600,1.585,1776500,1.586,11235500,1.587,8154600,1.588,6587600,1.589,5499700,96,373,2,26199.16,26210.0,0.0,1,0.22
sz159920,14:12:51,1767939175378,26186.1,0.8959,4.3821,1.585,1.5882,-0.2015,0,0,1.585,1.584,10618700,1.583,9765000,1.582,9213200,1.581,5131600,1.580,2331600,1.585,999900,1.586,11235500,1.587,8154600,1.588,6987600,1.589,5499700,599,356,0,26198.24,26208.0,-0.33,5,0.22
sz159920,14:12:54,1767939178399,26184.12,0.8959,5.3603,1.585,1.5882,-0.2015,1300,2061,1.5854,1.584,10718700,1.583,9765000,1.582,9113200,1.581,5131600,1.580,2331600,1.585,998600,1.586,11235500,1.587,8154600,1.588,6987600,1.589,5499700,115,383,0,26193.1,26206.0,-0.2,1,0.2
sz159920,14:12:57,1767939179377,26184.12,0.8959,5.3603,1.585,1.5882,-0.2015,38400,60864,1.585,1.584,10718700,1.583,9175200,1.582,9113200,1.581,5131600,1.580,2332100,1.585,1620000,1.586,11225500,1.587,8154600,1.588,6987600,1.589,5499700,254,362,0,26197.02,26207.5,-0.33,19,0.21
sz159920,14:13:00,1767939182394,26183.7,0.8959,4.2257,1.585,1.5882,-0.2015,200,317,1.585,1.584,10718700,1.583,9765000,1.582,9113200,1.581,5131600,1.580,2332100,1.585,960000,1.586,11225500,1.587,8154600,1.588,6987600,1.589,5499700,508,383,0,26198.24,26207.0,0.17,0,0.22
sz159920,14:13:03,1767939185411,26184.06,0.8959,4.4664,1.585,1.5887,-0.2329,0,0,1.585,1.584,10718700,1.583,9175200,1.582,9113200,1.581,5131600,1.580,2332100,1.585,2119800,1.586,11225500,1.587,8154600,1.588,6987600,1.589,5499700,1030,370,0,26192.2,26204.0,0.38,0,0.2
sz159920,14:13:06,1767939189402,26182.35,0.8959,3.313,1.585,1.5887,-0.2329,1300,2060,1.5846,1.584,10718300,1.583,9175200,1.582,9113200,1.581,5131600,1.580,2332100,1.585,2117500,1.586,11225500,1.587,8154600,1.588,7125200,1.589,5499700,1081,356,0,26191.8,26201.0,0.33,0,0.19
sz159920,14:13:09,1767939190422,26182.8,0.8959,4.2205,1.585,1.5887,-0.2329,0,0,1.585,1.584,7618300,1.583,9175200,1.582,9213200,1.581,5131600,1.580,2332100,1.585,2127500,1.586,11225500,1.587,8154600,1.588,6725200,1.589,5499700,128,379,0,26188.6,26200.0,-0.29,2,0.18
sz159920,14:13:12,1767939194406,26180.55,0.8959,3.6579,1.585,1.5887,-0.2329,0,0,1.585,1.584,7616200,1.583,9175200,1.582,9213200,1.581,5131600,1.580,2332100,1.585,2127500,1.586,11225500,1.587,8154600,1.588,7125200,1.589,5499700,84,345,0,26190.4,26202.0,-0.23,0,0.19
sz159920,14:13:15,1767939197433,26181.74,0.8959,4.9268,1.585,1.5887,-0.2329,133100,210832,1.584,1.584,7486500,1.583,9175200,1.582,9213200,1.581,5131600,1.580,2332100,1.585,2126200,1.586,11225500,1.587,8154600,1.588,7125200,1.589,5499700,967,367,0,26190.4,26202.0,-0.23,0,0.19
sz159920,14:13:18,1767939200412,26178.9,0.8959,3.6822,1.585,1.5887,-0.2329,20000,31700,1.585,1.584,7486700,1.583,9175200,1.582,9213300,1.581,5131600,1.580,2332100,1.585,2106200,1.586,11225500,1.587,8154600,1.588,7125200,1.589,5499700,121,357,0,26190.4,26202.0,0.0,0,0.19
sz159920,14:13:21,1767939203407,26179.43,0.8959,2.931,1.585,1.5886,-0.2266,1000,1585,1.585,1.584,10486700,1.583,9175200,1.582,9213300,1.581,5131600,1.580,2332100,1.585,2105200,1.586,11225500,1.587,8154600,1.588,7125200,1.589,5499700,383,335,0,26190.4,26202.0,0.0,0,0.19
sz159920,14:13:18,1767939204412,26181.49,0.8959,3.0488,1.585,1.5887,-0.2329,0,0,1.585,1.584,7486700,1.583,9175200,1.582,9213300,1.581,5131600,1.580,2332100,1.585,2106200,1.586,11225500,1.587,8154600,1.588,7125200,1.589,5499700,95,341,2,26190.4,26202.0,0.0,0,0.19
sz159920,14:13:21,1767939205418,26181.49,0.8959,3.4456,1.585,1.5886,-0.2266,0,0,1.585,1.584,10486700,1.583,9175200,1.582,9213300,1.581,5131600,1.580,2332100,1.585,2105200,1.586,11225500,1.587,8154600,1.588,7125200,1.589,5499700,268,328,0,26190.4,26202.0,0.0,0,0.19
sz159920,14:13:24,1767939206416,26180.04,0.8959,3.3821,1.585,1.5886,-0.2266,1300,2061,1.5854,1.584,10486700,1.583,9175200,1.582,9213500,1.581,5131600,1.580,2333400,1.585,2103900,1.586,11235500,1.587,8154600,1.588,7125200,1.589,5499700,112,339,0,26190.4,26202.0,0.0,0,0.19
sz159920,14:13:27,1767939209437,26178.18,0.8959,1.8019,1.585,1.5886,-0.2266,1900,3011,1.5847,1.584,4486700,1.583,9175200,1.582,9213500,1.581,8131600,1.580,2333400,1.585,3288600,1.586,10298900,1.587,7904600,1.588,6725200,1.589,5499700,1135,318,0,26188.83,26199.0,0.0,0,0.18
sz159920,14:13:30,1767939213427,26177.22,0.8959,1.6659,1.585,1.5886,-0.2266,0,0,1.585,1.584,4486700,1.583,9175300,1.582,9213500,1.581,8131600,1.580,2333400,1.585,3288600,1.586,10698900,1.587,7904600,1.588,6725200,1.589,5499700,1101,317,0,26186.8,26199.0,0.08,0,0.18
sz159920,14:13:33,1767939215428,26177.93,0.8959,2.1497,1.585,1.5886,-0.2266,0,0,1.585,1.584,4486700,1.583,9175300,1.582,9213500,1.581,11131600,1.580,2333400,1.585,3336700,1.586,10698900,1.587,7904600,1.588,6725200,1.589,5499700,1111,335,0,26186.8,26199.0,0.08,0,0.18
sz159920,14:13:36,1767939219448,26181.27,0.8959,1.9736,1.585,1.5886,-0.2266,1300,2061,1.5854,1.584,4486700,1.583,9175300,1.582,9213500,1.581,8131600,1.580,2333400,1.585,3335400,1.586,10698900,1.587,7904600,1.588,6725200,1.589,5499700,1112,332,0,26189.5,26200.0,-0.08,0,0.19
sz159920,14:13:39,1767939221436,26180.4,0.8959,1.9612,1.585,1.5886,-0.2266,0,0,1.585,1.584,4486700,1.583,9175300,1.582,9213500,1.581,11131600,1.580,2333400,1.585,3335400,1.586,10698900,1.587,7904600,1.588,6725200,1.589,5499700,1073,303,0,26188.6,26200.0,-0.82,0,0.18
sz159920,14:13:42,1767939225427,26180.55,0.8959,2.336,1.585,1.5886,-0.2266,0,0,1.585,1.584,7486700,1.583,9175300,1.582,9213500,1.581,8131600,1.580,2333400,1.585,2411800,1.586,11635500,1.587,7904600,1.588,6725200,1.589,5499700,775,299,0,26189.5,26202.0,-0.73,0,0.19
sz159920,14:13:45,1767939227436,26180.06,0.8959,2.2024,1.585,1.5886,-0.2266,6300,9985,1.5849,1.584,7486700,1.583,9175300,1.582,9213500,1.581,8131600,1.580,2333400,1.585,2405500,1.586,11635500,1.587,7914600,1.588,6725200,1.589,5499700,622,303,0,26189.5,26202.0,-0.73,0,0.19
sz159920,14:13:48,1767939230427,26181.65,0.8959,4.3432,1.585,1.5886,-0.2266,0,0,1.585,1.584,7486700,1.583,9175300,1.582,9213500,1.581,8131600,1.580,2333400,1.585,2405500,1.586,11635500,1.587,7914600,1.588,6691600,1.589,5499700,107,270,0,26192.72,26202.0,-0.73,0,0.2
sz159920,14:13:51,1767939233444,26183.64,0.8959,5.2635,1.585,1.5885,-0.2203,0,0,1.585,1.584,10486700,1.583,9175300,1.582,9213500,1.581,5131600,1.580,2333400,1.585,2406500,1.586,11635500,1.587,8371100,1.588,6691600,1.589,5499700,89,295,0,26191.91,26206.0,-0.38,1,0.19
sz159920,14:13:54,1767939236442,26185.47,0.8959,3.4604,1.585,1.5885,-0.2203,1300,2061,1.5854,1.584,10484600,1.583,9175300,1.582,9213500,1.581,5131600,1.580,2333400,1.585,2405200,1.586,11696400,1.587,8371100,1.588,6691600,1.589,5499700,154,290,0,26195.2,26207.0,-0.45,2,0.21
sz159920,14:13:57,1767939239442,26183.56,0.8959,3.9858,1.585,1.5885,-0.2203,0,0,1.585,1.584,10484600,1.583,9175300,1.582,9213500,1.581,5131600,1.580,2333400,1.585,1905200,1.586,11296400,1.587,8371100,1.588,7091600,1.589,5499700,1156,296,0,26196.4,26205.0,0.17,0,0.21
sz159920,14:14:00,1767939242464,26186.58,0.8959,1.872,1.585,1.5885,-0.2203,200,317,1.585,1.584,10484600,1.583,9765100,1.582,9228500,1.581,5131600,1.580,2333400,1.585,1179500,1.586,11296400,1.587,8621100,1.588,7091600,1.589,5499700,148,292,0,26197.93,26209.5,-0.6,0,0.22
sz159920,14:14:03,1767939244458,26186.44,0.8959,1.9805,1.585,1.5885,-0.2203,562700,891879,1.585,1.584,10554600,1.583,9765100,1.582,9228500,1.581,5131600,1.580,2333400,1.585,519800,1.586,11357300,1.587,8656100,1.588,7461700,1.589,5499700,164,293,0,26197.93,26209.0,-0.62,0,0.22
sz159920,14:14:00,1767939246455,26186.31,0.8959,4.1113,1.585,1.5885,-0.2203,0,0,1.585,1.584,10484600,1.583,9765100,1.582,9228500,1.581,5131600,1.580,2333400,1.585,1179500,1.586,11296400,1.587,8621100,1.588,7091600,1.589,5499700,125,284,2,26196.7,26209.0,-0.4,0,0.21
sz159920,14:14:03,1767939247459,26186.31,0.8959,3.7213,1.585,1.5885,-0.2203,0,0,1.585,1.584,10554600,1.583,9765100,1.582,9228500,1.581,5131600,1.580,2333400,1.585,519800,1.586,11357300,1.587,8656100,1.588,7461700,1.589,5499700,1129,271,0,26196.7,26209.0,-0.4,0,0.21
sz159920,14:14:06,1767939248458,26189.94,0.8959,3.677,1.585,1.5887,-0.2329,1300,2061,1.5854,1.584,10484600,1.583,10354900,1.582,9299100,1.581,5131600,1.580,2333400,1.585,608500,1.586,11357300,1.587,8656100,1.588,7371700,1.589,5509700,171,255,0,26195.8,26209.0,-0.2,1,0.21
sz159920,14:14:09,1767939252459,26186.23,0.8959,3.0264,1.585,1.5887,-0.2329,600,951,1.585,1.584,10484600,1.583,9765100,1.582,9299100,1.581,5131600,1.580,2333400,1.585,1456600,1.586,11357300,1.587,8656100,1.588,7173600,1.589,5509700,167,257,0,26193.69,26207.5,-0.33,0,0.2
sz159920,14:14:12,1767939254465,26186.4,0.8959,2.3548,1.585,1.5887,-0.2329,32200,51037,1.585,1.584,10484600,1.583,9765100,1.582,9299100,1.581,5131600,1.580,2333400,1.585,1424400,1.586,11357300,1.587,8656100,1.588,7083600,1.589,5509700,161,276,0,26196.11,26207.0,-0.09,0,0.21
sz159920,14:14:15,1767939256474,26186.82,0.8959,2.1653,1.585,1.5887,-0.2329,1500,2377,1.5847,1.584,10491800,1.583,9765100,1.582,9299100,1.581,5131600,1.580,2333400,1.585,1422900,1.586,11365300,1.587,8656100,1.588,7173600,1.589,5509700,189,261,0,26196.11,26207.0,-0.09,0,0.21
sz159920,14:14:18,1767939260478,26189.12,0.8959,1.4787,1.585,1.5887,-0.2329,0,0,1.585,1.584,10491800,1.583,10354900,1.582,9299100,1.581,5131600,1.580,2333400,1.585,1422900,1.586,11365300,1.587,8656100,1.588,7173600,1.589,5509700,176,278,0,26195.47,26208.5,0.33,1,0.21
sz159920,14:14:21,1767939263470,26189.71,0.8959,1.8137,1.585,1.5888,-0.2392,0,0,1.585,1.584,10491800,1.583,10354900,1.582,9299100,1.581,5131600,1.580,2333400,1.585,958500,1.586,11368300,1.587,8656100,1.588,7173600,1.589,5509700,1165,239,0,26197.32,26206.0,0.08,0,0.22
sz159920,14:14:24,1767939266474,26189.49,0.8959,1.6288,1.585,1.5888,-0.2392,1300,2061,1.5854,1.584,10491800,1.583,9765100,1.582,9299100,1.581,5131600,1.580,2333400,1.585,1527200,1.586,11368300,1.587,8656100,1.588,7173600,1.589,5509700,181,248,0,26192.8,26207.0,0.11,0,0.2
sz159920,14:14:27,1767939269483,26188.3,0.8959,1.8983,1.585,1.5888,-0.2392,0,0,1.585,1.584,10491800,1.583,9765100,1.582,9299100,1.581,5131600,1.580,2333400,1.585,1527200,1.586,11351100,1.587,8656100,1.588,7173600,1.589,5496700,1182,258,0,26195.47,26210.0,-0.2,0,0.21
sz159920,14:14:30,1767939273500,26186.52,0.8959,2.7669,1.585,1.5888,-0.2392,6100,9668,1.5849,1.584,10591800,1.583,10354900,1.582,9199100,1.581,5131600,1.580,2333400,1.585,152900,1.586,11351100,1.587,8656100,1.588,7083600,1.589,5496700,1122,227,0,26201.92,26211.5,0.6,0,0.23
sz159920,14:14:33,1767939277489,26187.73,0.8959,2.2704,1.585,1.5888,-0.2392,1300,2061,1.5854,1.584,10591800,1.583,10354900,1.582,9199100,1.581,5131600,1.580,2333400,1.585,88700,1.586,11351100,1.587,8656100,1.588,7083600,1.589,5496700,616,223,0,26199.16,26208.0,0.0,1,0.22
sz159920,14:14:36,1767939279506,26189.28,0.8959,3.3861,1.585,1.5889,-0.2455,0,0,1.585,1.584,10591800,1.583,9765100,1.582,9199100,1.581,5131600,1.580,2333400,1.585,362800,1.586,11331100,1.587,8656100,1.588,7173600,1.589,5496700,608,246,0,26199.16,26208.0,0.0,0,0.22
sz159920,14:14:39,1767939282507,26190.32,0.8959,2.9021,1.585,1.5889,-0.2455,0,0,1.585,1.584,10591800,1.583,9765100,1.582,9199100,1.581,5131600,1.580,2333400,1.585,1120600,1.586,11331100,1.587,8656100,1.588,7173600,1.589,5496700,129,217,0,26199.16,26208.0,0.0,0,0.22
sz159920,14:14:42,1767939285517,26191.72,0.8959,3.0688,1.584,1.5889,-0.3084,4300,6812,1.5842,1.584,10590500,1.583,9765100,1.582,9199100,1.581,5131600,1.580,2333400,1.585,1119700,1.586,11331100,1.587,8656100,1.588,7183600,1.589,5496700,113,247,0,26199.16,26208.0,0.0,0,0.22
sz159920,14:14:45,1767939287504,26188.31,0.8959,3.2219,1.585,1.5889,-0.2455,1300,2060,1.5846,1.584,10590500,1.583,9765100,1.582,9199100,1.581,5131600,1.580,2333400,1.585,1118400,1.586,11341100,1.587,8656100,1.588,7183600,1.589,5493700,1184,223,0,26197.93,26208.0,-0.38,0,0.22
sz159920,14:14:48,1767939289514,26186.34,0.8959,3.3649,1.585,1.5889,-0.2455,0,0,1.585,1.584,10590500,1.583,10354900,1.582,9200600,1.581,5131600,1.580,2333400,1.585,1708400,1.586,11341100,1.587,8656100,1.588,7093600,1.589,5493700,1213,234,0,26199.16,26209.0,-0.2,0,0.22
sz159920,14:14:51,1767939293533,26185.12,0.8959,3.8265,1.584,1.5891,-0.3209,20000,31680,1.584,1.584,10595500,1.583,9765100,1.582,9200600,1.581,5131600,1.580,2333400,1.585,1742700,1.586,11341100,1.587,8659100,1.588,7093600,1.589,5493700,1224,194,0,26197.32,26208.0,-0.29,0,0.22
sz159920,14:14:54,1767939295514,26183.33,0.8959,2.7692,1.585,1.5891,-0.258,1300,2061,1.5854,1.584,10595500,1.583,9780100,1.582,9200600,1.581,5131600,1.580,2333400,1.585,1742000,1.586,11341100,1.587,8659100,1.588,7093600,1.589,5493700,1198,213,0,26192.8,26206.0,-0.57,0,0.2
sz159920,14:14:57,1767939300523,26190.1,0.8959,2.2456,1.585,1.5891,-0.258,0,0,1.585,1.584,10595500,1.583,10419900,1.582,9200600,1.581,5131600,1.580,2324000,1.585,582200,1.586,11341100,1.587,8659100,1.588,7093600,1.589,5493700,225,213,0,26197.93,26208.0,-0.09,2,0.22
sz159920,14:15:00,1767939302524,26186.73,0.8959,2.5488,1.585,1.5891,-0.258,700,1109,1.5843,1.584,10595500,1.583,10419900,1.582,9200600,1.581,5131600,1.580,2324000,1.585,491500,1.586,11341100,1.587,8657100,1.588,7093600,1.589,5493700,222,204,0,26198.24,26208.5,-0.33,2,0.22
sz159920,14:15:03,1767939305539,26187.54,0.8959,2.0725,1.585,1.5891,-0.258,0,0,1.585,1.584,10595500,1.583,10404600,1.582,9200600,1.581,5131600,1.580,2324000,1.585,581500,1.586,11341100,1.587,8657100,1.588,7093600,1.589,5493700,534,201,0,26201.0,26211.5,-0.33,0,0.23
sz159920,14:15:06,1767939307523,26187.65,0.8959,2.1776,1.585,1.5887,-0.2329,13300,21081,1.585,1.584,10595500,1.583,10404600,1.582,9200600,1.581,5131600,1.580,2324000,1.585,478200,1.586,11341100,1.587,8657100,1.588,7093600,1.589,5493700,393,187,0,26201.0,26211.5,-0.33,0,0.23
sz159920,14:15:03,1767939308524,26188.47,0.8959,1.243,1.585,1.5891,-0.258,0,0,1.585,1.584,10595500,1.583,10404600,1.582,9200600,1.581,5131600,1.580,2324000,1.585,581500,1.586,11341100,1.587,8657100,1.588,7093600,1.589,5493700,210,194,2,26201.0,26211.5,-0.33,0,0.23
sz159920,14:15:06,1767939309525,26188.47,0.8959,1.2245,1.585,1.5887,-0.2329,0,0,1.585,1.584,10595500,1.583,10404600,1.582,9200600,1.581,5131600,1.580,2324000,1.585,478200,1.586,11341100,1.587,8657100,1.588,7093600,1.589,5493700,190,184,0,26201.0,26211.5,-0.33,0,0.23
sz159920,14:15:09,1767939311547,26191.26,0.8959,3.3862,1.585,1.5887,-0.2329,0,0,1.585,1.584,10610500,1.583,10404600,1.582,9200600,1.581,5131600,1.580,2324000,1.585,408500,1.586,11341100,1.587,8657100,1.588,7093600,1.589,5493700,12,16,0,26201.7,26216.0,0.17,2,0.23
sz159920,14:15:12,1767939314535,26193.61,0.8959,5.7755,1.585,1.5887,-0.2329,144900,229666,1.585,1.585,6383200,1.584,8453700,1.583,10041300,1.582,6200600,1.581,5061600,1.586,4060900,1.587,11750600,1.588,7246700,1.589,8563700,1.590,3719400,234,171,0,26203.48,26218.0,0.08,0,0.24
sz159920,14:15:15,1767939317541,26190.52,0.8959,4.6745,1.586,1.5887,-0.17,1300,2062,1.5862,1.585,1253200,1.584,10610500,1.583,10167800,1.582,9047200,1.581,5061600,1.586,8224200,1.587,8593900,1.588,7246600,1.589,8563700,1.590,3719400,1257,191,0,26201.2,26214.0,0.0,0,0.23
sz159920,14:15:18,1767939320548,26195.79,0.8959,3.4986,1.586,1.5887,-0.17,0,0,1.586,1.585,1253200,1.584,10610500,1.583,10167800,1.582,9057100,1.581,5061600,1.586,7224200,1.587,8593900,1.588,7246600,1.589,8563700,1.590,3719400,252,188,0,26202.1,26215.0,0.09,0,0.23
sz159920,14:15:21,1767939323549,26194.13,0.8959,4.5223,1.585,1.5892,-0.2643,100,159,1.59,1.585,6479600,1.584,8453700,1.583,10104500,1.582,6057100,1.581,5061600,1.586,4067600,1.587,11687400,1.588,7309700,1.589,8563700,1.590,3719400,1163,179,0,26203.48,26218.0,-0.43,0,0.24
sz159920,14:15:24,1767939325548,26192.42,0.8959,3.902,1.586,1.5892,-0.2014,1300,2061,1.5854,1.585,6479600,1.584,8451600,1.583,10104500,1.582,6057100,1.581,4661600,1.586,4053500,1.587,11687400,1.588,7309700,1.589,8563700,1.590,3719400,1045,147,0,26205.26,26220.0,0.12,1,0.25
sz159920,14:15:27,1767939330559,26193.78,0.8959,4.5105,1.586,1.5892,-0.2014,0,0,1.586,1.585,9579700,1.584,9041400,1.583,10404500,1.582,3057100,1.581,4071800,1.586,3113700,1.587,11575500,1.588,8249500,1.589,8563700,1.590,3719400,270,182,0,26209.3,26223.0,0.0,1,0.26
sz159920,14:15:30,1767939333563,26194.04,0.8959,2.5217,1.586,1.5892,-0.2014,0,0,1.586,1.585,9579700,1.584,9041400,1.583,10404500,1.582,3057100,1.581,4071800,1.586,3113700,1.587,11575500,1.588,8249500,1.589,8963700,1.590,3719400,391,162,0,26210.2,26222.0,-0.33,1,0.26
sz159920,14:15:33,1767939336559,26195.53,0.8959,2.229,1.586,1.5892,-0.2014,0,0,1.586,1.585,9583400,1.584,9041400,1.583,10404500,1.582,3057100,1.581,4071800,1.586,3708000,1.587,11575500,1.588,8249500,1.589,8963700,1.590,3719400,189,170,0,26210.2,26222.0,-0.33,0,0.26
sz159920,14:15:36,1767939338553,26193.68,0.8959,1.8531,1.586,1.5892,-0.2014,1300,2062,1.5862,1.585,9583400,1.584,8451600,1.583,10404500,1.582,3057100,1.581,4071800,1.586,3698700,1.587,11575500,1.588,8249500,1.589,8963700,1.590,3719400,249,143,0,26208.4,26221.5,0.5,0,0.26
sz159920,14:15:39,1767939340567,26194.09,0.8959,1.6408,1.586,1.5892,-0.2014,0,0,1.586,1.585,9583400,1.584,8451600,1.583,10386100,1.582,3057100,1.581,4071800,1.586,3698700,1.587,11580000,1.588,8249500,1.589,8963700,1.590,3719400,270,159,0,26208.4,26221.5,0.5,0,0.26
sz159920,14:15:42,1767939344570,26195.93,0.8959,0.771,1.586,1.5892,-0.2014,400,635,1.5875,1.585,6583400,1.584,8451600,1.583,10386100,1.582,6057100,1.581,4071800,1.586,3958300,1.587,11580000,1.588,7999500,1.589,8963700,1.590,3719400,268,151,0,26208.36,26219.0,0.0,0,0.26
sz159920,14:15:45,1767939347579,26194.69,0.8959,0.7308,1.585,1.5892,-0.2643,1400,2220,1.5857,1.585,6583400,1.584,8451600,1.583,10386100,1.582,6057100,1.581,4071800,1.586,3957400,1.587,11980000,1.588,7999500,1.589,8563700,1.590,3719400,1267,149,0,26207.5,26220.0,0.27,1,0.25
sz159920,14:15:48,1767939350571,26194.76,0.8959,1.0072,1.585,1.5892,-0.2643,0,0,1.585,1.585,6583400,1.584,8451600,1.583,10386100,1.582,6057100,1.581,4071800,1.586,4028400,1.587,11988000,1.588,7999500,1.589,8563700,1.590,3719400,18,141,0,26209.3,26222.0,0.09,0,0.26
sz159920,14:15:51,1767939352573,26194.4,0.8959,1.5097,1.585,1.5893,-0.2706,0,0,1.585,1.585,6583400,1.584,9041400,1.583,10386100,1.582,6057100,1.581,4071800,1.586,3188600,1.587,11988400,1.588,8249500,1.589,8563700,1.590,3719400,280,143,0,26237.6,26224.0,0.4,0,0.37
sz159920,14:15:54,1767939356583,26196.52,0.8959,1.6338,1.586,1.5893,-0.2076,1300,2062,1.5862,1.585,9583400,1.584,9041400,1.583,10386100,1.582,3057100,1.581,4071800,1.586,3187300,1.587,11593400,1.588,8249500,1.589,8563700,1.590,3719400,296,133,0,26209.3,26222.0,0.56,0,0.26
sz159920,14:15:57,1767939359592,26198.59,0.8959,2.2228,1.586,1.5893,-0.2076,0,0,1.586,1.585,9628500,1.584,9041400,1.583,10386100,1.582,3057100,1.581,4071800,1.586,3187300,1.587,11593400,1.588,8249900,1.589,8963700,1.590,3719400,359,143,0,26236.24,26224.0,0.71,1,0.36
sz159920,14:16:00,1767939362582,26203.08,0.8959,2.1989,1.586,1.5893,-0.2076,0,0,1.586,1.585,9628500,1.584,9041400,1.583,10386100,1.582,3057100,1.581,4071800,1.586,3187300,1.587,11583400,1.588,8249900,1.589,8963700,1.590,3719400,287,122,0,26238.5,26224.5,-0.33,2,0.37
sz159920,14:16:03,1767939365591,26202.84,0.8959,2.1207,1.586,1.5893,-0.2076,0,0,1.586,1.585,9628600,1.584,9041400,1.583,10386100,1.582,3057100,1.581,4071800,1.586,3187300,1.587,11583400,1.588,8249900,1.589,8964100,1.590,3719400,1293,121,0,26236.72,26226.0,0.5,1,0.37
sz159920,14:16:06,1767939368588,26202.48,0.8959,1.6952,1.586,1.5895,-0.2202,1300,2061,1.5854,1.585,9628600,1.584,9631200,1.583,10386100,1.582,3057100,1.581,3482000,1.586,2506200,1.587,11583400,1.588,8839700,1.589,8964100,1.590,3719400,297,119,0,26241.2,26229.0,-0.5,1,0.38
sz159920,14:16:09,1767939370600,26202.19,0.8959,2.503,1.586,1.5895,-0.2202,0,0,1.586,1.585,9628600,1.584,9631200,1.583,10386100,1.582,3057100,1.581,3482000,1.586,1169900,1.587,11583400,1.588,8839700,1.589,8963600,1.590,3719400,313,109,0,26240.3,26228.0,0.0,0,0.38
sz159920,14:16:12,1767939375602,26203.63,0.8959,2.9107,1.585,1.5895,-0.2831,2500,3963,1.5852,1.585,9626100,1.584,9631200,1.583,10386100,1.582,3057100,1.581,3482000,1.586,1169900,1.587,11583400,1.588,8839700,1.589,8963600,1.590,3719400,1186,122,0,26241.63,26227.0,0.56,0,0.38
sz159920,14:16:15,1767939377607,26203.24,0.8959,2.6079,1.586,1.5895,-0.2202,1300,2062,1.5862,1.585,9626100,1.584,9631200,1.583,10386100,1.582,3057100,1.581,3482000,1.586,1078600,1.587,11583400,1.588,8839700,1.589,9053600,1.590,3719400,1027,111,0,26241.63,26227.0,0.56,0,0.38
sz159920,14:16:21,1767939383613,26203.98,0.8959,4.0924,1.586,1.5897,-0.2327,0,0,1.586,1.585,9626100,1.584,9631200,1.583,10386100,1.582,3057100,1.581,3482000,1.586,1078600,1.587,11583400,1.588,8839700,1.589,8963600,1.590,3719400,491,104,0,26241.2,26227.0,0.11,2,0.38
sz159920,14:16:24,1767939386616,26199.93,0.8959,3.9267,1.586,1.5897,-0.2327,1900,3013,1.5858,1.585,9625500,1.584,9631200,1.583,10386100,1.582,3057100,1.581,3482000,1.586,1077300,1.587,11583500,1.588,8839700,1.589,8963600,1.590,3719400,320,112,0,26240.74,26225.0,0.56,0,0.38
sz159920,14:16:27,1767939390634,26200.21,0.8959,3.1523,1.586,1.5897,-0.2327,0,0,1.586,1.585,9627300,1.584,9631200,1.583,10386100,1.582,3057100,1.581,3482000,1.586,1757100,1.587,11583500,1.588,8839700,1.589,8963600,1.590,3719400,352,115,0,26240.74,26225.0,0.56,0,0.38
sz159920,14:16:33,1767939395621,26201.06,0.8959,2.6489,1.586,1.5897,-0.2327,0,0,1.586,1.585,9627300,1.584,9631200,1.583,10386100,1.582,3057100,1.581,3482000,1.586,1757100,1.587,11583500,1.588,8839700,1.589,8957000,1.590,3719400,1329,87,0,26240.74,26226.5,0.0,0,0.38
sz159920,14:16:36,1767939399639,26201.89,0.8959,3.1489,1.586,1.5896,-0.2265,1300,2061,1.5854,1.585,9625500,1.584,9631200,1.583,10386100,1.582,3057100,1.581,3482000,1.586,1765800,1.587,11583500,1.588,8839700,1.589,8957000,1.590,3719400,1344,80,0,26240.74,26226.5,0.0,0,0.38
sz159920,14:16:39,1767939401642,26204.81,0.8959,2.2889,1.586,1.5896,-0.2265,0,0,1.586,1.585,9625500,1.584,9631200,1.583,10386100,1.582,3057100,1.581,3482000,1.586,1176000,1.587,11583500,1.588,8839700,1.589,8957000,1.590,3719400,1177,83,0,26234.88,26224.0,-0.67,0,0.36
sz159920,14:16:42,1767939404642,26204.19,0.8959,2.0816,1.586,1.5896,-0.2265,0,0,1.586,1.585,9625500,1.584,9041400,1.583,10386100,1.582,3057100,1.581,3482000,1.586,2277800,1.587,11583500,1.588,8839700,1.589,8957000,1.590,3719400,344,94,0,26210.2,26222.0,-0.67,0,0.26
sz159920,14:16:45,1767939407644,26201.49,0.8959,0.989,1.585,1.5896,-0.2894,8000,12682,1.5853,1.585,9629500,1.584,9041400,1.583,10386100,1.582,3069700,1.581,3482000,1.586,2275800,1.587,11126500,1.588,8839700,1.589,8957000,1.590,3719400,652,84,0,26207.93,26223.0,-0.6,0,0.26
sz159920,14:16:42,1767939408642,26203.19,0.8959,0.9601,1.586,1.5896,-0.2265,0,0,1.586,1.585,9625500,1.584,9041400,1.583,10386100,1.582,3057100,1.581,3482000,1.586,2277800,1.587,11583500,1.588,8839700,1.589,8957000,1.590,3719400,357,84,2,26207.93,26223.0,-0.6,0,0.26
sz159920,14:16:45,1767939409642,26203.19,0.8959,-0.0905,1.585,1.5896,-0.2894,0,0,1.585,1.585,9629500,1.584,9041400,1.583,10386100,1.582,3069700,1.581,3482000,1.586,2275800,1.587,11126500,1.588,8839700,1.589,8957000,1.590,3719400,476,60,0,26207.04,26222.0,0.56,6,0.25
sz159920,14:16:48,1767939410646,26203.75,0.8959,0.944,1.585,1.5896,-0.2894,0,0,1.585,1.585,9629500,1.584,8451600,1.583,10386100,1.582,3069700,1.581,3482000,1.586,2275800,1.587,11126500,1.588,8839700,1.589,8588000,1.590,3719400,347,87,0,26207.04,26222.0,0.56,0,0.25
sz159920,14:16:51,1767939413656,26204.21,0.8959,1.8764,1.585,1.5896,-0.2894,0,0,1.585,1.585,9629500,1.584,9631200,1.583,10386100,1.582,3069700,1.581,3482000,1.586,2275800,1.587,11126500,1.588,8839700,1.589,8588000,1.590,3719400,164,77,0,26238.96,26225.0,-0.27,0,0.37
sz159920,14:16:54,1767939415657,26203.63,0.8959,1.728,1.586,1.5898,-0.239,1400,2221,1.5864,1.585,9629500,1.584,9041400,1.583,10386100,1.582,3069700,1.581,3482000,1.586,2274400,1.587,11129900,1.588,8819700,1.589,8588000,1.590,3719400,0,82,0,26238.96,26225.0,-0.27,0,0.37
sz159920,14:16:51,1767939416667,26204.11,0.8959,1.8003,1.585,1.5896,-0.2894,0,0,1.585,1.585,9629500,1.584,9631200,1.583,10386100,1.582,3069700,1.581,3482000,1.586,2275800,1.587,11126500,1.588,8839700,1.589,8588000,1.590,3719400,385,88,2,26234.88,26224.0,-0.2,0,0.36
sz159920,14:16:54,1767939417662,26204.11,0.8959,1.722,1.586,1.5898,-0.239,0,0,1.586,1.585,9629500,1.584,9041400,1.583,10386100,1.582,3069700,1.581,3482000,1.586,2274400,1.587,11129900,1.588,8819700,1.589,8588000,1.590,3719400,1379,83,0,26237.6,26223.5,0.82,4,0.37
sz159920,14:16:57,1767939420662,26202.64,0.8959,2.3111,1.586,1.5898,-0.239,0,0,1.586,1.585,9629500,1.584,9631200,1.583,10386100,1.582,3069700,1.581,3482000,1.586,2274400,1.587,11129900,1.588,8819700,1.589,8588000,1.590,3719400,367,73,0,26237.6,26224.5,-0.33,0,0.37
sz159920,14:17:00,1767939422681,26200.65,0.8959,2.3557,1.586,1.5898,-0.239,25300,40126,1.586,1.585,9617000,1.584,9041400,1.583,10386100,1.582,3069700,1.581,3482000,1.586,2249100,1.587,11498900,1.588,8819700,1.589,8588000,1.590,3723400,396,62,0,26209.3,26223.0,-0.71,0,0.26
sz159920,14:17:03,1767939425668,26200.29,0.8959,1.588,1.586,1.5898,-0.239,0,0,1.586,1.585,9617000,1.584,8451600,1.583,10386100,1.582,3069700,1.581,3482000,1.586,2838900,1.587,11498900,1.588,8819700,1.589,8578000,1.590,3723400,1338,27,0,26208.85,26220.5,-0.6,0,0.26
sz159920,14:17:06,1767939427671,26199.53,0.8959,1.6057,1.586,1.5898,-0.239,1300,2061,1.5854,1.585,9617000,1.584,8451600,1.583,10386100,1.582,3069700,1.581,3482000,1.586,2837600,1.587,11498900,1.588,8819700,1.589,8578000,1.590,3723400,1168,57,0,26208.85,26220.5,-0.6,0,0.26
sz159920,14:17:09,1767939431681,26200.58,0.8959,1.8334,1.586,1.5897,-0.2327,0,0,1.586,1.585,9617000,1.584,8451600,1.583,10386100,1.582,3069700,1.581,3482000,1.586,2827600,1.587,11498900,1.588,8819700,1.589,8578000,1.590,3723400,837,51,0,26206.15,26222.0,-0.8,0,0.25
sz159920,14:17:12,1767939433688,26199.33,0.8959,2.2466,1.586,1.5897,-0.2327,0,0,1.586,1.585,9617000,1.584,9041400,1.583,10386100,1.582,3069700,1.581,3482000,1.586,2827600,1.587,11498900,1.588,8819700,1.589,8578000,1.590,3723400,675,51,0,26206.15,26222.0,-0.8,0,0.25
sz159920,14:17:15,1767939437689,26201.04,0.8959,3.0633,1.586,1.5897,-0.2327,1300,2062,1.5862,1.585,6617000,1.584,8451600,1.583,10386100,1.582,3069700,1.581,3482000,1.586,2826300,1.587,11498900,1.588,8819700,1.589,8578000,1.590,3723400,321,31,0,26209.76,26222.5,-0.33,3,0.26
sz159920,14:17:18,1767939439691,26201.38,0.8959,4.4605,1.586,1.5897,-0.2327,100,159,1.59,1.585,6617000,1.584,8451600,1.583,10386100,1.582,3069700,1.581,3482000,1.586,2826200,1.587,11498900,1.588,8819700,1.589,8578000,1.590,3713400,158,13,0,26206.15,26221.0,-0.64,0,0.25
sz159920,14:17:21,1767939443720,26199.14,0.8959,3.4194,1.586,1.5897,-0.2327,0,0,1.586,1.585,3617000,1.584,8388400,1.583,10449400,1.582,6559400,1.581,3482000,1.586,3762800,1.587,11025400,1.588,8756600,1.589,8178000,1.590,3713400,1424,26,0,26206.52,26218.0,-0.5,1,0.25
sz159920,14:17:24,1767939447707,26197.77,0.8959,3.208,1.586,1.5895,-0.2202,1300,2062,1.5862,1.585,1397000,1.584,10608400,1.583,10439400,1.582,9559400,1.581,3482000,1.586,9231500,1.587,8805400,1.588,8506600,1.589,5178000,1.590,3692400,1366,10,0,26203.48,26217.0,-0.09,0,0.24
sz159920,14:17:27,1767939449758,26198.12,0.8959,3.3078,1.586,1.5895,-0.2202,0,0,1.586,1.585,1397000,1.584,10608400,1.583,10439400,1.582,9559400,1.581,3482000,1.586,9249200,1.587,8805400,1.588,8506600,1.589,5178000,1.590,3702400,1468,50,0,26201.7,26216.0,-0.17,0,0.23
sz159920,14:17:30,1767939452714,26197.55,0.8959,2.7729,1.586,1.5895,-0.2202,0,0,1.586,1.585,1397000,1.584,10618400,1.583,10439400,1.582,9559400,1.581,3482000,1.586,9270200,1.587,8805400,1.588,8506600,1.589,5178000,1.590,3702400,160,496,0,26202.59,26217.0,0.09,0,0.24
sz159920,14:17:33,1767939455729,26197.47,0.8959,2.4925,1.586,1.5895,-0.2202,0,0,1.586,1.585,3617000,1.584,8398400,1.583,10439400,1.582,9559400,1.581,3482000,1.586,9270200,1.587,8805400,1.588,8506600,1.589,5178000,1.590,3707400,872,9,0,26204.8,26218.0,-0.2,0,0.24
sz159920,14:17:36,1767939459729,26196.86,0.8959,3.423,1.586,1.5895,-0.2202,1300,2061,1.5854,1.585,3617000,1.584,8398400,1.583,10439400,1.582,9559400,1.581,3482000,1.586,9268900,1.587,8805400,1.588,8506600,1.589,5178000,1.590,3707400,661,481,0,26208.36,26219.5,0.33,0,0.26
sz159920,14:17:39,1767939460721,26193.6,0.8959,3.0902,1.586,1.5892,-0.2014,0,0,1.586,1.585,3657000,1.584,8398400,1.583,10439400,1.582,9559400,1.581,3482000,1.586,4048900,1.587,11025400,1.588,8506600,1.589,5178000,1.590,3707400,430,482,0,26208.36,26219.5,0.33,0,0.26
sz159920,14:17:42,1767939463741,26196.24,0.8959,1.9767,1.586,1.5892,-0.2014,0,0,1.586,1.585,6657000,1.584,8461600,1.583,10376100,1.582,6559400,1.581,3482000,1.586,3112300,1.587,11898900,1.588,8569700,1.589,8178000,1.590,3688400,289,462,0,26209.76,26222.0,-0.6,0,0.26
sz159920,14:17:45,1767939467743,26194.25,0.8959,1.6585,1.586,1.5892,-0.2014,1300,2062,1.5862,1.585,6657000,1.584,9051400,1.583,10376100,1.582,6559400,1.581,3482000,1.586,3111000,1.587,11898900,1.588,8569700,1.589,8178000,1.590,3688400,1458,475,0,26209.76,26222.0,-0.6,0,0.26
sz159920,14:17:48,1767939469745,26196.43,0.8959,2.5307,1.586,1.5892,-0.2014,0,0,1.586,1.585,6657000,1.584,8461600,1.583,10376100,1.582,6559400,1.581,3482000,1.586,3130000,1.587,11898900,1.588,8569700,1.589,8178000,1.590,3688400,1436,472,0,26209.76,26222.0,-0.6,0,0.26
sz159920,14:17:51,1767939472759,26196.85,0.8959,2.4044,1.585,1.5892,-0.2643,16500,26153,1.585,1.585,6652100,1.584,9051400,1.583,10376100,1.582,6559400,1.581,3482000,1.586,2550200,1.587,11964000,1.588,8569700,1.589,8178000,1.590,3688400,467,466,0,26209.3,26223.0,0.2,0,0.26
sz159920,14:17:54,1767939476764,26193.61,0.8959,4.2449,1.586,1.5893,-0.2076,1300,2061,1.5854,1.585,6652100,1.584,9051400,1.583,10376100,1.582,6559400,1.581,3482000,1.586,2555400,1.587,11964000,1.588,8569700,1.589,8178000,1.590,3688400,291,456,0,26209.3,26223.0,0.2,0,0.26
sz159920,14:18:03,1767939484779,26197.9,0.8959,3.0134,1.586,1.5893,-0.2076,100,159,1.59,1.585,6652100,1.584,8461600,1.583,10376100,1.582,6559400,1.581,3482000,1.586,3145100,1.587,11964200,1.588,8569700,1.589,8178000,1.590,3688400,492,450,0,26210.2,26221.0,0.64,0,0.26
sz159920,14:18:06,1767939488784,26197.79,0.8959,2.8253,1.586,1.5893,-0.2076,7700,12212,1.586,1.585,3652100,1.584,8398400,1.583,10439400,1.582,9559400,1.581,3482000,1.586,4074300,1.587,11090700,1.588,8506600,1.589,8178000,1.590,3688400,482,436,0,26210.2,26222.0,-0.54,1,0.26
sz159920,14:18:09,1767939490793,26199.64,0.8959,2.5491,1.586,1.5892,-0.2014,100,159,1.59,1.585,6640500,1.584,9051400,1.583,10376100,1.582,6559400,1.581,3482000,1.586,2297800,1.587,11964200,1.588,8819700,1.589,8178000,1.590,3688400,478,450,0,26207.04,26222.0,0.6,2,0.25
sz159920,14:18:12,1767939494803,26202.55,0.8959,2.9842,1.586,1.5892,-0.2014,0,0,1.586,1.585,6640500,1.584,9641200,1.583,10376100,1.582,6559400,1.581,3482000,1.586,1208000,1.587,11564200,1.588,8819700,1.589,8178000,1.590,3688400,510,441,0,26234.88,26224.0,0.43,0,0.36
sz159920,14:18:15,1767939496803,26202.18,0.8959,2.9368,1.586,1.5892,-0.2014,1300,2061,1.5854,1.585,9640500,1.584,9641200,1.583,10376100,1.582,3559400,1.581,3482000,1.586,1263000,1.587,11564200,1.588,8819700,1.589,8578000,1.590,3688400,496,423,0,26241.63,26227.0,0.64,0,0.38
sz159920,14:18:18,1767939500811,26201.63,0.8959,4.534,1.586,1.5892,-0.2014,0,0,1.586,1.585,9640500,1.584,9641200,1.583,10376100,1.582,3559400,1.581,3482000,1.586,1173000,1.587,11564200,1.588,8819700,1.589,8578000,1.590,3688400,399,420,0,26238.5,26225.0,-0.25,0,0.37
sz159920,14:18:21,1767939504813,26202.34,0.8959,2.961,1.585,1.5892,-0.2643,6300,9986,1.5851,1.585,9634200,1.584,9641200,1.583,10376100,1.582,3559400,1.581,3482000,1.586,1263000,1.587,11565000,1.588,8819700,1.589,8578000,1.590,3688400,93,374,0,26237.15,26223.0,-0.33,2,0.37
sz159920,14:18:24,1767939506825,26200.81,0.8959,2.919,1.586,1.5896,-0.2265,4300,6817,1.5853,1.585,9631200,1.584,9051400,1.583,10376100,1.582,3559400,1.581,3482000,1.586,2362500,1.587,11565000,1.588,8819700,1.589,8578000,1.590,3688400,510,411,0,26237.15,26223.0,-0.33,0,0.37
sz159920,14:18:27,1767939509834,26199.8,0.8959,3.4494,1.586,1.5896,-0.2265,0,0,1.586,1.585,6631200,1.584,8461600,1.583,10376100,1.582,3559400,1.581,3482000,1.586,3366300,1.587,11565000,1.588,8819700,1.589,8578000,1.590,3688400,788,419,0,26206.15,26221.0,-0.17,0,0.25
sz159920,14:18:30,1767939511834,26199.87,0.8959,3.221,1.586,1.5896,-0.2265,0,0,1.586,1.585,9632200,1.584,8461600,1.583,10376100,1.582,3559400,1.581,3482000,1.586,2366300,1.587,11565000,1.588,8819700,1.589,8578000,1.590,3688400,573,403,0,26206.15,26221.0,-0.17,0,0.25
