symbol,tx_server_time,tx_local_time,bd_server_time,bd_local_time,price,iopv,premium_rate,index_price,fx_rate,sentiment,tick_vol,tick_amt,tick_vwap,interval_s,bp1,bv1,bp2,bv2,bp3,bv3,bp4,bv4,bp5,bv5,sp1,sv1,sp2,sv2,sp3,sv3,sp4,sv4,sp5,sv5,fut_local_time,fut_tick_time,fut_price,fut_mid,fut_imb,fut_delta_vol,fut_pct
sz159920,10:51:48,1764125513972,,0,1.595,1.5991,-0.2564,0.0,0.9106,0.0,0,0,1.595,0.0,1.595,4975700,1.594,10495300,1.593,10069900,1.592,8668200,1.591,2343500,1.596,3861700,1.597,7369100,1.598,8701300,1.599,6851800,1.6,2246000,10:51:53.971,10:51:53,26010.93,25994.5,0.0,0,0.39
sz159920,10:51:51,1764125514891,,0,1.595,1.5991,-0.2564,0.0,0.9106,0.1011,2300,3668,1.5948,0.919,1.595,8833000,1.594,10495300,1.593,10069900,1.592,5668200,1.591,2343500,1.596,2671700,1.597,8529100,1.598,8701300,1.599,6851800,1.6,2246000,10:51:54.884,10:51:53,26010.93,25994.5,0.0,0,0.39
sz159920,10:51:54,1764125516008,,0,1.596,1.5991,-0.1939,0.0,0.9106,0.1011,200,320,1.6,1.118,1.595,4973400,1.594,10493300,1.593,10069900,1.592,8668200,1.591,2343500,1.596,2671500,1.597,8529100,1.598,8701300,1.599,6851800,1.6,2246000,10:51:55.996,10:51:55,26012.7,25995.0,0.0,0,0.39
sz159920,10:51:54,1764125516894,,0,1.596,1.5991,-0.1939,0.0,0.9106,2.3227,0,0,1.596,0.886,1.595,4973400,1.594,10493300,1.593,10069900,1.592,8668200,1.591,2343500,1.596,2671500,1.597,8529100,1.598,8701300,1.599,6851800,1.6,2246000,10:51:56.894,10:51:55,26012.7,25995.0,0.0,0,0.39
sz159920,10:51:54,1764125517898,,0,1.596,1.5991,-0.1939,0.0,0.9106,2.3227,0,0,1.596,1.004,1.595,4973400,1.594,10493300,1.593,10069900,1.592,8668200,1.591,2343500,1.596,2671500,1.597,8529100,1.598,8701300,1.599,6851800,1.6,2246000,10:51:57.889,10:51:55,26012.7,25995.0,0.0,0,0.39
sz159920,10:51:57,1764125518888,10:52:58,1764125518397,1.596,1.5991,-0.1939,25967.18,0.9106,2.8064,0,0,1.596,0.989,1.595,7973400,1.594,10493300,1.593,10069900,1.592,5668200,1.591,2343500,1.596,2671500,1.597,8529100,1.598,8701300,1.599,6851800,1.6,2246000,10:51:58.468,10:51:55,26012.7,25995.0,0.0,0,0.39
sz159920,10:51:57,1764125519894,10:52:59,1764125519357,1.596,1.5991,-0.1939,25967.18,0.9106,2.726,0,0,1.596,1.007,1.595,7973400,1.594,10493300,1.593,10069900,1.592,5668200,1.591,2343500,1.596,2671500,1.597,8529100,1.598,8701300,1.599,6851800,1.6,2246000,10:51:59.889,10:51:59,26010.9,25994.0,-0.8,1,0.39
sz159920,10:51:57,1764125520899,10:53:00,1764125520389,1.596,1.5991,-0.1939,25971.24,0.9106,2.5961,0,0,1.596,1.004,1.595,7973400,1.594,10493300,1.593,10069900,1.592,5668200,1.591,2343500,1.596,2671500,1.597,8529100,1.598,8701300,1.599,6851800,1.6,2246000,10:52:00.895,10:52:00,26013.58,25994.0,-0.67,1,0.4
sz159920,10:52:00,1764125521897,10:53:01,1764125521380,1.596,1.5991,-0.1939,25971.24,0.9106,2.5961,600,957,1.595,0.999,1.595,4110700,1.594,11356000,1.593,10069900,1.592,8668200,1.591,2343500,1.596,3860900,1.597,7339100,1.598,8701300,1.599,6851800,1.6,2246000,10:52:01.895,10:52:01,26014.47,25995.0,-0.43,2,0.4
sz159920,10:52:00,1764125522896,10:53:02,1764125522389,1.596,1.5991,-0.1939,25965.65,0.9106,3.0655,0,0,1.596,0.998,1.595,4110700,1.594,11356000,1.593,10069900,1.592,8668200,1.591,2343500,1.596,3860900,1.597,7339100,1.598,8701300,1.599,6851800,1.6,2246000,10:52:02.409,10:52:02,26013.6,25996.0,-0.33,2,0.4
sz159920,10:52:00,1764125523901,10:53:03,1764125523389,1.596,1.5991,-0.1939,25965.65,0.9106,3.6675,0,0,1.596,1.005,1.595,4110700,1.594,11356000,1.593,10069900,1.592,8668200,1.591,2343500,1.596,3860900,1.597,7339100,1.598,8701300,1.599,6851800,1.6,2246000,10:52:03.424,10:52:03,26011.92,25997.5,0.29,3,0.39
sz159920,10:52:00,1764125524905,10:53:04,1764125524484,1.596,1.5991,-0.1939,25966.61,0.9106,3.1477,0,0,1.596,1.004,1.595,4110700,1.594,11356000,1.593,10069900,1.592,8668200,1.591,2343500,1.596,3860900,1.597,7339100,1.598,8701300,1.599,6851800,1.6,2246000,10:52:04.424,10:52:03,26011.92,25997.5,0.29,0,0.39
sz159920,10:52:03,1764125525902,10:53:05,1764125525392,1.596,1.599,-0.1876,25966.61,0.9106,3.1477,10000,15960,1.596,0.997,1.595,8833000,1.594,10493300,1.593,10069900,1.592,5668200,1.591,2343500,1.596,1515100,1.597,8529100,1.598,8701300,1.599,6851800,1.6,2246000,10:52:05.422,10:52:04,26014.57,25999.0,-0.5,0,0.4
sz159920,10:52:03,1764125526910,10:53:06,1764125526740,1.596,1.599,-0.1876,25966.22,0.9106,2.5169,0,0,1.596,1.008,1.595,8833000,1.594,10493300,1.593,10069900,1.592,5668200,1.591,2343500,1.596,1515100,1.597,8529100,1.598,8701300,1.599,6851800,1.6,2246000,10:52:06.419,10:52:04,26014.57,25999.0,-0.5,0,0.4
sz159920,10:52:06,1764125527910,10:53:07,1764125527413,1.595,1.599,-0.2502,25966.22,0.9106,2.7986,700,1117,1.5957,1.0,1.595,8839700,1.594,10495300,1.593,10072900,1.592,5668200,1.591,2343500,1.596,1515100,1.597,8529100,1.598,8701300,1.599,6851800,1.6,2246000,10:52:07.426,10:52:06,26016.3,25999.0,0.4,0,0.41
sz159920,10:52:06,1764125528915,10:53:08,1764125528898,1.595,1.599,-0.2502,25965.8,0.9106,2.8355,0,0,1.595,1.005,1.595,8839700,1.594,10495300,1.593,10072900,1.592,5668200,1.591,2343500,1.596,1515100,1.597,8529100,1.598,8701300,1.599,6851800,1.6,2246000,10:52:08.428,10:52:08,26018.92,26001.0,0.2,3,0.42
sz159920,10:52:06,1764125529918,10:53:09,1764125529401,1.595,1.599,-0.2502,25965.8,0.9106,2.5578,0,0,1.595,1.003,1.595,8839700,1.594,10495300,1.593,10072900,1.592,5668200,1.591,2343500,1.596,1515100,1.597,8529100,1.598,8701300,1.599,6851800,1.6,2246000,10:52:09.430,10:52:08,26016.52,26002.0,-0.67,1,0.41
sz159920,10:52:09,1764125530912,10:53:10,1764125530408,1.595,1.599,-0.2502,25967.38,0.9106,2.5578,0,0,1.595,0.994,1.595,11842700,1.594,10495300,1.593,10072900,1.592,2668200,1.591,2343500,1.596,789600,1.597,8529100,1.598,8701300,1.599,6851800,1.6,2246000,10:52:10.430,10:52:09,26015.6,26002.0,0.14,1,0.4
sz159920,10:52:09,1764125531931,10:53:11,1764125531411,1.595,1.599,-0.2502,25967.38,0.9106,4.2561,0,0,1.595,1.02,1.595,11842700,1.594,10495300,1.593,10072900,1.592,2668200,1.591,2343500,1.596,789600,1.597,8529100,1.598,8701300,1.599,6851800,1.6,2246000,10:52:11.449,10:52:09,26015.6,26002.0,0.14,0,0.4
sz159920,10:52:09,1764125532922,10:53:12,1764125532411,1.595,1.599,-0.2502,25966.86,0.9106,3.9894,0,0,1.595,0.99,1.595,11842700,1.594,10495300,1.593,10072900,1.592,2668200,1.591,2343500,1.596,789600,1.597,8529100,1.598,8701300,1.599,6851800,1.6,2246000,10:52:12.440,10:52:09,26015.6,26002.0,0.14,0,0.4
sz159920,10:52:12,1764125533926,10:53:13,1764125533361,1.596,1.599,-0.1876,25966.86,0.9106,3.4115,300,478,1.5933,1.004,1.595,11847700,1.594,10495300,1.593,10072900,1.592,2668200,1.591,2343500,1.596,768900,1.597,8529100,1.598,8701300,1.599,6851800,1.6,2246000,10:52:13.441,10:52:09,26015.6,26002.0,0.14,0,0.4
sz159920,10:52:12,1764125534918,10:53:14,1764125534395,1.596,1.599,-0.1876,25964.94,0.9106,3.4115,0,0,1.596,0.992,1.595,11847700,1.594,10495300,1.593,10072900,1.592,2668200,1.591,2343500,1.596,768900,1.597,8529100,1.598,8701300,1.599,6851800,1.6,2246000,10:52:14.435,10:52:09,26015.6,26002.0,0.14,0,0.4
sz159920,10:52:12,1764125535917,10:53:15,1764125535364,1.596,1.599,-0.1876,25964.94,0.9106,2.4899,0,0,1.596,0.998,1.595,11847700,1.594,10495300,1.593,10072900,1.592,2668200,1.591,2343500,1.596,768900,1.597,8529100,1.598,8701300,1.599,6851800,1.6,2246000,10:52:15.452,10:52:09,26015.6,26002.0,0.14,0,0.4
sz159920,10:52:12,1764125536930,10:53:16,1764125536444,1.596,1.599,-0.1876,25965.19,0.9106,1.4501,0,0,1.596,1.013,1.595,11847700,1.594,10495300,1.593,10072900,1.592,2668200,1.591,2343500,1.596,768900,1.597,8529100,1.598,8701300,1.599,6851800,1.6,2246000,10:52:16.453,10:52:16,26015.6,26001.0,0.2,1,0.4
sz159920,10:52:15,1764125537930,10:53:17,1764125537494,1.596,1.599,-0.1876,25965.19,0.9106,1.7278,0,0,1.596,1.0,1.595,11847700,1.594,10495300,1.593,10072900,1.592,2668200,1.591,2343500,1.596,768900,1.597,8601600,1.598,8701300,1.599,6851800,1.6,2246000,10:52:17.449,10:52:17,26016.3,25999.0,-0.5,2,0.41
sz159920,10:52:15,1764125538939,10:53:18,1764125538413,1.596,1.599,-0.1876,25967.91,0.9106,2.0754,0,0,1.596,1.009,1.595,11847700,1.594,10495300,1.593,10072900,1.592,2668200,1.591,2343500,1.596,768900,1.597,8601600,1.598,8701300,1.599,6851800,1.6,2246000,10:52:18.453,10:52:17,26015.4,25998.0,0.43,0,0.4
sz159920,10:52:18,1764125539931,10:53:19,1764125539659,1.596,1.5991,-0.1939,25967.91,0.9106,2.158,64100,102304,1.596,0.992,1.595,8848200,1.594,10495300,1.593,10072900,1.592,5668200,1.591,2343500,1.596,2429100,1.597,8601600,1.598,8701300,1.599,6851800,1.6,2246000,10:52:19.465,10:52:17,26015.4,25998.0,0.43,0,0.4
sz159920,10:52:18,1764125540929,10:53:20,1764125540443,1.596,1.5991,-0.1939,25969.89,0.9106,2.158,0,0,1.596,0.998,1.595,8848200,1.594,10495300,1.593,10072900,1.592,5668200,1.591,2343500,1.596,2429100,1.597,8601600,1.598,8701300,1.599,6851800,1.6,2246000,10:52:20.463,10:52:20,26011.92,25998.5,-0.33,2,0.39
sz159920,10:52:18,1764125541929,10:53:21,1764125541834,1.596,1.5991,-0.1939,25969.89,0.9106,2.5289,0,0,1.596,1.0,1.595,8848200,1.594,10495300,1.593,10072900,1.592,5668200,1.591,2343500,1.596,2429100,1.597,8601600,1.598,8701300,1.599,6851800,1.6,2246000,10:52:21.463,10:52:20,26011.92,25998.5,-0.33,0,0.39
sz159920,10:52:21,1764125542971,10:53:22,1764125542406,1.596,1.5991,-0.1939,25967.46,0.9106,2.5289,0,0,1.596,1.043,1.595,8848200,1.594,10495300,1.593,10072900,1.592,5668200,1.591,2343500,1.596,2571500,1.597,8529100,1.598,8701300,1.599,6851800,1.6,2246000,10:52:22.971,10:52:22,26012.75,25996.5,-0.9,0,0.39
sz159920,10:52:21,1764125544015,10:53:23,1764125543430,1.596,1.5991,-0.1939,25967.46,0.9106,2.8284,0,0,1.596,1.044,1.595,8848200,1.594,10495300,1.593,10072900,1.592,5668200,1.591,2343500,1.596,2571500,1.597,8529100,1.598,8701300,1.599,6851800,1.6,2246000,10:52:23.509,10:52:23,26014.5,25997.5,0.33,18,0.4
sz159920,10:52:21,1764125544936,10:53:24,1764125544453,1.596,1.5991,-0.1939,25968.0,0.9106,2.8284,0,0,1.596,0.921,1.595,8848200,1.594,10495300,1.593,10072900,1.592,5668200,1.591,2343500,1.596,2571500,1.597,8529100,1.598,8701300,1.599,6851800,1.6,2246000,10:52:24.474,10:52:23,26015.4,25999.5,0.0,0,0.4
sz159920,10:52:24,1764125545937,10:53:25,1764125545457,1.596,1.5991,-0.1939,25968.0,0.9106,2.4286,0,0,1.596,1.001,1.595,8848200,1.594,10495300,1.593,10072900,1.592,5668200,1.591,2343500,1.596,1425700,1.597,8529100,1.598,8701300,1.599,6851800,1.6,2246000,10:52:25.478,10:52:24,26015.6,26001.0,0.5,0,0.4
sz159920,10:52:24,1764125546940,10:53:26,1764125546376,1.596,1.5991,-0.1939,25966.61,0.9106,2.4286,0,0,1.596,1.003,1.595,8848200,1.594,10495300,1.593,10072900,1.592,5668200,1.591,2343500,1.596,1425700,1.597,8529100,1.598,8701300,1.599,6851800,1.6,2246000,10:52:26.474,10:52:24,26015.6,26001.0,0.5,0,0.4
sz159920,10:52:24,1764125547948,10:53:27,1764125547426,1.596,1.5991,-0.1939,25966.61,0.9106,3.1965,0,0,1.596,1.008,1.595,8848200,1.594,10495300,1.593,10072900,1.592,5668200,1.591,2343500,1.596,1425700,1.597,8529100,1.598,8701300,1.599,6851800,1.6,2246000,10:52:27.487,10:52:24,26015.6,26001.0,0.5,0,0.4
sz159920,10:52:24,1764125548946,10:53:28,1764125548397,1.596,1.5991,-0.1939,25969.51,0.9106,3.2675,0,0,1.596,0.998,1.595,8848200,1.594,10495300,1.593,10072900,1.592,5668200,1.591,2343500,1.596,1425700,1.597,8529100,1.598,8701300,1.599,6851800,1.6,2246000,10:52:28.527,10:52:28,26020.03,26005.0,0.8,4,0.42
sz159920,10:52:27,1764125549942,10:53:29,1764125549355,1.596,1.5991,-0.1939,25969.51,0.9106,3.2675,0,0,1.596,0.997,1.595,12948200,1.594,10495300,1.593,9972900,1.592,2668200,1.591,2343500,1.596,855700,1.597,8279100,1.598,8701300,1.599,7101800,1.6,2246000,10:52:29.485,10:52:28,26020.03,26005.0,0.8,0,0.42
sz159920,10:52:27,1764125550959,10:53:30,1764125550521,1.596,1.5991,-0.1939,25970.34,0.9106,4.411,0,0,1.596,1.017,1.595,12948200,1.594,10495300,1.593,9972900,1.592,2668200,1.591,2343500,1.596,855700,1.597,8279100,1.598,8701300,1.599,7101800,1.6,2246000,10:52:30.484,10:52:29,26022.48,26004.0,0.78,0,0.43
sz159920,10:52:30,1764125552004,10:53:31,1764125551416,1.596,1.5991,-0.1939,25970.34,0.9106,3.7494,0,0,1.596,1.044,1.595,12948200,1.594,10495300,1.593,9972900,1.592,2668200,1.591,2343500,1.596,712300,1.597,8279100,1.598,8721300,1.599,7121800,1.6,2246000,10:52:31.494,10:52:31,26021.7,26005.0,0.0,0,0.43
sz159920,10:52:30,1764125553051,10:53:32,1764125552680,1.596,1.5991,-0.1939,25969.89,0.9106,4.0122,0,0,1.596,1.047,1.595,12948200,1.594,10495300,1.593,9972900,1.592,2668200,1.591,2343500,1.596,712300,1.597,8279100,1.598,8721300,1.599,7121800,1.6,2246000,10:52:32.492,10:52:32,26020.94,26007.0,0.2,2,0.42
sz159920,10:52:30,1764125553955,10:53:33,1764125553364,1.596,1.5991,-0.1939,25969.89,0.9106,4.3395,0,0,1.596,0.904,1.595,12948200,1.594,10495300,1.593,9972900,1.592,2668200,1.591,2343500,1.596,712300,1.597,8279100,1.598,8721300,1.599,7121800,1.6,2246000,10:52:33.495,10:52:32,26020.94,26007.0,0.2,0,0.42
sz159920,10:52:30,1764125555010,10:53:34,1764125554899,1.596,1.5991,-0.1939,25968.02,0.9106,3.6772,0,0,1.596,1.055,1.595,12948200,1.594,10495300,1.593,9972900,1.592,2668200,1.591,2343500,1.596,712300,1.597,8279100,1.598,8721300,1.599,7121800,1.6,2246000,10:52:35.001,10:52:34,26022.6,26006.5,0.0,0,0.43
sz159920,10:52:33,1764125555948,10:53:35,1764125555360,1.596,1.5992,-0.2001,25968.02,0.9106,2.8998,712300,1136831,1.596,0.938,1.596,843300,1.595,12414000,1.594,10505900,1.593,8827100,1.592,2595000,1.597,8281700,1.598,8724500,1.599,7121800,1.6,2316000,1.601,2340600,10:52:35.503,10:52:34,26022.6,26006.5,0.0,0,0.43
sz159920,10:52:33,1764125557114,10:53:36,1764125557004,1.596,1.5992,-0.2001,25968.92,0.9106,2.8998,0,0,1.596,1.166,1.596,843300,1.595,12414000,1.594,10505900,1.593,8827100,1.592,2595000,1.597,8281700,1.598,8724500,1.599,7121800,1.6,2316000,1.601,2340600,10:52:36.600,10:52:36,26025.15,26007.0,0.78,1,0.44
sz159920,10:52:36,1764125557960,10:53:36,1764125557004,1.596,1.5992,-0.2001,25968.92,0.9106,2.8606,0,0,1.596,0.846,1.596,944200,1.595,12404600,1.594,10568700,1.593,8674300,1.592,2595000,1.597,8281700,1.598,8661900,1.599,7184400,1.6,2316000,1.601,2340600,10:52:37.703,10:52:36,26025.15,26007.0,0.78,0,0.44
sz159920,10:52:36,1764125558948,10:53:38,1764125558383,1.596,1.5992,-0.2001,25970.15,0.9106,2.7249,0,0,1.596,0.988,1.596,944200,1.595,12404600,1.594,10568700,1.593,8674300,1.592,2595000,1.597,8281700,1.598,8661900,1.599,7184400,1.6,2316000,1.601,2340600,10:52:38.685,10:52:38,26021.12,26007.5,0.5,1,0.42
sz159920,10:52:36,1764125559966,10:53:38,1764125559212,1.596,1.5992,-0.2001,25970.15,0.9106,2.7781,0,0,1.596,1.018,1.596,944200,1.595,12404600,1.594,10568700,1.593,8674300,1.592,2595000,1.597,8281700,1.598,8661900,1.599,7184400,1.6,2316000,1.601,2340600,10:52:39.576,10:52:38,26021.12,26007.5,0.5,0,0.42
sz159920,10:52:36,1764125560957,10:53:40,1764125560357,1.596,1.5992,-0.2001,25968.86,0.9106,2.7417,0,0,1.596,0.992,1.596,944200,1.595,12404600,1.594,10568700,1.593,8674300,1.592,2595000,1.597,8281700,1.598,8661900,1.599,7184400,1.6,2316000,1.601,2340600,10:52:40.524,10:52:38,26021.12,26007.5,0.5,0,0.42
sz159920,10:52:36,1764125561975,10:53:41,1764125561361,1.596,1.5992,-0.2001,25968.86,0.9106,2.7417,0,0,1.596,1.018,1.596,944200,1.595,12404600,1.594,10568700,1.593,8674300,1.592,2595000,1.597,8281700,1.598,8661900,1.599,7184400,1.6,2316000,1.601,2340600,10:52:41.524,10:52:40,26026.04,26009.0,-0.67,0,0.44
sz159920,10:52:36,1764125562966,10:53:42,1764125562475,1.596,1.5992,-0.2001,25969.8,0.9106,2.9578,0,0,1.596,0.991,1.596,944200,1.595,12404600,1.594,10568700,1.593,8674300,1.592,2595000,1.597,8281700,1.598,8661900,1.599,7184400,1.6,2316000,1.601,2340600,10:52:42.529,10:52:42,26024.26,26006.0,0.0,5,0.44
sz159920,10:52:36,1764125563971,10:53:43,1764125563511,1.596,1.5992,-0.2001,25969.8,0.9106,3.5554,0,0,1.596,1.005,1.596,944200,1.595,12404600,1.594,10568700,1.593,8674300,1.592,2595000,1.597,8281700,1.598,8661900,1.599,7184400,1.6,2316000,1.601,2340600,10:52:43.528,10:52:43,26021.85,26006.0,0.6,4,0.43
sz159920,10:52:42,1764125564966,10:53:44,1764125564369,1.596,1.5992,-0.2001,25969.28,0.9106,3.3762,10000,15960,1.596,0.995,1.596,1374300,1.595,12454600,1.594,10568700,1.593,8673500,1.592,2595000,1.597,8302000,1.598,8661900,1.599,7184400,1.6,2316000,1.601,2340600,10:52:44.637,10:52:43,26021.85,26006.0,0.6,0,0.43
sz159920,10:52:42,1764125565970,10:53:45,1764125565675,1.596,1.5992,-0.2001,25969.28,0.9106,3.3762,0,0,1.596,1.004,1.596,1374300,1.595,12454600,1.594,10568700,1.593,8673500,1.592,2595000,1.597,8302000,1.598,8661900,1.599,7184400,1.6,2316000,1.601,2340600,10:52:45.534,10:52:45,26025.3,26008.0,0.57,5,0.44
sz159920,10:52:42,1764125567024,10:53:46,1764125566394,1.596,1.5992,-0.2001,25970.43,0.9106,3.1954,0,0,1.596,1.054,1.596,1374300,1.595,12454600,1.594,10568700,1.593,8673500,1.592,2595000,1.597,8302000,1.598,8661900,1.599,7184400,1.6,2316000,1.601,2340600,10:52:46.549,10:52:46,26026.93,26008.0,0.71,2,0.45
sz159920,10:52:45,1764125567968,10:53:47,1764125567906,1.596,1.5992,-0.2001,25970.43,0.9106,3.4891,0,0,1.596,0.944,1.596,1374800,1.595,12477600,1.594,10570700,1.593,8673500,1.592,2594000,1.597,7302000,1.598,8662900,1.599,7184400,1.6,2315000,1.601,2340600,10:52:47.543,10:52:47,26027.82,26009.0,0.56,2,0.45
sz159920,10:52:45,1764125568972,10:53:48,1764125568507,1.596,1.5992,-0.2001,25971.67,0.9106,3.4891,0,0,1.596,1.005,1.596,1374800,1.595,12477600,1.594,10570700,1.593,8673500,1.592,2594000,1.597,7302000,1.598,8662900,1.599,7184400,1.6,2315000,1.601,2340600,10:52:48.545,10:52:47,26027.82,26009.0,0.56,0,0.45
sz159920,10:52:48,1764125569983,10:53:49,1764125569441,1.596,1.5993,-0.2063,25971.67,0.9106,3.4967,0,0,1.596,1.011,1.596,2595700,1.595,12427600,1.594,10600700,1.593,8673500,1.592,2594000,1.597,7302000,1.598,8662900,1.599,7184400,1.6,2315000,1.601,2340600,10:52:49.549,10:52:49,26026.4,26011.0,0.08,4,0.45
sz159920,10:52:48,1764125570992,10:53:50,1764125570527,1.596,1.5993,-0.2063,25970.33,0.9106,2.6192,0,0,1.596,1.009,1.596,2595700,1.595,12427600,1.594,10600700,1.593,8673500,1.592,2594000,1.597,7302000,1.598,8662900,1.599,7184400,1.6,2315000,1.601,2340600,10:52:50.553,10:52:49,26026.4,26011.0,0.0,0,0.45
sz159920,10:52:48,1764125571974,10:53:51,1764125571383,1.596,1.5993,-0.2063,25970.33,0.9106,2.683,0,0,1.596,0.982,1.596,2595700,1.595,12427600,1.594,10600700,1.593,8673500,1.592,2594000,1.597,7302000,1.598,8662900,1.599,7184400,1.6,2315000,1.601,2340600,10:52:51.564,10:52:50,26025.15,26007.0,-0.33,0,0.44
sz159920,10:52:51,1764125572978,10:53:52,1764125572372,1.596,1.5993,-0.2063,25972.47,0.9106,2.851,0,0,1.596,1.004,1.596,1495100,1.595,12422600,1.594,10563000,1.593,8673500,1.592,2594000,1.597,8302000,1.598,8662900,1.599,7184400,1.6,2320000,1.601,2340600,10:52:52.558,10:52:50,26025.15,26007.0,-0.33,0,0.44
sz159920,10:52:51,1764125573996,10:53:53,1764125573433,1.596,1.5993,-0.2063,25972.47,0.9106,1.9854,0,0,1.596,1.018,1.596,1495100,1.595,12422600,1.594,10563000,1.593,8673500,1.592,2594000,1.597,8302000,1.598,8662900,1.599,7184400,1.6,2320000,1.601,2340600,10:52:53.556,10:52:50,26025.15,26007.0,-0.33,0,0.44
sz159920,10:52:51,1764125574992,10:53:54,1764125574381,1.596,1.5993,-0.2063,25972.84,0.9106,1.5549,0,0,1.596,0.996,1.596,1495100,1.595,12422600,1.594,10563000,1.593,8673500,1.592,2594000,1.597,8302000,1.598,8662900,1.599,7184400,1.6,2320000,1.601,2340600,10:52:54.563,10:52:50,26025.15,26007.0,-0.33,0,0.44
sz159920,10:52:51,1764125575986,10:53:55,1764125575377,1.596,1.5993,-0.2063,25972.84,0.9106,0.9318,0,0,1.596,0.994,1.596,1495100,1.595,12422600,1.594,10563000,1.593,8673500,1.592,2594000,1.597,8302000,1.598,8662900,1.599,7184400,1.6,2320000,1.601,2340600,10:52:55.573,10:52:54,26025.15,26006.0,0.45,0,0.44
sz159920,10:52:54,1764125576995,10:53:56,1764125576540,1.596,1.5993,-0.2063,25973.37,0.9106,0.8855,0,0,1.596,1.009,1.596,1495100,1.595,12453100,1.594,10547500,1.593,8673500,1.592,2594000,1.597,8302000,1.598,8662900,1.599,7184400,1.6,2320000,1.601,2340600,10:52:56.568,10:52:54,26025.15,26006.0,0.45,0,0.44
sz159920,10:52:54,1764125577980,10:53:57,1764125577409,1.596,1.5993,-0.2063,25973.37,0.9106,1.137,0,0,1.596,0.985,1.596,1495100,1.595,12453100,1.594,10547500,1.593,8673500,1.592,2594000,1.597,8302000,1.598,8662900,1.599,7184400,1.6,2320000,1.601,2340600,10:52:57.573,10:52:57,26020.94,26007.0,0.2,19,0.42
sz159920,10:52:57,1764125578987,10:53:58,1764125578711,1.596,1.5993,-0.2063,25970.86,0.9106,1.137,0,0,1.596,1.007,1.596,1495100,1.595,12453100,1.594,10547500,1.593,8673500,1.592,2594000,1.597,8302000,1.598,8671800,1.599,7184400,1.6,2320000,1.601,2340600,10:52:58.573,10:52:57,26020.94,26007.0,0.2,0,0.42
sz159920,10:52:57,1764125580001,10:53:59,1764125579361,1.596,1.5993,-0.2063,25970.86,0.9106,1.5351,0,0,1.596,1.014,1.596,1495100,1.595,12453100,1.594,10547500,1.593,8673500,1.592,2594000,1.597,8302000,1.598,8671800,1.599,7184400,1.6,2320000,1.601,2340600,10:52:59.631,10:52:59,26021.12,26008.0,0.8,0,0.42
sz159920,10:52:57,1764125580989,10:54:00,1764125580960,1.596,1.5993,-0.2063,25970.62,0.9106,1.7196,0,0,1.596,0.988,1.596,1495100,1.595,12453100,1.594,10547500,1.593,8673500,1.592,2594000,1.597,8302000,1.598,8671800,1.599,7184400,1.6,2320000,1.601,2340600,10:53:00.579,10:53:00,26029.6,26011.0,-0.64,3,0.46
sz159920,10:52:57,1764125582000,10:54:01,1764125581524,1.596,1.5993,-0.2063,25970.62,0.9106,4.1261,0,0,1.596,1.011,1.596,1495100,1.595,12453100,1.594,10547500,1.593,8673500,1.592,2594000,1.597,8302000,1.598,8671800,1.599,7184400,1.6,2320000,1.601,2340600,10:53:01.579,10:53:01,26028.71,26011.0,-0.4,0,0.45
sz159920,10:53:00,1764125583000,10:54:02,1764125582382,1.596,1.5993,-0.2063,25971.95,0.9106,3.6827,0,0,1.596,1.0,1.596,2710600,1.595,12453100,1.594,10546900,1.593,8673500,1.592,2594000,1.597,7302400,1.598,8671800,1.599,7184400,1.6,2320000,1.601,2340600,10:53:02.583,10:53:02,26025.72,26014.0,-0.4,6,0.44
sz159920,10:53:00,1764125583990,10:54:03,1764125583565,1.596,1.5993,-0.2063,25971.95,0.9106,3.4131,0,0,1.596,0.989,1.596,2710600,1.595,12453100,1.594,10546900,1.593,8673500,1.592,2594000,1.597,7302400,1.598,8671800,1.599,7184400,1.6,2320000,1.601,2340600,10:53:03.595,10:53:02,26025.72,26014.0,-0.4,0,0.44
sz159920,10:53:00,1764125585008,10:54:04,1764125584491,1.596,1.5993,-0.2063,25970.99,0.9106,2.8274,0,0,1.596,1.018,1.596,2710600,1.595,12453100,1.594,10546900,1.593,8673500,1.592,2594000,1.597,7302400,1.598,8671800,1.599,7184400,1.6,2320000,1.601,2340600,10:53:04.594,10:53:03,26026.4,26012.0,0.2,0,0.45
sz159920,10:53:03,1764125586007,10:54:05,1764125585360,1.597,1.5996,-0.1625,25970.99,0.9106,2.8274,11700,18685,1.597,1.0,1.596,3662400,1.595,11590400,1.594,10496900,1.593,4813900,1.592,2594000,1.597,5396600,1.598,9871800,1.599,8044000,1.6,2320000,1.601,2340600,10:53:05.594,10:53:03,26026.4,26012.0,0.2,0,0.45
sz159920,10:53:03,1764125587008,10:54:06,1764125586393,1.597,1.5996,-0.1625,25973.75,0.9106,2.6932,0,0,1.597,1.001,1.596,3662400,1.595,11590400,1.594,10496900,1.593,4813900,1.592,2594000,1.597,5396600,1.598,9871800,1.599,8044000,1.6,2320000,1.601,2340600,10:53:06.590,10:53:03,26026.4,26012.0,0.2,0,0.45
sz159920,10:53:03,1764125588000,10:54:07,1764125587462,1.597,1.5996,-0.1625,25973.75,0.9106,3.4341,0,0,1.597,0.991,1.596,3662400,1.595,11590400,1.594,10496900,1.593,4813900,1.592,2594000,1.597,5396600,1.598,9871800,1.599,8044000,1.6,2320000,1.601,2340600,10:53:07.606,10:53:07,26025.49,26010.0,0.09,1,0.44
sz159920,10:53:06,1764125589005,10:54:08,1764125588490,1.597,1.5996,-0.1625,25972.53,0.9106,3.4341,0,0,1.597,1.006,1.596,3662400,1.595,11590400,1.594,10496900,1.593,7813900,1.592,2594000,1.597,6603300,1.598,8681800,1.599,8044000,1.6,2320000,1.601,2340600,10:53:08.599,10:53:08,26023.67,26010.0,0.27,1,0.43
sz159920,10:53:06,1764125590002,10:54:09,1764125589582,1.597,1.5996,-0.1625,25972.53,0.9106,2.7484,0,0,1.597,0.997,1.596,3662400,1.595,11590400,1.594,10496900,1.593,7813900,1.592,2594000,1.597,6603300,1.598,8681800,1.599,8044000,1.6,2320000,1.601,2340600,10:53:09.605,10:53:09,26023.88,26011.0,0.0,1,0.44
sz159920,10:53:06,1764125591007,10:54:10,1764125590429,1.597,1.5996,-0.1625,25972.52,0.9106,2.5851,0,0,1.597,1.004,1.596,3662400,1.595,11590400,1.594,10496900,1.593,7813900,1.592,2594000,1.597,6603300,1.598,8681800,1.599,8044000,1.6,2320000,1.601,2340600,10:53:10.609,10:53:09,26023.88,26011.0,0.0,0,0.44
sz159920,10:53:09,1764125592006,10:54:11,1764125591752,1.597,1.5996,-0.1625,25972.52,0.9106,2.5851,10000,15970,1.597,0.999,1.596,2799700,1.595,12453100,1.594,10498900,1.593,7813900,1.592,2594000,1.597,7452900,1.598,8681800,1.599,8044000,1.6,2320000,1.601,2340600,10:53:11.615,10:53:11,26027.82,26010.0,-0.5,2,0.45
sz159920,10:53:09,1764125593086,10:54:12,1764125592470,1.597,1.5996,-0.1625,25974.66,0.9106,1.9028,0,0,1.597,1.081,1.596,2799700,1.595,12453100,1.594,10498900,1.593,7813900,1.592,2594000,1.597,7452900,1.598,8681800,1.599,8044000,1.6,2320000,1.601,2340600,10:53:12.689,10:53:11,26027.82,26010.0,-0.5,0,0.45
sz159920,10:53:12,1764125594020,10:54:13,1764125594005,1.597,1.5996,-0.1625,25974.66,0.9106,1.9028,0,0,1.597,0.933,1.596,1653900,1.595,12453100,1.594,10508900,1.593,7813900,1.592,2594000,1.597,7452900,1.598,8681800,1.599,8044000,1.6,2471400,1.601,2340600,10:53:13.609,10:53:12,26021.12,26008.0,-0.14,0,0.42
sz159920,10:53:12,1764125595015,10:54:14,1764125594393,1.597,1.5996,-0.1625,25973.49,0.9106,2.4231,0,0,1.597,0.996,1.596,1653900,1.595,12453100,1.594,10508900,1.593,7813900,1.592,2594000,1.597,7452900,1.598,8681800,1.599,8044000,1.6,2471400,1.601,2340600,10:53:14.628,10:53:14,26025.15,26008.0,0.0,1,0.44
sz159920,10:53:12,1764125596015,10:54:15,1764125595447,1.597,1.5996,-0.1625,25973.49,0.9106,3.3047,0,0,1.597,1.0,1.596,1653900,1.595,12453100,1.594,10508900,1.593,7813900,1.592,2594000,1.597,7452900,1.598,8681800,1.599,8044000,1.6,2471400,1.601,2340600,10:53:15.640,10:53:15,26026.04,26008.0,0.67,1,0.44
sz159920,10:53:12,1764125597015,10:54:16,1764125596472,1.597,1.5996,-0.1625,25974.8,0.9106,3.3797,0,0,1.597,1.0,1.596,1653900,1.595,12453100,1.594,10508900,1.593,7813900,1.592,2594000,1.597,7452900,1.598,8681800,1.599,8044000,1.6,2471400,1.601,2340600,10:53:16.634,10:53:15,26026.04,26008.0,0.67,0,0.44
sz159920,10:53:12,1764125598015,10:54:17,1764125597397,1.597,1.5996,-0.1625,25974.8,0.9106,3.18,0,0,1.597,1.0,1.596,1653900,1.595,12453100,1.594,10508900,1.593,7813900,1.592,2594000,1.597,7452900,1.598,8681800,1.599,8044000,1.6,2471400,1.601,2340600,10:53:17.718,10:53:17,26020.2,26007.0,0.56,4,0.42
sz159920,10:53:12,1764125599015,10:54:18,1764125598381,1.597,1.5996,-0.1625,25974.29,0.9106,3.1236,0,0,1.597,1.0,1.596,1653900,1.595,12453100,1.594,10508900,1.593,7813900,1.592,2594000,1.597,7452900,1.598,8681800,1.599,8044000,1.6,2471400,1.601,2340600,10:53:18.641,10:53:18,26020.03,26007.0,-0.43,1,0.42
sz159920,10:53:18,1764125600022,10:54:19,1764125599351,1.597,1.5996,-0.1625,25974.29,0.9106,2.977,35000,55895,1.597,1.006,1.596,1700700,1.595,12453100,1.594,10508900,1.593,7813900,1.592,2594000,1.597,7417900,1.598,8681800,1.599,8044000,1.6,2471400,1.601,2340600,10:53:19.648,10:53:19,26021.85,26006.0,0.67,1,0.43
sz159920,10:53:18,1764125601019,10:54:20,1764125600573,1.597,1.5996,-0.1625,25974.84,0.9106,2.8548,0,0,1.597,0.998,1.596,1700700,1.595,12453100,1.594,10508900,1.593,7813900,1.592,2594000,1.597,7417900,1.598,8681800,1.599,8044000,1.6,2471400,1.601,2340600,10:53:20.645,10:53:19,26021.85,26006.5,0.0,0,0.43
sz159920,10:53:18,1764125602024,10:54:21,1764125601490,1.597,1.5996,-0.1625,25974.84,0.9106,2.332,0,0,1.597,1.005,1.596,1700700,1.595,12453100,1.594,10508900,1.593,7813900,1.592,2594000,1.597,7417900,1.598,8681800,1.599,8044000,1.6,2471400,1.601,2340600,10:53:21.647,10:53:21,26023.37,26004.0,0.78,21,0.43
sz159920,10:53:18,1764125603033,10:54:22,1764125602628,1.597,1.5996,-0.1625,25974.26,0.9106,2.332,0,0,1.597,1.009,1.596,1700700,1.595,12453100,1.594,10508900,1.593,7813900,1.592,2594000,1.597,7417900,1.598,8681800,1.599,8044000,1.6,2471400,1.601,2340600,10:53:22.655,10:53:21,26023.37,26004.0,0.78,0,0.43
sz159920,10:53:21,1764125604026,10:54:23,1764125603427,1.597,1.5996,-0.1625,25974.26,0.9106,2.0978,0,0,1.597,0.993,1.596,1655600,1.595,12453100,1.594,10508900,1.593,7813900,1.592,2594000,1.597,8422900,1.598,8681800,1.599,8044000,1.6,2471400,1.601,2340600,10:53:23.644,10:53:23,26018.36,26006.0,-0.71,14,0.41
sz159920,10:53:21,1764125605037,10:54:24,1764125604790,1.597,1.5996,-0.1625,25973.2,0.9106,2.0538,0,0,1.597,1.011,1.596,1655600,1.595,12453100,1.594,10508900,1.593,7813900,1.592,2594000,1.597,8422900,1.598,8681800,1.599,8044000,1.6,2471400,1.601,2340600,10:53:24.650,10:53:24,26020.2,26008.0,-0.71,1,0.42
sz159920,10:53:24,1764125606030,10:54:25,1764125605360,1.596,1.5996,-0.2251,25973.2,0.9106,2.005,3600,5745,1.5958,0.993,1.596,1657000,1.595,12453100,1.594,10508900,1.593,7813900,1.592,2594000,1.597,7452900,1.598,8681800,1.599,8044000,1.6,2471400,1.601,2340600,10:53:25.649,10:53:25,26026.04,26008.5,0.05,7,0.44
sz159920,10:53:24,1764125607028,10:54:26,1764125606963,1.596,1.5996,-0.2251,25973.61,0.9106,2.005,0,0,1.596,0.998,1.596,1657000,1.595,12453100,1.594,10508900,1.593,7813900,1.592,2594000,1.597,7452900,1.598,8681800,1.599,8044000,1.6,2471400,1.601,2340600,10:53:26.665,10:53:25,26026.04,26008.5,0.05,0,0.44
sz159920,10:53:24,1764125608028,10:54:27,1764125607360,1.596,1.5996,-0.2251,25973.61,0.9106,1.596,0,0,1.596,1.0,1.596,1657000,1.595,12453100,1.594,10508900,1.593,7813900,1.592,2594000,1.597,7452900,1.598,8681800,1.599,8044000,1.6,2471400,1.601,2340600,10:53:27.669,10:53:27,26022.6,26005.0,0.71,1,0.43
sz159920,10:53:27,1764125609027,10:54:28,1764125608372,1.597,1.5996,-0.1625,25974.74,0.9106,2.0524,53000,84591,1.5961,0.999,1.596,1780000,1.595,12821900,1.594,10506900,1.593,7813900,1.592,2594000,1.597,8449900,1.598,8681800,1.599,8044000,1.6,2471400,1.601,2340600,10:53:28.664,10:53:27,26022.6,26005.0,0.71,0,0.43
sz159920,10:53:27,1764125610030,10:54:29,1764125609353,1.597,1.5996,-0.1625,25974.74,0.9106,1.8928,0,0,1.597,1.003,1.596,1780000,1.595,12821900,1.594,10506900,1.593,7813900,1.592,2594000,1.597,8449900,1.598,8681800,1.599,8044000,1.6,2471400,1.601,2340600,10:53:29.664,10:53:29,26020.7,26002.0,-0.14,3,0.42
sz159920,10:53:27,1764125611039,10:54:30,1764125610366,1.597,1.5996,-0.1625,25974.74,0.9106,1.6408,0,0,1.597,1.009,1.596,1780000,1.595,12821900,1.594,10506900,1.593,7813900,1.592,2594000,1.597,8449900,1.598,8681800,1.599,8044000,1.6,2471400,1.601,2340600,10:53:30.675,10:53:30,26019.9,26002.0,0.17,2,0.42
sz159920,10:53:30,1764125612051,10:54:30,1764125611291,1.596,1.5996,-0.2251,25972.68,0.9106,1.3782,597300,953291,1.596,1.011,1.595,8821900,1.594,10506900,1.593,7813900,1.592,5664000,1.591,2343500,1.596,89000,1.597,8449900,1.598,8681800,1.599,8044000,1.6,2401400,10:53:31.673,10:53:30,26019.9,26003.0,0.0,0,0.42
sz159920,10:53:30,1764125613044,10:54:32,1764125612449,1.596,1.5996,-0.2251,25971.79,0.9106,1.3782,0,0,1.596,0.993,1.595,8821900,1.594,10506900,1.593,7813900,1.592,5664000,1.591,2343500,1.596,89000,1.597,8449900,1.598,8681800,1.599,8044000,1.6,2401400,10:53:32.740,10:53:32,26022.48,26004.0,-0.2,1,0.43
sz159920,10:53:30,1764125614070,10:54:33,1764125613474,1.596,1.5996,-0.2251,25971.79,0.9106,1.5322,0,0,1.596,1.026,1.595,8821900,1.594,10506900,1.593,7813900,1.592,5664000,1.591,2343500,1.596,89000,1.597,8449900,1.598,8681800,1.599,8044000,1.6,2401400,10:53:33.665,10:53:33,26020.03,26005.0,-0.25,1,0.42
sz159920,10:53:33,1764125615048,10:54:34,1764125614493,1.597,1.5995,-0.1563,25971.2,0.9106,1.256,11700,18685,1.597,0.978,1.596,77400,1.595,12820400,1.594,10444100,1.593,7966500,1.592,2584000,1.597,8438200,1.598,8744400,1.599,7981400,1.6,2471400,1.601,2340600,10:53:34.684,10:53:33,26020.03,26005.0,-0.25,0,0.42
sz159920,10:53:33,1764125616043,10:54:35,1764125615662,1.597,1.5995,-0.1563,25971.2,0.9106,1.256,0,0,1.597,0.995,1.596,77400,1.595,12820400,1.594,10444100,1.593,7966500,1.592,2584000,1.597,8438200,1.598,8744400,1.599,7981400,1.6,2471400,1.601,2340600,10:53:35.697,10:53:35,26019.12,26004.0,-0.09,1,0.42
sz159920,10:53:33,1764125617074,10:54:36,1764125616380,1.597,1.5995,-0.1563,25971.5,0.9106,1.6228,0,0,1.597,1.031,1.596,77400,1.595,12820400,1.594,10444100,1.593,7966500,1.592,2584000,1.597,8438200,1.598,8744400,1.599,7981400,1.6,2471400,1.601,2340600,10:53:36.683,10:53:35,26019.12,26004.0,-0.09,0,0.42
sz159920,10:53:33,1764125618090,10:54:37,1764125617813,1.597,1.5995,-0.1563,25971.5,0.9106,2.5373,0,0,1.597,1.016,1.596,77400,1.595,12820400,1.594,10444100,1.593,7966500,1.592,2584000,1.597,8438200,1.598,8744400,1.599,7981400,1.6,2471400,1.601,2340600,10:53:37.682,10:53:37,26019.9,26004.0,-0.6,0,0.42
sz159920,10:53:36,1764125619053,10:54:38,1764125618387,1.597,1.5995,-0.1563,25974.96,0.9106,2.4156,0,0,1.597,0.964,1.596,86900,1.595,12828400,1.594,10506900,1.593,7803700,1.592,2084000,1.597,8458600,1.598,8181800,1.599,7499700,1.6,2475200,1.601,2340600,10:53:38.691,10:53:38,26016.52,26003.0,-0.11,1,0.41
sz159920,10:53:36,1764125620053,10:54:39,1764125619981,1.597,1.5995,-0.1563,25974.96,0.9106,2.4156,0,0,1.597,1.0,1.596,86900,1.595,12828400,1.594,10506900,1.593,7803700,1.592,2084000,1.597,8458600,1.598,8181800,1.599,7499700,1.6,2475200,1.601,2340600,10:53:39.693,10:53:38,26016.52,26003.0,-0.11,0,0.41
sz159920,10:53:39,1764125621053,10:54:40,1764125620371,1.597,1.5995,-0.1563,25973.16,0.9106,3.8475,0,0,1.597,1.0,1.596,119500,1.595,12923600,1.594,10506900,1.593,7803700,1.592,2084000,1.597,8458600,1.598,8182000,1.599,7544000,1.6,2475200,1.601,2340600,10:53:40.694,10:53:40,26020.7,26003.0,-0.2,1,0.42
sz159920,10:53:39,1764125622113,10:54:41,1764125621367,1.597,1.5995,-0.1563,25973.16,0.9106,3.232,0,0,1.597,1.06,1.596,119500,1.595,12923600,1.594,10506900,1.593,7803700,1.592,2084000,1.597,8458600,1.598,8182000,1.599,7544000,1.6,2475200,1.601,2340600,10:53:41.710,10:53:40,26020.7,26002.0,-0.4,0,0.42
sz159920,10:53:39,1764125623061,10:54:42,1764125622485,1.597,1.5995,-0.1563,25973.54,0.9106,2.755,0,0,1.597,0.948,1.596,119500,1.595,12923600,1.594,10506900,1.593,7803700,1.592,2084000,1.597,8458600,1.598,8182000,1.599,7544000,1.6,2475200,1.601,2340600,10:53:42.708,10:53:40,26020.7,26002.0,-0.4,0,0.42
sz159920,10:53:42,1764125624057,10:54:43,1764125623370,1.597,1.5995,-0.1563,25973.54,0.9106,2.2249,100,160,1.6,0.996,1.596,119400,1.595,8923600,1.594,10506900,1.593,7803700,1.592,2084000,1.597,8710500,1.598,8173100,1.599,7299800,1.6,2475200,1.601,2340600,10:53:43.711,10:53:43,26017.3,26002.0,-0.27,0,0.41
sz159920,10:53:42,1764125625056,10:54:44,1764125624388,1.597,1.5995,-0.1563,25972.76,0.9106,3.9711,0,0,1.597,0.999,1.596,119400,1.595,8923600,1.594,10506900,1.593,7803700,1.592,2084000,1.597,8710500,1.598,8173100,1.599,7299800,1.6,2475200,1.601,2340600,10:53:44.714,10:53:44,26019.9,26003.0,-0.17,7,0.42
sz159920,10:53:42,1764125626057,10:54:45,1764125625460,1.597,1.5995,-0.1563,25972.76,0.9106,2.7003,0,0,1.597,1.0,1.596,119400,1.595,8923600,1.594,10506900,1.593,7803700,1.592,2084000,1.597,8710500,1.598,8173100,1.599,7299800,1.6,2475200,1.601,2340600,10:53:45.719,10:53:44,26020.8,26005.0,0.14,0,0.42
sz159920,10:53:45,1764125627074,10:54:46,1764125626480,1.596,1.5995,-0.2188,25972.09,0.9106,2.4199,3300,5270,1.597,1.017,1.596,181700,1.595,12554800,1.594,10506900,1.593,7803700,1.592,2084000,1.597,9692100,1.598,8173100,1.599,7299800,1.6,2475200,1.601,2340600,10:53:46.714,10:53:46,26022.48,26003.0,0.2,0,0.43
sz159920,10:53:45,1764125628070,10:54:47,1764125627518,1.596,1.5995,-0.2188,25972.09,0.9106,2.0937,0,0,1.596,0.996,1.596,181700,1.595,12554800,1.594,10506900,1.593,7803700,1.592,2084000,1.597,9692100,1.598,8173100,1.599,7299800,1.6,2475200,1.601,2340600,10:53:47.714,10:53:46,26022.48,26003.0,0.2,0,0.43
sz159920,10:53:45,1764125629066,10:54:48,1764125628700,1.596,1.5995,-0.2188,25971.37,0.9106,1.0611,0,0,1.596,0.996,1.596,181700,1.595,12554800,1.594,10506900,1.593,7803700,1.592,2084000,1.597,9692100,1.598,8173100,1.599,7299800,1.6,2475200,1.601,2340600,10:53:48.724,10:53:48,26018.1,26001.0,-0.43,22,0.41
sz159920,10:53:48,1764125630071,10:54:49,1764125629420,1.596,1.5995,-0.2188,25971.37,0.9106,1.3782,0,0,1.596,1.004,1.596,119300,1.595,8554300,1.594,10506900,1.593,7803700,1.592,5084000,1.597,9701000,1.598,8223000,1.599,7299800,1.6,2475200,1.601,2340600,10:53:49.735,10:53:49,26018.92,25999.5,0.0,2,0.42
sz159920,10:53:48,1764125631069,10:54:50,1764125630809,1.596,1.5995,-0.2188,25970.67,0.9106,1.3782,0,0,1.596,0.998,1.596,119300,1.595,8554300,1.594,10506900,1.593,7803700,1.592,5084000,1.597,9701000,1.598,8223000,1.599,7299800,1.6,2475200,1.601,2340600,10:53:50.723,10:53:50,26016.39,26000.0,0.14,1,0.41
sz159920,10:53:48,1764125632069,10:54:51,1764125631361,1.596,1.5995,-0.2188,25970.67,0.9106,1.5559,0,0,1.596,1.001,1.596,119300,1.595,8554300,1.594,10506900,1.593,7803700,1.592,5084000,1.597,9701000,1.598,8223000,1.599,7299800,1.6,2475200,1.601,2340600,10:53:51.731,10:53:51,26014.68,26002.0,-0.71,3,0.4
sz159920,10:53:51,1764125633078,10:54:52,1764125633063,1.596,1.5996,-0.2251,25970.84,0.9106,1.5559,81500,130074,1.596,1.009,1.596,153500,1.595,8549300,1.594,10506900,1.593,7803700,1.592,5084000,1.597,9701000,1.598,8223000,1.599,7277300,1.6,2475200,1.601,2340600,10:53:52.746,10:53:51,26014.68,26002.0,-0.71,0,0.4
sz159920,10:53:51,1764125634078,10:54:53,1764125633364,1.596,1.5996,-0.2251,25970.84,0.9106,1.519,0,0,1.596,1.0,1.596,153500,1.595,8549300,1.594,10506900,1.593,7803700,1.592,5084000,1.597,9701000,1.598,8223000,1.599,7277300,1.6,2475200,1.601,2340600,10:53:53.744,10:53:51,26014.68,26002.0,-0.71,0,0.4
sz159920,10:53:51,1764125635083,10:54:54,1764125634361,1.596,1.5996,-0.2251,25968.93,0.9106,1.3242,0,0,1.596,1.005,1.596,153500,1.595,8549300,1.594,10506900,1.593,7803700,1.592,5084000,1.597,9701000,1.598,8223000,1.599,7277300,1.6,2475200,1.601,2340600,10:53:54.749,10:53:51,26014.68,26002.0,-0.71,0,0.4
sz159920,10:53:54,1764125636078,10:54:55,1764125635361,1.596,1.5996,-0.2251,25968.93,0.9106,1.7799,0,0,1.596,0.995,1.596,133000,1.595,11542300,1.594,10506900,1.593,7803700,1.592,2084000,1.597,9701000,1.598,8223000,1.599,7321600,1.6,2475200,1.601,2340600,10:53:55.746,10:53:55,26019.28,26007.0,0.0,2,0.42
sz159920,10:53:54,1764125637087,10:54:56,1764125636369,1.596,1.5996,-0.2251,25970.55,0.9106,1.54,0,0,1.596,1.01,1.596,133000,1.595,11542300,1.594,10506900,1.593,7803700,1.592,2084000,1.597,9701000,1.598,8223000,1.599,7321600,1.6,2475200,1.601,2340600,10:53:56.794,10:53:55,26019.28,26007.0,0.0,0,0.42
sz159920,10:53:54,1764125638074,10:54:57,1764125637374,1.596,1.5996,-0.2251,25970.55,0.9106,1.1936,0,0,1.596,0.987,1.596,133000,1.595,11542300,1.594,10506900,1.593,7803700,1.592,2084000,1.597,9701000,1.598,8223000,1.599,7321600,1.6,2475200,1.601,2340600,10:53:57.738,10:53:55,26019.28,26007.0,0.0,0,0.42
sz159920,10:53:57,1764125639074,10:54:58,1764125638357,1.597,1.5996,-0.1625,25969.17,0.9106,1.125,67600,107957,1.597,1.001,1.596,1207300,1.595,12542300,1.594,10506900,1.593,7803700,1.592,2085500,1.597,8703400,1.598,8218000,1.599,7321600,1.6,2475200,1.601,2340600,10:53:58.743,10:53:55,26019.28,26007.0,0.0,0,0.42
sz159920,10:53:57,1764125640088,10:54:59,1764125639492,1.597,1.5996,-0.1625,25969.17,0.9106,0.9091,0,0,1.597,1.014,1.596,1207300,1.595,12542300,1.594,10506900,1.593,7803700,1.592,2085500,1.597,8703400,1.598,8218000,1.599,7321600,1.6,2475200,1.601,2340600,10:53:59.748,10:53:55,26019.28,26007.0,0.0,0,0.42
sz159920,10:53:57,1764125641083,10:55:00,1764125640359,1.597,1.5996,-0.1625,25969.69,0.9106,0.9091,0,0,1.597,0.995,1.596,1207300,1.595,12542300,1.594,10506900,1.593,7803700,1.592,2085500,1.597,8703400,1.598,8218000,1.599,7321600,1.6,2475200,1.601,2340600,10:54:00.743,10:54:00,26023.37,26005.0,0.67,1,0.43
sz159920,10:54:00,1764125642075,10:55:01,1764125641662,1.597,1.5996,-0.1625,25969.69,0.9106,0.9904,0,0,1.597,0.993,1.596,1247300,1.595,12542300,1.594,10506900,1.593,7803700,1.592,2085500,1.597,9703400,1.598,8218000,1.599,7321600,1.6,2475200,1.601,2340600,10:54:01.753,10:54:01,26026.93,26008.0,0.71,2,0.45
sz159920,10:54:00,1764125643082,10:55:02,1764125642381,1.597,1.5996,-0.1625,25970.1,0.9106,0.9412,0,0,1.597,1.006,1.596,1247300,1.595,12542300,1.594,10506900,1.593,7803700,1.592,2085500,1.597,9703400,1.598,8218000,1.599,7321600,1.6,2475200,1.601,2340600,10:54:02.750,10:54:02,26022.04,26009.5,-0.75,1,0.43
sz159920,10:54:00,1764125644089,10:55:03,1764125643851,1.597,1.5996,-0.1625,25970.1,0.9106,0.9865,0,0,1.597,1.008,1.596,1247300,1.595,12542300,1.594,10506900,1.593,7803700,1.592,2085500,1.597,9703400,1.598,8218000,1.599,7321600,1.6,2475200,1.601,2340600,10:54:03.758,10:54:03,26027.1,26011.0,0.33,0,0.45
sz159920,10:54:03,1764125645095,10:55:04,1764125644386,1.597,1.5996,-0.1625,25971.93,0.9106,1.2619,0,0,1.597,1.006,1.596,1247300,1.595,12542300,1.594,10506900,1.593,7803700,1.592,2085500,1.597,8703500,1.598,8218000,1.599,7322000,1.6,2475200,1.601,2340600,10:54:04.769,10:54:04,26025.49,26009.0,0.5,1,0.44
sz159920,10:54:03,1764125646087,10:55:05,1764125646018,1.597,1.5996,-0.1625,25971.93,0.9106,1.1209,0,0,1.597,0.992,1.596,1247300,1.595,12542300,1.594,10506900,1.593,7803700,1.592,2085500,1.597,8703500,1.598,8218000,1.599,7322000,1.6,2475200,1.601,2340600,10:54:05.763,10:54:05,26022.04,26009.0,-0.67,7,0.43
sz159920,10:54:03,1764125647101,10:55:06,1764125646394,1.597,1.5996,-0.1625,25973.45,0.9106,3.0216,0,0,1.597,1.014,1.596,1247300,1.595,12542300,1.594,10506900,1.593,7803700,1.592,2085500,1.597,8703500,1.598,8218000,1.599,7322000,1.6,2475200,1.601,2340600,10:54:06.775,10:54:05,26022.04,26009.0,-0.67,0,0.43
sz159920,10:54:06,1764125648101,10:55:07,1764125647355,1.597,1.5995,-0.1563,25973.45,0.9106,2.7665,0,0,1.597,1.0,1.596,1247300,1.595,12544300,1.594,10508100,1.593,7803700,1.592,2085500,1.597,8703500,1.598,8218000,1.599,7322000,1.6,2475200,1.601,2340600,10:54:07.784,10:54:07,26024.58,26010.0,0.56,3,0.44
sz159920,10:54:06,1764125649102,10:55:08,1764125648380,1.597,1.5995,-0.1563,25975.36,0.9106,3.6393,0,0,1.597,1.001,1.596,1247300,1.595,12544300,1.594,10508100,1.593,7803700,1.592,2085500,1.597,8703500,1.598,8218000,1.599,7322000,1.6,2475200,1.601,2340600,10:54:08.781,10:54:08,26024.58,26009.5,0.33,1,0.44
sz159920,10:54:06,1764125650089,10:55:09,1764125649367,1.597,1.5995,-0.1563,25975.36,0.9106,3.6393,0,0,1.597,0.988,1.596,1247300,1.595,12544300,1.594,10508100,1.593,7803700,1.592,2085500,1.597,8703500,1.598,8218000,1.599,7322000,1.6,2475200,1.601,2340600,10:54:09.784,10:54:08,26024.58,26009.5,0.33,0,0.44
sz159920,10:54:06,1764125651091,10:55:10,1764125650369,1.597,1.5995,-0.1563,25974.25,0.9106,3.1177,0,0,1.597,1.002,1.596,1247300,1.595,12544300,1.594,10508100,1.593,7803700,1.592,2085500,1.597,8703500,1.598,8218000,1.599,7322000,1.6,2475200,1.601,2340600,10:54:10.779,10:54:10,26024.4,26008.0,0.08,3,0.44
sz159920,10:54:09,1764125652102,10:55:11,1764125651359,1.597,1.5995,-0.1563,25974.25,0.9106,2.6539,0,0,1.597,1.01,1.596,1247300,1.595,12544300,1.594,10508100,1.593,7803700,1.592,2085500,1.597,8713500,1.598,8218000,1.599,7322000,1.6,2475200,1.601,2340600,10:54:11.788,10:54:11,26025.15,26007.0,-0.25,0,0.44
sz159920,10:54:09,1764125653114,10:55:12,1764125652510,1.597,1.5995,-0.1563,25975.17,0.9106,2.2535,0,0,1.597,1.012,1.596,1247300,1.595,12544300,1.594,10508100,1.593,7803700,1.592,2085500,1.597,8713500,1.598,8218000,1.599,7322000,1.6,2475200,1.601,2340600,10:54:12.792,10:54:11,26025.15,26007.0,-0.25,0,0.44
sz159920,10:54:12,1764125654106,10:55:13,1764125653362,1.597,1.5995,-0.1563,25975.17,0.9106,2.1444,0,0,1.597,0.992,1.596,1248300,1.595,12544300,1.594,10508100,1.593,7803700,1.592,2085500,1.597,9733500,1.598,8218000,1.599,7322000,1.6,2475600,1.601,2340600,10:54:13.793,10:54:11,26025.15,26007.0,-0.25,0,0.44
sz159920,10:54:12,1764125655102,10:55:14,1764125654672,1.597,1.5995,-0.1563,25970.65,0.9106,2.7355,0,0,1.597,0.996,1.596,1248300,1.595,12544300,1.594,10508100,1.593,7803700,1.592,2085500,1.597,9733500,1.598,8218000,1.599,7322000,1.6,2475600,1.601,2340600,10:54:14.794,10:54:14,26021.85,26008.0,0.29,8,0.43
sz159920,10:54:12,1764125656102,10:55:15,1764125655374,1.597,1.5995,-0.1563,25970.65,0.9106,2.2858,0,0,1.597,1.0,1.596,1248300,1.595,12544300,1.594,10508100,1.593,7803700,1.592,2085500,1.597,9733500,1.598,8218000,1.599,7322000,1.6,2475600,1.601,2340600,10:54:15.802,10:54:14,26021.85,26008.0,0.29,0,0.43
sz159920,10:54:15,1764125657101,10:55:16,1764125656861,1.597,1.5995,-0.1563,25972.81,0.9106,2.0458,45100,72025,1.597,0.999,1.596,1248300,1.595,12544300,1.594,10508100,1.593,7803700,1.592,2085500,1.597,8694100,1.598,8218000,1.599,7322000,1.6,2475600,1.601,2340600,10:54:16.798,10:54:15,26022.76,26008.0,0.44,0,0.43
sz159920,10:54:15,1764125658113,10:55:17,1764125657369,1.597,1.5995,-0.1563,25972.81,0.9106,2.8126,0,0,1.597,1.013,1.596,1248300,1.595,12544300,1.594,10508100,1.593,7803700,1.592,2085500,1.597,8694100,1.598,8218000,1.599,7322000,1.6,2475600,1.601,2340600,10:54:17.808,10:54:17,26019.28,26005.5,0.5,22,0.42
sz159920,10:54:15,1764125659123,10:55:18,1764125659102,1.597,1.5995,-0.1563,25973.11,0.9106,2.5527,0,0,1.597,1.009,1.596,1248300,1.595,12544300,1.594,10508100,1.593,7803700,1.592,2085500,1.597,8694100,1.598,8218000,1.599,7322000,1.6,2475600,1.601,2340600,10:54:18.804,10:54:17,26019.28,26005.5,0.5,0,0.42
sz159920,10:54:18,1764125660112,10:55:19,1764125659369,1.597,1.5995,-0.1563,25973.11,0.9106,2.6421,0,0,1.597,0.989,1.596,1377700,1.595,12544300,1.594,10508100,1.593,7803700,1.592,2085500,1.597,9694300,1.598,8218000,1.599,7322000,1.6,2475600,1.601,2341000,10:54:19.803,10:54:19,26024.26,26006.0,0.25,2,0.44
sz159920,10:54:18,1764125661110,10:55:20,1764125660360,1.597,1.5995,-0.1563,25973.96,0.9106,1.6999,0,0,1.597,0.999,1.596,1377700,1.595,12544300,1.594,10508100,1.593,7803700,1.592,2085500,1.597,9694300,1.598,8218000,1.599,7322000,1.6,2475600,1.601,2341000,10:54:20.813,10:54:20,26020.2,26006.0,-0.5,1,0.42
sz159920,10:54:18,1764125662107,10:55:21,1764125661367,1.597,1.5995,-0.1563,25973.96,0.9106,1.6999,0,0,1.597,0.997,1.596,1377700,1.595,12544300,1.594,10508100,1.593,7803700,1.592,2085500,1.597,9694300,1.598,8218000,1.599,7322000,1.6,2475600,1.601,2341000,10:54:21.813,10:54:20,26020.2,26006.0,-0.5,0,0.42
sz159920,10:54:21,1764125663110,10:55:22,1764125662382,1.597,1.5997,-0.1688,25972.5,0.9106,2.6538,38600,61623,1.5965,1.003,1.596,1105500,1.595,12544300,1.594,10508100,1.593,7803700,1.592,2085500,1.597,9676000,1.598,8218000,1.599,7322000,1.6,2475600,1.601,2341000,10:54:22.814,10:54:20,26020.2,26006.0,-0.5,0,0.42
sz159920,10:54:21,1764125664114,10:55:23,1764125663371,1.597,1.5997,-0.1688,25972.5,0.9106,2.6538,0,0,1.597,1.003,1.596,1105500,1.595,12544300,1.594,10508100,1.593,7803700,1.592,2085500,1.597,9676000,1.598,8218000,1.599,7322000,1.6,2475600,1.601,2341000,10:54:23.830,10:54:20,26020.2,26006.0,-0.5,0,0.42
sz159920,10:54:21,1764125665121,10:55:24,1764125664364,1.597,1.5997,-0.1688,25973.81,0.9106,1.4225,0,0,1.597,1.008,1.596,1105500,1.595,12544300,1.594,10508100,1.593,7803700,1.592,2085500,1.597,9676000,1.598,8218000,1.599,7322000,1.6,2475600,1.601,2341000,10:54:24.830,10:54:23,26022.6,26006.0,-0.43,0,0.43
sz159920,10:54:24,1764125666119,10:55:25,1764125665535,1.596,1.5997,-0.2313,25973.81,0.9106,2.8482,15700,25058,1.5961,0.997,1.596,1109800,1.595,12544300,1.594,10508100,1.593,7803700,1.592,2085500,1.597,9676000,1.598,8218000,1.599,7322000,1.6,2475600,1.601,2341000,10:54:25.816,10:54:25,26022.48,26004.0,-0.75,3,0.43
sz159920,10:54:24,1764125667125,10:55:26,1764125666375,1.596,1.5997,-0.2313,25972.25,0.9106,2.8482,0,0,1.596,1.006,1.596,1109800,1.595,12544300,1.594,10508100,1.593,7803700,1.592,2085500,1.597,9676000,1.598,8218000,1.599,7322000,1.6,2475600,1.601,2341000,10:54:26.833,10:54:26,26023.37,26007.0,-0.67,0,0.43
sz159920,10:54:24,1764125668116,10:55:27,1764125667743,1.596,1.5997,-0.2313,25972.25,0.9106,2.6764,0,0,1.596,0.991,1.596,1109800,1.595,12544300,1.594,10508100,1.593,7803700,1.592,2085500,1.597,9676000,1.598,8218000,1.599,7322000,1.6,2475600,1.601,2341000,10:54:27.823,10:54:26,26023.37,26006.0,-0.69,0,0.43
sz159920,10:54:27,1764125669123,10:55:28,1764125668389,1.596,1.5997,-0.2313,25970.98,0.9106,2.5503,0,0,1.596,1.007,1.596,398000,1.595,12550500,1.594,10508100,1.593,7803700,1.592,2085500,1.597,9676000,1.598,8218000,1.599,7322000,1.6,2475600,1.601,2341000,10:54:28.838,10:54:28,26020.03,26005.0,0.43,1,0.42
sz159920,10:54:27,1764125670126,10:55:29,1764125669878,1.596,1.5997,-0.2313,25970.98,0.9106,2.8742,0,0,1.596,1.003,1.596,398000,1.595,12550500,1.594,10508100,1.593,7803700,1.592,2085500,1.597,9676000,1.598,8218000,1.599,7322000,1.6,2475600,1.601,2341000,10:54:29.850,10:54:29,26023.37,26005.0,0.43,0,0.43
sz159920,10:54:27,1764125671130,10:55:30,1764125670370,1.596,1.5997,-0.2313,25973.53,0.9106,2.5429,0,0,1.596,1.004,1.596,398000,1.595,12550500,1.594,10508100,1.593,7803700,1.592,2085500,1.597,9676000,1.598,8218000,1.599,7322000,1.6,2475600,1.601,2341000,10:54:30.853,10:54:30,26019.28,26006.0,-0.11,1,0.42
sz159920,10:54:30,1764125672118,10:55:31,1764125672040,1.596,1.5997,-0.2313,25973.53,0.9106,3.4938,100,159,1.59,0.989,1.596,447900,1.595,12550500,1.594,10508100,1.593,7803700,1.592,2085500,1.597,9676200,1.598,8218000,1.599,7322000,1.6,2475600,1.601,2341000,10:54:31.865,10:54:30,26019.28,26006.0,-0.11,0,0.42
sz159920,10:54:30,1764125673134,10:55:32,1764125672391,1.596,1.5997,-0.2313,25974.09,0.9106,3.4368,0,0,1.596,1.016,1.596,447900,1.595,12550500,1.594,10508100,1.593,7803700,1.592,2085500,1.597,9676200,1.598,8218000,1.599,7322000,1.6,2475600,1.601,2341000,10:54:32.872,10:54:31,26022.76,26008.0,-0.33,0,0.43
sz159920,10:54:30,1764125674122,10:55:33,1764125673361,1.596,1.5997,-0.2313,25974.09,0.9106,3.2008,0,0,1.596,0.988,1.596,447900,1.595,12550500,1.594,10508100,1.593,7803700,1.592,2085500,1.597,9676200,1.598,8218000,1.599,7322000,1.6,2475600,1.601,2341000,10:54:33.864,10:54:31,26022.76,26008.0,-0.33,0,0.43
sz159920,10:54:30,1764125675139,10:55:34,1764125674371,1.596,1.5997,-0.2313,25972.27,0.9106,3.1136,0,0,1.596,1.017,1.596,447900,1.595,12550500,1.594,10508100,1.593,7803700,1.592,2085500,1.597,9676200,1.598,8218000,1.599,7322000,1.6,2475600,1.601,2341000,10:54:34.875,10:54:34,26022.6,26006.0,0.43,1,0.43
sz159920,10:54:33,1764125676136,10:55:35,1764125675360,1.596,1.5997,-0.2313,25972.27,0.9106,3.3021,0,0,1.596,0.996,1.596,2150000,1.595,12550500,1.594,10508100,1.593,7803700,1.592,2085500,1.597,8676200,1.598,8218000,1.599,7322000,1.6,2525600,1.601,2341000,10:54:35.852,10:54:34,26022.6,26006.0,0.43,0,0.43
sz159920,10:54:33,1764125677130,10:55:36,1764125676397,1.596,1.5997,-0.2313,25972.37,0.9106,2.9671,0,0,1.596,0.994,1.596,2150000,1.595,12550500,1.594,10508100,1.593,7803700,1.592,2085500,1.597,8676200,1.598,8218000,1.599,7322000,1.6,2525600,1.601,2341000,10:54:36.856,10:54:34,26022.6,26006.0,0.43,0,0.43
sz159920,10:54:36,1764125678136,10:55:37,1764125677354,1.597,1.5997,-0.1688,25972.37,0.9106,2.3129,18500,29545,1.597,1.006,1.596,2150300,1.595,12550500,1.594,10508100,1.593,7803700,1.592,2085500,1.597,9657700,1.598,8218000,1.599,7322000,1.6,2525600,1.601,2341000,10:54:37.863,10:54:34,26022.6,26006.0,0.43,0,0.43
sz159920,10:54:36,1764125679142,10:55:38,1764125678550,1.597,1.5997,-0.1688,25972.36,0.9106,2.2011,0,0,1.597,1.006,1.596,2150300,1.595,12550500,1.594,10508100,1.593,7803700,1.592,2085500,1.597,9657700,1.598,8218000,1.599,7322000,1.6,2525600,1.601,2341000,10:54:38.863,10:54:34,26022.6,26006.0,0.43,0,0.43
sz159920,10:54:36,1764125680138,10:55:39,1764125679367,1.597,1.5997,-0.1688,25972.36,0.9106,1.8615,0,0,1.597,0.996,1.596,2150300,1.595,12550500,1.594,10508100,1.593,7803700,1.592,2085500,1.597,9657700,1.598,8218000,1.599,7322000,1.6,2525600,1.601,2341000,10:54:39.870,10:54:34,26022.6,26006.0,0.43,0,0.43
sz159920,10:54:39,1764125681147,10:55:40,1764125680721,1.597,1.5997,-0.1688,25971.98,0.9106,2.4016,3400,5430,1.5971,1.009,1.596,2154200,1.595,12550500,1.594,10528100,1.593,7803700,1.592,2085500,1.597,9654100,1.598,8218000,1.599,7322000,1.6,2525600,1.601,2341000,10:54:40.868,10:54:40,26015.48,25999.5,-0.07,5,0.4
sz159920,10:54:39,1764125682146,10:55:41,1764125681740,1.597,1.5997,-0.1688,25971.98,0.9106,2.1621,0,0,1.597,0.999,1.596,2154200,1.595,12550500,1.594,10528100,1.593,7803700,1.592,2085500,1.597,9654100,1.598,8218000,1.599,7322000,1.6,2525600,1.601,2341000,10:54:41.878,10:54:40,26017.2,26000.0,0.8,0,0.41
sz159920,10:54:39,1764125683148,10:55:42,1764125682883,1.597,1.5997,-0.1688,25972.59,0.9106,1.7377,0,0,1.597,1.002,1.596,2154200,1.595,12550500,1.594,10528100,1.593,7803700,1.592,2085500,1.597,9654100,1.598,8218000,1.599,7322000,1.6,2525600,1.601,2341000,10:54:42.879,10:54:42,26022.48,26004.0,-0.27,17,0.43
sz159920,10:54:42,1764125684152,10:55:43,1764125683367,1.597,1.5997,-0.1688,25972.59,0.9106,1.8004,100,159,1.59,1.004,1.596,1459700,1.595,12522500,1.594,10528100,1.593,7803700,1.592,2085500,1.597,10125300,1.598,8218000,1.599,6822000,1.6,2525600,1.601,2341000,10:54:43.878,10:54:43,26017.3,26002.0,-0.33,19,0.41
sz159920,10:54:42,1764125685144,10:55:44,1764125685117,1.597,1.5997,-0.1688,25972.62,0.9106,2.7016,0,0,1.597,0.992,1.596,1459700,1.595,12522500,1.594,10528100,1.593,7803700,1.592,2085500,1.597,10125300,1.598,8218000,1.599,6822000,1.6,2525600,1.601,2341000,10:54:44.887,10:54:44,26014.68,26001.0,0.29,0,0.4
sz159920,10:54:42,1764125686149,10:55:45,1764125685371,1.597,1.5997,-0.1688,25972.62,0.9106,2.9885,0,0,1.597,1.005,1.596,1459700,1.595,12522500,1.594,10528100,1.593,7803700,1.592,2085500,1.597,10125300,1.598,8218000,1.599,6822000,1.6,2525600,1.601,2341000,10:54:45.888,10:54:45,26016.52,26002.0,-0.27,0,0.41
sz159920,10:54:45,1764125687144,10:55:46,1764125686381,1.597,1.5997,-0.1688,25972.06,0.9106,2.9885,0,0,1.597,0.995,1.596,1469700,1.595,12522500,1.594,10528100,1.593,7803700,1.592,2085500,1.597,10169000,1.598,8218000,1.599,6822000,1.6,2525600,1.601,2341000,10:54:46.891,10:54:46,26021.59,26003.0,-0.71,1,0.43
sz159920,10:54:45,1764125688145,10:55:47,1764125687351,1.597,1.5997,-0.1688,25972.06,0.9106,2.7351,0,0,1.597,1.001,1.596,1469700,1.595,12522500,1.594,10528100,1.593,7803700,1.592,2085500,1.597,10169000,1.598,8218000,1.599,6822000,1.6,2525600,1.601,2341000,10:54:47.887,10:54:46,26021.59,26003.0,-0.71,0,0.43
sz159920,10:54:45,1764125689152,10:55:48,1764125688389,1.597,1.5997,-0.1688,25971.75,0.9106,2.641,0,0,1.597,1.007,1.596,1469700,1.595,12522500,1.594,10528100,1.593,7803700,1.592,2085500,1.597,10169000,1.598,8218000,1.599,6822000,1.6,2525600,1.601,2341000,10:54:48.903,10:54:46,26021.59,26003.0,-0.71,0,0.43
sz159920,10:54:45,1764125690154,10:55:49,1764125689408,1.597,1.5997,-0.1688,25971.75,0.9106,2.5148,0,0,1.597,1.002,1.596,1469700,1.595,12522500,1.594,10528100,1.593,7803700,1.592,2085500,1.597,10169000,1.598,8218000,1.599,6822000,1.6,2525600,1.601,2341000,10:54:49.893,10:54:46,26021.59,26003.0,-0.71,0,0.43
sz159920,10:54:48,1764125691153,10:55:50,1764125690376,1.596,1.5997,-0.2313,25974.4,0.9106,2.9787,4200,6703,1.596,0.999,1.596,1805500,1.595,11522500,1.594,10528100,1.593,7803700,1.592,2085500,1.597,10169000,1.598,8218000,1.599,6822000,1.6,2525600,1.601,2341000,10:54:50.905,10:54:50,26014.57,25998.0,-0.6,5,0.4
sz159920,10:54:48,1764125692153,10:55:51,1764125691587,1.596,1.5997,-0.2313,25974.4,0.9106,3.0375,0,0,1.596,1.0,1.596,1805500,1.595,11522500,1.594,10528100,1.593,7803700,1.592,2085500,1.597,10169000,1.598,8218000,1.599,6822000,1.6,2525600,1.601,2341000,10:54:51.909,10:54:50,26014.57,25998.0,-0.6,0,0.4
sz159920,10:54:51,1764125693162,10:55:52,1764125692392,1.596,1.5995,-0.2188,25971.94,0.9106,3.291,1397300,2230091,1.596,1.009,1.596,498200,1.595,9022500,1.594,10528100,1.593,7803700,1.592,5085500,1.597,10227100,1.598,8218000,1.599,6822000,1.6,2525600,1.601,2341000,10:54:52.902,10:54:52,26012.84,25995.5,0.2,1,0.39
sz159920,10:54:51,1764125694155,10:55:52,1764125693854,1.596,1.5995,-0.2188,25971.94,0.9106,2.8898,0,0,1.596,0.993,1.596,498200,1.595,9022500,1.594,10528100,1.593,7803700,1.592,5085500,1.597,10227100,1.598,8218000,1.599,6822000,1.6,2525600,1.601,2341000,10:54:53.908,10:54:53,26011.84,25997.0,-0.56,1,0.39
sz159920,10:54:51,1764125695162,10:55:54,1764125694388,1.596,1.5995,-0.2188,25969.09,0.9106,3.1592,0,0,1.596,1.006,1.596,498200,1.595,9022500,1.594,10528100,1.593,7803700,1.592,5085500,1.597,10227100,1.598,8218000,1.599,6822000,1.6,2525600,1.601,2341000,10:54:54.918,10:54:54,26011.84,25997.0,-0.75,1,0.39
sz159920,10:54:54,1764125696159,10:55:55,1764125695954,1.596,1.5995,-0.2188,25969.09,0.9106,3.5714,498200,795127,1.596,0.998,1.595,9022500,1.594,10528100,1.593,8753300,1.592,5155500,1.591,1843500,1.596,2282100,1.597,10243100,1.598,8218000,1.599,5962400,1.6,2455600,10:54:55.916,10:54:55,26013.6,25997.0,0.0,1,0.4
sz159920,10:54:54,1764125697162,10:55:56,1764125696367,1.596,1.5995,-0.2188,25967.59,0.9106,4.0669,0,0,1.596,1.002,1.595,9022500,1.594,10528100,1.593,8753300,1.592,5155500,1.591,1843500,1.596,2282100,1.597,10243100,1.598,8218000,1.599,5962400,1.6,2455600,10:54:56.917,10:54:56,26009.16,25996.0,-0.23,1,0.38
sz159920,10:54:54,1764125698163,10:55:56,1764125698102,1.596,1.5995,-0.2188,25967.59,0.9106,4.0669,0,0,1.596,1.001,1.595,9022500,1.594,10528100,1.593,8753300,1.592,5155500,1.591,1843500,1.596,2282100,1.597,10243100,1.598,8218000,1.599,5962400,1.6,2455600,10:54:57.919,10:54:57,26014.47,25994.0,-0.5,6,0.4
sz159920,10:54:54,1764125699168,10:55:58,1764125698405,1.596,1.5995,-0.2188,25964.88,0.9106,3.4332,0,0,1.596,1.005,1.595,9022500,1.594,10528100,1.593,8753300,1.592,5155500,1.591,1843500,1.596,2282100,1.597,10243100,1.598,8218000,1.599,5962400,1.6,2455600,10:54:58.930,10:54:57,26014.47,25994.0,-0.5,0,0.4
sz159920,10:54:57,1764125700161,10:55:59,1764125699367,1.596,1.5995,-0.2188,25964.88,0.9106,3.4332,0,0,1.596,0.993,1.595,4300200,1.594,11265200,1.593,8879000,1.592,8155500,1.591,1843500,1.596,6604400,1.597,9115800,1.598,8217900,1.599,2809800,1.6,2455600,10:54:59.933,10:54:58,26009.16,25994.0,-0.56,0,0.38
sz159920,10:54:57,1764125701418,10:56:01,1764125701391,1.596,1.5995,-0.2188,25969.62,0.9106,4.0837,0,0,1.596,1.257,1.595,4300200,1.594,11265200,1.593,8879000,1.592,8155500,1.591,1843500,1.596,6604400,1.597,9115800,1.598,8217900,1.599,2809800,1.6,2455600,10:55:00.935,10:55:00,26013.58,25994.0,-0.8,0,0.4
sz159920,10:55:00,1764125702185,10:56:01,1764125701391,1.596,1.5995,-0.2188,25969.62,0.9106,4.0837,500,798,1.596,0.767,1.595,4300200,1.594,11265200,1.593,8879000,1.592,8155500,1.591,1843500,1.596,7463600,1.597,9136700,1.598,8217900,1.599,2809800,1.6,2455600,10:55:01.943,10:55:00,26013.58,25994.0,-0.8,0,0.4
sz159920,10:55:00,1764125703163,10:56:02,1764125703116,1.596,1.5995,-0.2188,25965.19,0.9106,3.9014,0,0,1.596,0.978,1.595,4300200,1.594,11265200,1.593,8879000,1.592,8155500,1.591,1843500,1.596,7463600,1.597,9136700,1.598,8217900,1.599,2809800,1.6,2455600,10:55:02.932,10:55:02,26009.16,25995.0,0.2,2,0.38
sz159920,10:55:00,1764125704185,10:56:03,1764125703437,1.596,1.5995,-0.2188,25965.19,0.9106,3.7066,0,0,1.596,1.022,1.595,4300200,1.594,11265200,1.593,8879000,1.592,8155500,1.591,1843500,1.596,7463600,1.597,9136700,1.598,8217900,1.599,2809800,1.6,2455600,10:55:03.985,10:55:02,26009.16,25995.0,0.2,0,0.38
sz159920,10:55:00,1764125705171,10:56:04,1764125704622,1.596,1.5995,-0.2188,25965.17,0.9106,3.5376,0,0,1.596,0.986,1.595,4300200,1.594,11265200,1.593,8879000,1.592,8155500,1.591,1843500,1.596,7463600,1.597,9136700,1.598,8217900,1.599,2809800,1.6,2455600,10:55:04.937,10:55:02,26009.16,25995.0,0.2,0,0.38
sz159920,10:55:03,1764125706164,10:56:05,1764125705422,1.596,1.5995,-0.2188,25965.17,0.9106,3.1092,0,0,1.596,0.993,1.595,7300200,1.594,11326000,1.593,8816100,1.592,5155500,1.591,1843500,1.596,3604000,1.597,9074300,1.598,8280600,1.599,5809800,1.6,2455600,10:55:05.948,10:55:02,26009.16,25995.0,0.2,0,0.38
sz159920,10:55:03,1764125707171,10:56:06,1764125706790,1.596,1.5995,-0.2188,25966.28,0.9106,3.4237,0,0,1.596,1.007,1.595,7300200,1.594,11326000,1.593,8816100,1.592,5155500,1.591,1843500,1.596,3604000,1.597,9074300,1.598,8280600,1.599,5809800,1.6,2455600,10:55:06.942,10:55:02,26009.16,25995.0,0.2,0,0.38
sz159920,10:55:06,1764125708173,10:56:07,1764125707368,1.596,1.5992,-0.2001,25966.28,0.9106,3.1257,0,0,1.596,1.002,1.595,8162900,1.594,10463300,1.593,8801100,1.592,5155500,1.591,1843500,1.596,3604000,1.597,8600900,1.598,8280600,1.599,5809800,1.6,2455600,10:55:07.943,10:55:07,26011.84,25997.0,0.14,22,0.39
sz159920,10:55:06,1764125709173,10:56:08,1764125708966,1.596,1.5992,-0.2001,25964.69,0.9106,2.9112,0,0,1.596,1.0,1.595,8162900,1.594,10463300,1.593,8801100,1.592,5155500,1.591,1843500,1.596,3604000,1.597,8600900,1.598,8280600,1.599,5809800,1.6,2455600,10:55:08.938,10:55:08,26018.03,25998.0,-0.71,0,0.41
sz159920,10:55:06,1764125710174,10:56:09,1764125709350,1.596,1.5992,-0.2001,25964.69,0.9106,2.7346,0,0,1.596,1.001,1.595,8162900,1.594,10463300,1.593,8801100,1.592,5155500,1.591,1843500,1.596,3604000,1.597,8600900,1.598,8280600,1.599,5809800,1.6,2455600,10:55:09.957,10:55:08,26018.03,25998.0,-0.71,0,0.41
sz159920,10:55:09,1764125711174,10:56:10,1764125711137,1.596,1.5992,-0.2001,25965.12,0.9106,2.2368,0,0,1.596,0.999,1.595,9022500,1.594,10463300,1.593,8801100,1.592,5155500,1.591,1843500,1.596,3357000,1.597,9790900,1.598,8280600,1.599,5809800,1.6,2455600,10:55:10.954,10:55:10,26014.5,25998.0,0.73,0,0.4
sz159920,10:55:09,1764125712173,10:56:11,1764125711370,1.596,1.5992,-0.2001,25965.12,0.9106,2.2368,0,0,1.596,0.999,1.595,9022500,1.594,10463300,1.593,8801100,1.592,5155500,1.591,1843500,1.596,3357000,1.597,9790900,1.598,8280600,1.599,5809800,1.6,2455600,10:55:11.951,10:55:11,26012.75,25999.0,-0.25,0,0.39
sz159920,10:55:09,1764125713182,10:56:12,1764125712374,1.596,1.5992,-0.2001,25968.85,0.9106,1.9589,0,0,1.596,1.009,1.595,9022500,1.594,10463300,1.593,8801100,1.592,5155500,1.591,1843500,1.596,3357000,1.597,9790900,1.598,8280600,1.599,5809800,1.6,2455600,10:55:12.962,10:55:11,26012.75,25999.0,-0.25,0,0.39
sz159920,10:55:12,1764125714454,10:56:14,1764125714400,1.596,1.5992,-0.2001,25967.01,0.9106,2.4089,0,0,1.596,1.273,1.595,9118200,1.594,10463300,1.593,8801100,1.592,5155500,1.591,1843500,1.596,3357000,1.597,9841200,1.598,8280600,1.599,5809800,1.6,2455600,10:55:13.957,10:55:13,26017.2,25999.0,-0.11,0,0.41
sz159920,10:55:12,1764125715182,10:56:14,1764125714400,1.596,1.5992,-0.2001,25967.01,0.9106,2.4089,0,0,1.596,0.727,1.595,9118200,1.594,10463300,1.593,8801100,1.592,5155500,1.591,1843500,1.596,3357000,1.597,9841200,1.598,8280600,1.599,5809800,1.6,2455600,10:55:14.967,10:55:13,26017.2,25999.0,-0.11,0,0.41
sz159920,10:55:12,1764125716191,10:56:15,1764125715477,1.596,1.5992,-0.2001,25967.01,0.9106,2.2994,0,0,1.596,1.009,1.595,9118200,1.594,10463300,1.593,8801100,1.592,5155500,1.591,1843500,1.596,3357000,1.597,9841200,1.598,8280600,1.599,5809800,1.6,2455600,10:55:15.962,10:55:13,26017.2,25999.0,-0.11,0,0.41
sz159920,10:55:15,1764125717186,10:56:16,1764125716365,1.596,1.5992,-0.2001,25964.97,0.9106,2.1123,0,0,1.596,0.996,1.595,9118200,1.594,10463300,1.593,8801100,1.592,5155500,1.591,1843500,1.596,3357300,1.597,9841200,1.598,8280600,1.599,5809800,1.6,2455600,10:55:16.972,10:55:16,26012.84,26000.0,0.0,1,0.39
sz159920,10:55:15,1764125718188,10:56:17,1764125717653,1.596,1.5992,-0.2001,25964.97,0.9106,4.2204,0,0,1.596,1.002,1.595,9118200,1.594,10463300,1.593,8801100,1.592,5155500,1.591,1843500,1.596,3357300,1.597,9841200,1.598,8280600,1.599,5809800,1.6,2455600,10:55:17.972,10:55:17,26012.84,25999.0,0.76,0,0.39
sz159920,10:55:15,1764125719189,10:56:18,1764125718391,1.596,1.5992,-0.2001,25964.01,0.9106,4.3213,0,0,1.596,1.001,1.595,9118200,1.594,10463300,1.593,8801100,1.592,5155500,1.591,1843500,1.596,3357300,1.597,9841200,1.598,8280600,1.599,5809800,1.6,2455600,10:55:19.000,10:55:18,26017.14,25999.0,0.69,2,0.41
sz159920,10:55:18,1764125720189,10:56:19,1764125719821,1.596,1.5992,-0.2001,25964.01,0.9106,4.3213,0,0,1.596,1.0,1.595,9118200,1.594,10472800,1.593,8801100,1.592,5155500,1.591,1843500,1.596,3357300,1.597,9841200,1.598,8280600,1.599,5809800,1.6,2455600,10:55:19.983,10:55:19,26016.25,25997.0,0.09,0,0.41
sz159920,10:55:18,1764125721191,10:56:20,1764125720370,1.596,1.5992,-0.2001,25962.12,0.9106,4.2353,0,0,1.596,1.002,1.595,9118200,1.594,10472800,1.593,8801100,1.592,5155500,1.591,1843500,1.596,3357300,1.597,9841200,1.598,8280600,1.599,5809800,1.6,2455600,10:55:20.994,10:55:20,26016.3,25998.0,0.14,0,0.41
sz159920,10:55:18,1764125722197,10:56:21,1764125721997,1.596,1.5992,-0.2001,25962.12,0.9106,3.8986,0,0,1.596,1.006,1.595,9118200,1.594,10472800,1.593,8801100,1.592,5155500,1.591,1843500,1.596,3357300,1.597,9841200,1.598,8280600,1.599,5809800,1.6,2455600,10:55:21.982,10:55:20,26016.3,25998.0,0.14,0,0.41
sz159920,10:55:18,1764125723199,10:56:22,1764125722374,1.596,1.5992,-0.2001,25963.32,0.9106,3.3598,0,0,1.596,1.002,1.595,9118200,1.594,10472800,1.593,8801100,1.592,5155500,1.591,1843500,1.596,3357300,1.597,9841200,1.598,8280600,1.599,5809800,1.6,2455600,10:55:23.003,10:55:20,26016.3,25998.0,0.14,0,0.41
sz159920,10:55:21,1764125724196,10:56:23,1764125723366,1.596,1.5992,-0.2001,25963.32,0.9106,3.3598,0,0,1.596,0.997,1.595,9052500,1.594,10512800,1.593,8801100,1.592,5155500,1.591,1843500,1.596,3357300,1.597,9841200,1.598,8280600,1.599,5809800,1.6,2455600,10:55:24.003,10:55:20,26016.3,25998.0,0.14,0,0.41
sz159920,10:55:21,1764125725196,10:56:24,1764125724464,1.596,1.5992,-0.2001,25963.68,0.9106,2.9383,0,0,1.596,1.0,1.595,9052500,1.594,10512800,1.593,8801100,1.592,5155500,1.591,1843500,1.596,3357300,1.597,9841200,1.598,8280600,1.599,5809800,1.6,2455600,10:55:24.998,10:55:20,26016.3,25998.0,0.14,0,0.41
sz159920,10:55:24,1764125726199,10:56:25,1764125725360,1.596,1.5992,-0.2001,25963.68,0.9106,2.8872,200,320,1.6,1.002,1.595,7330200,1.594,11377500,1.593,8801100,1.592,5155500,1.591,1843500,1.596,4547100,1.597,8651200,1.598,8290600,1.599,5809800,1.6,2455600,10:55:26.000,10:55:25,26015.36,25997.0,-0.78,2,0.4
sz159920,10:55:24,1764125727203,10:56:26,1764125726388,1.596,1.5992,-0.2001,25960.35,0.9106,2.7097,0,0,1.596,1.005,1.595,7330200,1.594,11377500,1.593,8801100,1.592,5155500,1.591,1843500,1.596,4547100,1.597,8651200,1.598,8290600,1.599,5809800,1.6,2455600,10:55:27.012,10:55:25,26015.36,25997.0,-0.78,0,0.4
sz159920,10:55:24,1764125728204,10:56:27,1764125727369,1.596,1.5992,-0.2001,25960.35,0.9106,3.1861,0,0,1.596,1.0,1.595,7330200,1.594,11377500,1.593,8801100,1.592,5155500,1.591,1843500,1.596,4547100,1.597,8651200,1.598,8290600,1.599,5809800,1.6,2455600,10:55:28.007,10:55:25,26015.36,25997.0,-0.78,0,0.4
sz159920,10:55:24,1764125729203,10:56:28,1764125728535,1.596,1.5992,-0.2001,25960.78,0.9106,3.4164,0,0,1.596,0.999,1.595,7330200,1.594,11377500,1.593,8801100,1.592,5155500,1.591,1843500,1.596,4547100,1.597,8651200,1.598,8290600,1.599,5809800,1.6,2455600,10:55:29.012,10:55:28,26012.75,25996.0,-0.11,4,0.39
sz159920,10:55:27,1764125730200,10:56:29,1764125729379,1.596,1.5992,-0.2001,25960.78,0.9106,3.4164,5000,7980,1.596,0.997,1.595,7330200,1.594,11377500,1.593,8801100,1.592,5155500,1.591,1843500,1.596,4542100,1.597,8696600,1.598,8290600,1.599,5809800,1.6,2455600,10:55:30.012,10:55:29,26013.66,25997.0,-0.43,1,0.4
sz159920,10:55:27,1764125731213,10:56:30,1764125730710,1.596,1.5992,-0.2001,25962.2,0.9106,3.5816,0,0,1.596,1.014,1.595,7330200,1.594,11377500,1.593,8801100,1.592,5155500,1.591,1843500,1.596,4542100,1.597,8696600,1.598,8290600,1.599,5809800,1.6,2455600,10:55:31.017,10:55:30,26011.92,25997.0,-0.33,0,0.39
sz159920,10:55:30,1764125732205,10:56:31,1764125731361,1.596,1.5992,-0.2001,25962.2,0.9106,3.5816,0,0,1.596,0.992,1.595,8192900,1.594,10579300,1.593,8801100,1.592,5155500,1.591,1843500,1.596,3352100,1.597,9886600,1.598,8290600,1.599,5809800,1.6,2455600,10:55:32.019,10:55:30,26011.92,25997.0,-0.33,0,0.39
sz159920,10:55:30,1764125733214,10:56:32,1764125732882,1.596,1.5992,-0.2001,25960.83,0.9106,3.0579,0,0,1.596,1.009,1.595,8192900,1.594,10579300,1.593,8801100,1.592,5155500,1.591,1843500,1.596,3352100,1.597,9886600,1.598,8290600,1.599,5809800,1.6,2455600,10:55:33.025,10:55:30,26011.92,25997.0,-0.33,0,0.39
sz159920,10:55:30,1764125734212,10:56:33,1764125733363,1.596,1.5992,-0.2001,25960.83,0.9106,2.7679,0,0,1.596,0.998,1.595,8192900,1.594,10579300,1.593,8801100,1.592,5155500,1.591,1843500,1.596,3352100,1.597,9886600,1.598,8290600,1.599,5809800,1.6,2455600,10:55:34.027,10:55:33,26014.47,25994.0,0.2,0,0.4
sz159920,10:55:30,1764125735217,10:56:34,1764125735061,1.596,1.5992,-0.2001,25957.9,0.9106,2.5443,0,0,1.596,1.004,1.595,8192900,1.594,10579300,1.593,8801100,1.592,5155500,1.591,1843500,1.596,3352100,1.597,9886600,1.598,8290600,1.599,5809800,1.6,2455600,10:55:35.028,10:55:34,26007.32,25994.0,-0.78,1,0.37
sz159920,10:55:33,1764125736213,10:56:35,1764125735364,1.596,1.5992,-0.2001,25957.9,0.9106,2.365,0,0,1.596,0.996,1.595,4330200,1.594,11379200,1.593,8864000,1.592,8155500,1.591,1843500,1.596,8401700,1.597,8759300,1.598,8227900,1.599,2809800,1.6,2455600,10:55:36.041,10:55:36,26011.8,25992.0,0.38,3,0.39
sz159920,10:55:33,1764125737218,10:56:36,1764125736385,1.596,1.5992,-0.2001,25958.0,0.9106,3.9201,0,0,1.596,1.005,1.595,4330200,1.594,11379200,1.593,8864000,1.592,8155500,1.591,1843500,1.596,8401700,1.597,8759300,1.598,8227900,1.599,2809800,1.6,2455600,10:55:37.033,10:55:36,26011.8,25992.0,0.86,1,0.39
sz159920,10:55:36,1764125738216,10:56:37,1764125737384,1.596,1.599,-0.1876,25958.0,0.9106,3.7186,0,0,1.596,0.998,1.595,3084900,1.594,11379200,1.593,10109800,1.592,8155500,1.591,1843500,1.596,8401700,1.597,8759300,1.598,8227900,1.599,2809800,1.6,2455600,10:55:38.047,10:55:37,26010.0,25992.0,0.62,0,0.38
sz159920,10:55:36,1764125739219,10:56:38,1764125738386,1.596,1.599,-0.1876,25959.49,0.9106,3.7186,0,0,1.596,1.002,1.595,3084900,1.594,11379200,1.593,10109800,1.592,8155500,1.591,1843500,1.596,8401700,1.597,8759300,1.598,8227900,1.599,2809800,1.6,2455600,10:55:39.045,10:55:37,26010.0,25992.0,0.62,0,0.38
sz159920,10:55:36,1764125740216,10:56:39,1764125739400,1.596,1.599,-0.1876,25959.49,0.9106,3.1123,0,0,1.596,0.997,1.595,3084900,1.594,11379200,1.593,10109800,1.592,8155500,1.591,1843500,1.596,8401700,1.597,8759300,1.598,8227900,1.599,2809800,1.6,2455600,10:55:40.043,10:55:39,26008.2,25992.0,0.89,0,0.38
sz159920,10:55:39,1764125741214,10:56:40,1764125740379,1.596,1.599,-0.1876,25960.79,0.9106,3.1123,0,0,1.596,0.998,1.595,3092200,1.594,11379200,1.593,10109800,1.592,8155500,1.591,1843500,1.596,8401700,1.597,8759300,1.598,8227900,1.599,2809800,1.6,2455600,10:55:41.062,10:55:40,26008.2,25991.0,0.4,0,0.38
sz159920,10:55:39,1764125742217,10:56:41,1764125741586,1.596,1.599,-0.1876,25960.79,0.9106,3.1073,0,0,1.596,1.003,1.595,3092200,1.594,11379200,1.593,10109800,1.592,8155500,1.591,1843500,1.596,8401700,1.597,8759300,1.598,8227900,1.599,2809800,1.6,2455600,10:55:42.050,10:55:40,26008.2,25991.0,0.4,0,0.38
sz159920,10:55:39,1764125743223,10:56:42,1764125742416,1.596,1.599,-0.1876,25960.08,0.9106,3.0253,0,0,1.596,1.006,1.595,3092200,1.594,11379200,1.593,10109800,1.592,8155500,1.591,1843500,1.596,8401700,1.597,8759300,1.598,8227900,1.599,2809800,1.6,2455600,10:55:43.043,10:55:42,26007.29,25991.0,0.14,1,0.37
sz159920,10:55:42,1764125744220,10:56:43,1764125743747,1.596,1.599,-0.1876,25960.08,0.9106,3.5648,0,0,1.596,0.997,1.595,3092200,1.594,11379200,1.593,10109800,1.592,8155500,1.591,1843500,1.596,9401700,1.597,8759300,1.598,8227900,1.599,2809800,1.6,2455600,10:55:44.052,10:55:43,26009.13,25990.0,0.56,0,0.38
sz159920,10:55:42,1764125745217,10:56:44,1764125744372,1.596,1.599,-0.1876,25957.76,0.9106,3.6668,0,0,1.596,0.997,1.595,3092200,1.594,11379200,1.593,10109800,1.592,8155500,1.591,1843500,1.596,9401700,1.597,8759300,1.598,8227900,1.599,2809800,1.6,2455600,10:55:45.059,10:55:44,26006.4,25989.0,0.33,0,0.37
sz159920,10:55:42,1764125746233,10:56:45,1764125745915,1.596,1.599,-0.1876,25957.76,0.9106,3.4992,0,0,1.596,1.016,1.595,3092200,1.594,11379200,1.593,10109800,1.592,8155500,1.591,1843500,1.596,9401700,1.597,8759300,1.598,8227900,1.599,2809800,1.6,2455600,10:55:46.068,10:55:46,26006.38,25990.0,0.56,7,0.37
sz159920,10:55:45,1764125747229,10:56:46,1764125746396,1.596,1.599,-0.1876,25958.49,0.9106,3.4992,0,0,1.596,0.996,1.595,3042200,1.594,11422900,1.593,10109800,1.592,8155500,1.591,1843500,1.596,9401700,1.597,8759300,1.598,8227900,1.599,2809800,1.6,2455600,10:55:47.063,10:55:46,26006.38,25990.0,0.56,0,0.37
sz159920,10:55:45,1764125748226,10:56:47,1764125748081,1.596,1.599,-0.1876,25958.49,0.9106,3.4439,0,0,1.596,0.997,1.595,3042200,1.594,11422900,1.593,10109800,1.592,8155500,1.591,1843500,1.596,9401700,1.597,8759300,1.598,8227900,1.599,2809800,1.6,2455600,10:55:48.067,10:55:48,26003.64,25989.5,0.0,1,0.36
sz159920,10:55:45,1764125749227,10:56:48,1764125748388,1.596,1.599,-0.1876,25957.87,0.9106,3.4439,0,0,1.596,1.001,1.595,3042200,1.594,11422900,1.593,10109800,1.592,8155500,1.591,1843500,1.596,9401700,1.597,8759300,1.598,8227900,1.599,2809800,1.6,2455600,10:55:49.071,10:55:48,26003.64,25989.5,0.0,0,0.36
sz159920,10:55:48,1764125750231,10:56:49,1764125749379,1.596,1.599,-0.1876,25957.87,0.9106,3.0046,0,0,1.596,1.004,1.595,3042200,1.594,11432900,1.593,10109800,1.592,8155500,1.591,1843500,1.596,9401700,1.597,8759300,1.598,8227900,1.599,2809800,1.6,2455600,10:55:50.077,10:55:49,26008.24,25994.0,0.33,0,0.38
sz159920,10:55:48,1764125751232,10:56:50,1764125750379,1.596,1.599,-0.1876,25957.89,0.9106,3.0046,0,0,1.596,1.001,1.595,3042200,1.594,11432900,1.593,10109800,1.592,8155500,1.591,1843500,1.596,9401700,1.597,8759300,1.598,8227900,1.599,2809800,1.6,2455600,10:55:51.089,10:55:49,26008.24,25994.0,0.33,0,0.38
sz159920,10:55:48,1764125752237,10:56:51,1764125751360,1.596,1.599,-0.1876,25957.89,0.9106,2.4637,0,0,1.596,1.005,1.595,3042200,1.594,11432900,1.593,10109800,1.592,8155500,1.591,1843500,1.596,9401700,1.597,8759300,1.598,8227900,1.599,2809800,1.6,2455600,10:55:52.093,10:55:51,26005.48,25990.5,0.33,0,0.36
sz159920,10:55:51,1764125753229,10:56:52,1764125752417,1.596,1.5987,-0.1689,25957.73,0.9106,2.2812,600,957,1.595,0.992,1.595,3044700,1.594,11432900,1.593,10109800,1.592,8155500,1.591,1843500,1.596,8401100,1.597,8759300,1.598,8227900,1.599,2809800,1.6,2455600,10:55:53.100,10:55:51,26005.48,25990.5,0.33,0,0.36
sz159920,10:55:51,1764125754237,10:56:53,1764125753368,1.596,1.5987,-0.1689,25957.73,0.9106,1.2068,0,0,1.596,1.008,1.595,3044700,1.594,11432900,1.593,10109800,1.592,8155500,1.591,1843500,1.596,8401100,1.597,8759300,1.598,8227900,1.599,2809800,1.6,2455600,10:55:54.114,10:55:53,26010.02,25991.0,-0.33,0,0.38
sz159920,10:55:51,1764125755241,10:56:54,1764125754591,1.596,1.5987,-0.1689,25956.2,0.9106,1.147,0,0,1.596,1.004,1.595,3044700,1.594,11432900,1.593,10109800,1.592,8155500,1.591,1843500,1.596,8401100,1.597,8759300,1.598,8227900,1.599,2809800,1.6,2455600,10:55:55.125,10:55:53,26010.02,25991.0,-0.33,0,0.38
sz159920,10:55:51,1764125756236,10:56:55,1764125755360,1.596,1.5987,-0.1689,25956.2,0.9106,1.5534,0,0,1.596,0.995,1.595,3044700,1.594,11432900,1.593,10109800,1.592,8155500,1.591,1843500,1.596,8401100,1.597,8759300,1.598,8227900,1.599,2809800,1.6,2455600,10:55:56.123,10:55:53,26010.02,25991.0,-0.33,0,0.38
sz159920,10:55:54,1764125757236,10:56:56,1764125756779,1.596,1.5987,-0.1689,25958.19,0.9106,1.6848,0,0,1.596,1.0,1.595,3044700,1.594,11432900,1.593,10109800,1.592,8155500,1.591,1843500,1.596,9401100,1.597,8759300,1.598,8227900,1.599,2806800,1.6,2455600,10:55:57.120,10:55:56,26009.1,25991.0,0.14,1,0.38
sz159920,10:55:57,1764125758235,10:56:57,1764125757362,1.596,1.5987,-0.1689,25958.19,0.9106,1.9738,0,0,1.596,0.999,1.595,3044700,1.594,11432900,1.593,10109800,1.592,8117100,1.591,1843500,1.596,9608800,1.597,8759300,1.598,7977900,1.599,2806800,1.6,2455600,10:55:58.100,10:55:57,26010.02,25989.5,-0.33,0,0.38
sz159920,10:55:57,1764125759242,10:56:58,1764125758926,1.596,1.5987,-0.1689,25956.23,0.9106,1.8775,0,0,1.596,1.008,1.595,3044700,1.594,11432900,1.593,10109800,1.592,8117100,1.591,1843500,1.596,9608800,1.597,8759300,1.598,7977900,1.599,2806800,1.6,2455600,10:55:59.125,10:55:59,26004.56,25991.0,-0.33,1,0.36
sz159920,10:55:57,1764125760241,10:56:59,1764125759352,1.596,1.5987,-0.1689,25956.23,0.9106,2.2718,0,0,1.596,0.998,1.595,3044700,1.594,11432900,1.593,10109800,1.592,8117100,1.591,1843500,1.596,9608800,1.597,8759300,1.598,7977900,1.599,2806800,1.6,2455600,10:56:00.113,10:55:59,26004.56,25991.0,-0.33,0,0.36
sz159920,10:55:57,1764125761244,10:57:00,1764125761111,1.596,1.5987,-0.1689,25958.85,0.9106,2.9145,0,0,1.596,1.004,1.595,3044700,1.594,11432900,1.593,10109800,1.592,8117100,1.591,1843500,1.596,9608800,1.597,8759300,1.598,7977900,1.599,2806800,1.6,2455600,10:56:01.135,10:55:59,26004.56,25991.0,-0.33,0,0.36
sz159920,10:56:00,1764125762250,10:57:01,1764125761360,1.596,1.5987,-0.1689,25958.85,0.9106,2.9145,0,0,1.596,1.006,1.595,4190500,1.594,11432900,1.593,10109800,1.592,8117100,1.591,1843500,1.596,8608800,1.597,8759300,1.598,7977900,1.599,2806800,1.6,2455600,10:56:02.137,10:55:59,26004.56,25991.0,-0.33,0,0.36
sz159920,10:56:00,1764125763244,10:57:02,1764125763100,1.596,1.5987,-0.1689,25956.52,0.9106,3.385,0,0,1.596,0.994,1.595,4190500,1.594,11432900,1.593,10109800,1.592,8117100,1.591,1843500,1.596,8608800,1.597,8759300,1.598,7977900,1.599,2806800,1.6,2455600,10:56:03.138,10:56:03,26008.2,25991.0,0.0,5,0.38
sz159920,10:56:00,1764125764243,10:57:03,1764125763358,1.596,1.5987,-0.1689,25956.52,0.9106,3.9657,0,0,1.596,0.999,1.595,4190500,1.594,11432900,1.593,10109800,1.592,8117100,1.591,1843500,1.596,8608800,1.597,8759300,1.598,7977900,1.599,2806800,1.6,2455600,10:56:04.150,10:56:03,26010.0,25991.0,0.0,2,0.38
sz159920,10:56:03,1764125765252,10:57:04,1764125764395,1.596,1.5987,-0.1689,25955.99,0.9106,3.9471,700,1117,1.5957,1.009,1.595,2954700,1.594,11432900,1.593,10109800,1.592,8117100,1.591,1843500,1.596,9608100,1.597,8759300,1.598,8011900,1.599,2806800,1.6,2455600,10:56:05.148,10:56:04,26010.02,25989.0,-0.14,1,0.38
sz159920,10:56:03,1764125766261,10:57:05,1764125765460,1.596,1.5987,-0.1689,25955.99,0.9106,3.8707,0,0,1.596,1.01,1.595,2954700,1.594,11432900,1.593,10109800,1.592,8117100,1.591,1843500,1.596,9608100,1.597,8759300,1.598,8011900,1.599,2806800,1.6,2455600,10:56:06.167,10:56:04,26010.02,25989.0,-0.14,0,0.38
sz159920,10:56:03,1764125767258,10:57:06,1764125766373,1.596,1.5987,-0.1689,25955.73,0.9106,4.0407,0,0,1.596,0.997,1.595,2954700,1.594,11432900,1.593,10109800,1.592,8117100,1.591,1843500,1.596,9608100,1.597,8759300,1.598,8011900,1.599,2806800,1.6,2455600,10:56:07.156,10:56:06,26003.64,25989.0,-0.2,0,0.36
sz159920,10:56:06,1764125768249,10:57:07,1764125767627,1.596,1.5988,-0.1751,25955.73,0.9106,4.0407,0,0,1.596,0.991,1.595,3044800,1.594,11432900,1.593,10109800,1.592,8117100,1.591,1843500,1.596,9608100,1.597,8759300,1.598,8011900,1.599,2806800,1.6,2455600,10:56:08.151,10:56:07,26007.29,25990.0,0.87,0,0.37
sz159920,10:56:06,1764125769251,10:57:08,1764125768351,1.596,1.5988,-0.1751,25955.21,0.9106,3.3977,0,0,1.596,1.003,1.595,3044800,1.594,11432900,1.593,10109800,1.592,8117100,1.591,1843500,1.596,9608100,1.597,8759300,1.598,8011900,1.599,2806800,1.6,2455600,10:56:09.148,10:56:08,26012.69,25992.0,0.64,1,0.39
sz159920,10:56:06,1764125770265,10:57:09,1764125769799,1.596,1.5988,-0.1751,25955.21,0.9106,3.3977,0,0,1.596,1.014,1.595,3044800,1.594,11432900,1.593,10109800,1.592,8117100,1.591,1843500,1.596,9608100,1.597,8759300,1.598,8011900,1.599,2806800,1.6,2455600,10:56:10.158,10:56:08,26012.69,25992.0,0.64,0,0.39
sz159920,10:56:06,1764125771256,10:57:10,1764125770353,1.596,1.5988,-0.1751,25956.56,0.9106,2.9436,0,0,1.596,0.991,1.595,3044800,1.594,11432900,1.593,10109800,1.592,8117100,1.591,1843500,1.596,9608100,1.597,8759300,1.598,8011900,1.599,2806800,1.6,2455600,10:56:11.161,10:56:08,26012.69,25992.0,0.64,0,0.39
sz159920,10:56:09,1764125772250,10:57:11,1764125771966,1.596,1.5988,-0.1751,25956.56,0.9106,5.9308,0,0,1.596,0.995,1.595,4192600,1.594,11432900,1.593,10109800,1.592,8117100,1.591,1843500,1.596,8608100,1.597,8759300,1.598,7924000,1.599,2806800,1.6,2455600,10:56:12.163,10:56:08,26012.69,25992.0,0.64,0,0.39
sz159920,10:56:09,1764125773261,10:57:12,1764125772366,1.596,1.5988,-0.1751,25957.1,0.9106,5.7052,0,0,1.596,1.011,1.595,4192600,1.594,11432900,1.593,10109800,1.592,8117100,1.591,1843500,1.596,8608100,1.597,8759300,1.598,7924000,1.599,2806800,1.6,2455600,10:56:13.172,10:56:12,26005.48,25991.0,-0.5,0,0.36
sz159920,10:56:12,1764125774268,10:57:13,1764125774137,1.596,1.5988,-0.1751,25957.1,0.9106,4.9636,0,0,1.596,1.007,1.595,4192600,1.594,11433500,1.593,10109800,1.592,8117100,1.591,1843500,1.596,8608100,1.597,8759300,1.598,7924000,1.599,2806800,1.6,2455600,10:56:14.175,10:56:12,26005.48,25991.0,-0.5,0,0.36
sz159920,10:56:12,1764125775266,10:57:14,1764125774368,1.596,1.5988,-0.1751,25956.67,0.9106,4.6607,0,0,1.596,0.998,1.595,4192600,1.594,11433500,1.593,10109800,1.592,8117100,1.591,1843500,1.596,8608100,1.597,8759300,1.598,7924000,1.599,2806800,1.6,2455600,10:56:15.176,10:56:12,26005.48,25991.0,-0.5,0,0.36
sz159920,10:56:12,1764125776272,10:57:15,1764125775357,1.596,1.5988,-0.1751,25956.67,0.9106,4.4608,0,0,1.596,1.006,1.595,4192600,1.594,11433500,1.593,10109800,1.592,8117100,1.591,1843500,1.596,8608100,1.597,8759300,1.598,7924000,1.599,2806800,1.6,2455600,10:56:16.177,10:56:15,26011.8,25993.0,-0.5,1,0.39
sz159920,10:56:15,1764125777266,10:57:16,1764125776372,1.595,1.5988,-0.2377,25959.51,0.9106,4.4608,700,1117,1.5957,0.994,1.595,4191900,1.594,11433500,1.593,10109800,1.592,8123400,1.591,1843500,1.596,8608100,1.597,8847200,1.598,7924000,1.599,2806800,1.6,2455600,10:56:17.178,10:56:16,26006.4,25992.0,0.33,0,0.37
sz159920,10:56:15,1764125778262,10:57:17,1764125777360,1.595,1.5988,-0.2377,25959.51,0.9106,5.2082,0,0,1.595,0.996,1.595,4191900,1.594,11433500,1.593,10109800,1.592,8123400,1.591,1843500,1.596,8608100,1.597,8847200,1.598,7924000,1.599,2806800,1.6,2455600,10:56:18.183,10:56:18,26010.02,25994.5,0.0,1,0.38
sz159920,10:56:15,1764125779272,10:57:18,1764125778477,1.595,1.5988,-0.2377,25958.21,0.9106,4.9947,0,0,1.595,1.01,1.595,4191900,1.594,11433500,1.593,10109800,1.592,8123400,1.591,1843500,1.596,8608100,1.597,8847200,1.598,7924000,1.599,2806800,1.6,2455600,10:56:19.184,10:56:18,26010.02,25994.5,0.0,0,0.38
sz159920,10:56:18,1764125780413,10:57:20,1764125780362,1.595,1.5988,-0.2377,25957.2,0.9106,4.7422,0,0,1.595,1.141,1.595,4197400,1.594,11433500,1.593,10109900,1.592,8123400,1.591,1843500,1.596,4498500,1.597,8847200,1.598,8174000,1.599,5806800,1.6,2455600,10:56:20.412,10:56:20,26012.7,25995.0,0.2,2,0.39
sz159920,10:56:18,1764125781263,10:57:20,1764125780655,1.595,1.5988,-0.2377,25957.2,0.9106,4.54,0,0,1.595,0.849,1.595,4197400,1.594,11433500,1.593,10109900,1.592,8123400,1.591,1843500,1.596,4498500,1.597,8847200,1.598,8174000,1.599,5806800,1.6,2455600,10:56:21.193,10:56:20,26012.7,25995.0,0.2,0,0.39
sz159920,10:56:18,1764125782321,10:57:21,1764125781357,1.595,1.5988,-0.2377,25957.2,0.9106,4.2653,0,0,1.595,1.059,1.595,4197400,1.594,11433500,1.593,10109900,1.592,8123400,1.591,1843500,1.596,4498500,1.597,8847200,1.598,8174000,1.599,5806800,1.6,2455600,10:56:22.271,10:56:21,26011.84,25997.0,-0.56,0,0.39
sz159920,10:56:21,1764125783269,10:57:22,1764125782816,1.595,1.5987,-0.2314,25959.79,0.9106,4.5527,0,0,1.595,0.948,1.595,8916700,1.594,10633700,1.593,10047000,1.592,5123400,1.591,1843500,1.596,4498500,1.597,8764500,1.598,8236700,1.599,5806800,1.6,2455600,10:56:23.193,10:56:22,26017.14,25997.0,0.0,0,0.41
sz159920,10:56:21,1764125784274,10:57:23,1764125783356,1.595,1.5987,-0.2314,25959.79,0.9106,5.2837,0,0,1.595,1.005,1.595,8916700,1.594,10633700,1.593,10047000,1.592,5123400,1.591,1843500,1.596,4498500,1.597,8764500,1.598,8236700,1.599,5806800,1.6,2455600,10:56:24.195,10:56:22,26017.14,25997.0,0.0,0,0.41
sz159920,10:56:21,1764125785269,10:57:24,1764125784980,1.595,1.5987,-0.2314,25958.83,0.9106,5.2837,0,0,1.595,0.995,1.595,8916700,1.594,10633700,1.593,10047000,1.592,5123400,1.591,1843500,1.596,4498500,1.597,8764500,1.598,8236700,1.599,5806800,1.6,2455600,10:56:25.201,10:56:24,26011.92,25996.0,0.78,1,0.39
sz159920,10:56:24,1764125786275,10:57:25,1764125785358,1.595,1.5987,-0.2314,25958.83,0.9106,5.0685,0,0,1.595,1.005,1.595,8054000,1.594,11496400,1.593,10047000,1.592,5123400,1.591,1843500,1.596,4498500,1.597,8764500,1.598,8236700,1.599,5806800,1.6,2455600,10:56:26.196,10:56:26,26017.14,25998.0,0.33,2,0.41
sz159920,10:56:24,1764125787277,10:57:26,1764125787160,1.595,1.5987,-0.2314,25961.0,0.9106,4.5309,0,0,1.595,1.003,1.595,8054000,1.594,11496400,1.593,10047000,1.592,5123400,1.591,1843500,1.596,4498500,1.597,8764500,1.598,8236700,1.599,5806800,1.6,2455600,10:56:27.206,10:56:26,26017.14,25998.0,0.33,0,0.41
sz159920,10:56:24,1764125788274,10:57:27,1764125787366,1.595,1.5987,-0.2314,25961.0,0.9106,4.1148,0,0,1.595,0.996,1.595,8054000,1.594,11496400,1.593,10047000,1.592,5123400,1.591,1843500,1.596,4498500,1.597,8764500,1.598,8236700,1.599,5806800,1.6,2455600,10:56:28.216,10:56:27,26014.5,25998.0,0.14,0,0.4
sz159920,10:56:24,1764125789281,10:57:28,1764125788389,1.595,1.5987,-0.2314,25961.17,0.9106,3.9315,0,0,1.595,1.008,1.595,8054000,1.594,11496400,1.593,10047000,1.592,5123400,1.591,1843500,1.596,4498500,1.597,8764500,1.598,8236700,1.599,5806800,1.6,2455600,10:56:29.223,10:56:29,26013.66,25998.0,0.33,1,0.4
sz159920,10:56:27,1764125790280,10:57:29,1764125789351,1.595,1.5987,-0.2314,25961.17,0.9106,3.1839,2000,3190,1.595,0.999,1.595,8947300,1.594,10633700,1.593,10047000,1.592,5123400,1.591,1843500,1.596,3308700,1.597,9942800,1.598,8237700,1.599,5806800,1.6,2455600,10:56:30.222,10:56:29,26013.66,25998.0,0.33,0,0.4
sz159920,10:56:27,1764125791282,10:57:30,1764125790389,1.595,1.5987,-0.2314,25959.28,0.9106,2.8071,0,0,1.595,1.002,1.595,8947300,1.594,10633700,1.593,10047000,1.592,5123400,1.591,1843500,1.596,3308700,1.597,9942800,1.598,8237700,1.599,5806800,1.6,2455600,10:56:31.226,10:56:30,26009.16,25993.0,0.6,0,0.38
sz159920,10:56:30,1764125792290,10:57:31,1764125791501,1.595,1.5987,-0.2314,25959.28,0.9106,1.4657,0,0,1.595,1.008,1.595,4225000,1.594,11433600,1.593,10109900,1.592,8123400,1.591,1843500,1.596,5358300,1.597,8815500,1.598,8175000,1.599,5806800,1.6,2455600,10:56:32.227,10:56:31,26009.16,25993.0,0.25,0,0.38
sz159920,10:56:30,1764125793284,10:57:32,1764125792365,1.595,1.5987,-0.2314,25959.14,0.9106,1.4657,0,0,1.595,0.993,1.595,4225000,1.594,11433600,1.593,10109900,1.592,8123400,1.591,1843500,1.596,5358300,1.597,8815500,1.598,8175000,1.599,5806800,1.6,2455600,10:56:33.230,10:56:32,26013.58,25994.0,-0.56,0,0.4
sz159920,10:56:30,1764125794284,10:57:33,1764125793670,1.595,1.5987,-0.2314,25959.14,0.9106,1.6739,0,0,1.595,1.001,1.595,4225000,1.594,11433600,1.593,10109900,1.592,8123400,1.591,1843500,1.596,5358300,1.597,8815500,1.598,8175000,1.599,5806800,1.6,2455600,10:56:34.226,10:56:32,26013.58,25994.0,-0.56,0,0.4
sz159920,10:56:33,1764125795281,10:57:34,1764125794388,1.595,1.5987,-0.2314,25957.63,0.9106,1.7795,0,0,1.595,0.997,1.595,4225000,1.594,11433600,1.593,10109900,1.592,8123400,1.591,1843500,1.596,8358300,1.597,8815500,1.598,8175000,1.599,2806800,1.6,2455600,10:56:35.246,10:56:32,26013.58,25994.0,-0.56,0,0.4
sz159920,10:56:33,1764125796284,10:57:35,1764125795836,1.595,1.5987,-0.2314,25957.63,0.9106,1.6863,0,0,1.595,1.003,1.595,4225000,1.594,11433600,1.593,10109900,1.592,8123400,1.591,1843500,1.596,8358300,1.597,8815500,1.598,8175000,1.599,2806800,1.6,2455600,10:56:36.241,10:56:32,26013.58,25994.0,-0.56,0,0.4
sz159920,10:56:33,1764125797289,10:57:36,1764125796368,1.595,1.5987,-0.2314,25958.32,0.9106,1.6322,0,0,1.595,1.005,1.595,4225000,1.594,11433600,1.593,10109900,1.592,8123400,1.591,1843500,1.596,8358300,1.597,8815500,1.598,8175000,1.599,2806800,1.6,2455600,10:56:37.250,10:56:36,26013.58,25993.0,0.5,0,0.4
sz159920,10:56:36,1764125798282,10:57:37,1764125798003,1.595,1.5988,-0.2377,25958.32,0.9106,1.6322,11700,18661,1.595,0.993,1.595,4183300,1.594,11433600,1.593,10109900,1.592,8123400,1.591,1843500,1.596,8358300,1.597,8815600,1.598,8175000,1.599,2806800,1.6,2455600,10:56:38.242,10:56:38,26011.8,25994.0,-0.25,1,0.39
sz159920,10:56:36,1764125799289,10:57:38,1764125798371,1.595,1.5988,-0.2377,25959.89,0.9106,0.7959,0,0,1.595,1.007,1.595,4183300,1.594,11433600,1.593,10109900,1.592,8123400,1.591,1843500,1.596,8358300,1.597,8815600,1.598,8175000,1.599,2806800,1.6,2455600,10:56:39.251,10:56:38,26011.8,25994.0,-0.25,0,0.39
sz159920,10:56:36,1764125800286,10:57:39,1764125800174,1.595,1.5988,-0.2377,25959.89,0.9106,2.4573,0,0,1.595,0.996,1.595,4183300,1.594,11433600,1.593,10109900,1.592,8123400,1.591,1843500,1.596,8358300,1.597,8815600,1.598,8175000,1.599,2806800,1.6,2455600,10:56:40.250,10:56:39,26011.8,25992.0,-0.75,1,0.39
sz159920,10:56:39,1764125801294,10:57:40,1764125800361,1.595,1.5988,-0.2377,25960.13,0.9106,2.2799,0,0,1.595,1.009,1.595,4183300,1.594,11443600,1.593,10109900,1.592,8123400,1.591,1843500,1.596,8360300,1.597,8815600,1.598,8175000,1.599,2806800,1.6,2455600,10:56:41.251,10:56:39,26011.8,25992.0,-0.75,0,0.39
sz159920,10:56:39,1764125802293,10:57:41,1764125801373,1.595,1.5988,-0.2377,25960.13,0.9106,2.1696,0,0,1.595,0.998,1.595,4183300,1.594,11443600,1.593,10109900,1.592,8123400,1.591,1843500,1.596,8360300,1.597,8815600,1.598,8175000,1.599,2806800,1.6,2455600,10:56:42.263,10:56:41,26009.1,25991.0,0.0,0,0.38
sz159920,10:56:39,1764125803292,10:57:42,1764125802397,1.595,1.5988,-0.2377,25956.51,0.9106,2.0059,0,0,1.595,0.999,1.595,4183300,1.594,11443600,1.593,10109900,1.592,8123400,1.591,1843500,1.596,8360300,1.597,8815600,1.598,8175000,1.599,2806800,1.6,2455600,10:56:43.272,10:56:41,26009.1,25991.0,0.0,0,0.38
sz159920,10:56:42,1764125804292,10:57:43,1764125803364,1.595,1.5988,-0.2377,25956.51,0.9106,2.0059,0,0,1.595,1.0,1.595,2947500,1.594,11443700,1.593,10109900,1.592,8123400,1.591,1843500,1.596,8360300,1.597,8816300,1.598,8175000,1.599,2806800,1.6,2304200,10:56:44.267,10:56:43,26010.02,25989.5,0.0,0,0.38
sz159920,10:56:42,1764125805297,10:57:44,1764125804507,1.595,1.5988,-0.2377,25954.66,0.9106,2.2844,0,0,1.595,1.005,1.595,2947500,1.594,11443700,1.593,10109900,1.592,8123400,1.591,1843500,1.596,8360300,1.597,8816300,1.598,8175000,1.599,2806800,1.6,2304200,10:56:45.265,10:56:43,26010.02,25989.5,0.0,0,0.38
sz159920,10:56:42,1764125806293,10:57:45,1764125805356,1.595,1.5988,-0.2377,25954.66,0.9106,2.2844,0,0,1.595,0.996,1.595,2947500,1.594,11443700,1.593,10109900,1.592,8123400,1.591,1843500,1.596,8360300,1.597,8816300,1.598,8175000,1.599,2806800,1.6,2304200,10:56:46.271,10:56:43,26010.02,25989.5,0.0,0,0.38
sz159920,10:56:45,1764125807294,10:57:46,1764125806687,1.595,1.5988,-0.2377,25955.76,0.9106,2.5726,0,0,1.595,1.001,1.595,4055700,1.594,11443700,1.593,10109900,1.592,8213400,1.591,1843500,1.596,8360300,1.597,8816300,1.598,8175000,1.599,2806800,1.6,2304200,10:56:47.293,10:56:46,26012.69,25993.0,0.0,1,0.39
sz159920,10:56:45,1764125808497,10:57:48,1764125808409,1.595,1.5988,-0.2377,25957.66,0.9106,2.3009,0,0,1.595,1.203,1.595,4055700,1.594,11443700,1.593,10109900,1.592,8213400,1.591,1843500,1.596,8360300,1.597,8816300,1.598,8175000,1.599,2806800,1.6,2304200,10:56:48.408,10:56:47,26009.11,25993.5,-0.08,1,0.38
sz159920,10:56:45,1764125809307,10:57:48,1764125808864,1.595,1.5988,-0.2377,25957.66,0.9106,2.3009,0,0,1.595,0.809,1.595,4055700,1.594,11443700,1.593,10109900,1.592,8213400,1.591,1843500,1.596,8360300,1.597,8816300,1.598,8175000,1.599,2806800,1.6,2304200,10:56:49.304,10:56:48,26010.9,25994.0,0.5,0,0.39
sz159920,10:56:48,1764125810302,10:57:49,1764125809365,1.595,1.5988,-0.2377,25957.66,0.9106,2.5665,3100,4945,1.5952,0.995,1.595,7052600,1.594,11443700,1.593,10109900,1.592,5213400,1.591,1843500,1.596,5360300,1.597,8826200,1.598,8175000,1.599,5806800,1.6,2304200,10:56:49.827,10:56:48,26010.9,25994.0,0.5,0,0.39
sz159920,10:56:48,1764125811355,10:57:51,1764125811350,1.595,1.5988,-0.2377,25955.71,0.9106,2.3662,0,0,1.595,1.053,1.595,7052600,1.594,11443700,1.593,10109900,1.592,5213400,1.591,1843500,1.596,5360300,1.597,8826200,1.598,8175000,1.599,5806800,1.6,2304200,10:56:51.349,10:56:50,26010.93,25996.0,-0.4,0,0.39
sz159920,10:56:48,1764125812445,10:57:52,1764125812374,1.595,1.5988,-0.2377,25957.28,0.9106,2.3662,0,0,1.595,1.09,1.595,7052600,1.594,11443700,1.593,10109900,1.592,5213400,1.591,1843500,1.596,5360300,1.597,8826200,1.598,8175000,1.599,5806800,1.6,2304200,10:56:52.441,10:56:52,26014.5,25995.5,-0.2,1,0.4
sz159920,10:56:51,1764125813300,10:57:52,1764125813208,1.595,1.5985,-0.219,25957.28,0.9106,2.1447,0,0,1.595,0.856,1.595,7925300,1.594,10643800,1.593,10047000,1.592,5123400,1.591,1843500,1.596,4500700,1.597,8763500,1.598,8237700,1.599,5806800,1.6,2304200,10:56:53.296,10:56:53,26013.66,25997.0,0.71,15,0.4
sz159920,10:56:51,1764125815193,10:57:54,1764125814377,1.595,1.5985,-0.219,25954.29,0.9106,2.1447,0,0,1.595,1.892,1.595,7925300,1.594,10643800,1.593,10047000,1.592,5123400,1.591,1843500,1.596,4500700,1.597,8763500,1.598,8237700,1.599,5806800,1.6,2304200,10:56:54.950,10:56:53,26013.66,25997.0,0.71,0,0.4
sz159920,10:56:51,1764125815302,10:57:54,1764125814377,1.595,1.5985,-0.219,25954.29,0.9106,1.9019,0,0,1.595,0.109,1.595,7925300,1.594,10643800,1.593,10047000,1.592,5123400,1.591,1843500,1.596,4500700,1.597,8763500,1.598,8237700,1.599,5806800,1.6,2304200,10:56:54.950,10:56:53,26013.66,25997.0,0.71,0,0.4
sz159920,10:56:54,1764125816309,10:57:55,1764125815373,1.595,1.5985,-0.219,25954.29,0.9106,1.2429,1000,1595,1.595,1.007,1.595,7921200,1.594,11506800,1.593,10047000,1.592,5213400,1.591,1843500,1.596,4500700,1.597,8763500,1.598,8237700,1.599,5806800,1.6,2304200,10:56:55.819,10:56:55,26013.6,25995.0,-0.43,1,0.4
sz159920,10:56:54,1764125817324,10:57:56,1764125816367,1.595,1.5985,-0.219,25953.41,0.9106,1.2173,0,0,1.595,1.016,1.595,7921200,1.594,11506800,1.593,10047000,1.592,5213400,1.591,1843500,1.596,4500700,1.597,8763500,1.598,8237700,1.599,5806800,1.6,2304200,10:56:57.322,10:56:57,26010.93,25995.0,-0.14,3,0.39
sz159920,10:56:54,1764125818310,10:57:56,1764125817555,1.595,1.5985,-0.219,25953.41,0.9106,1.215,0,0,1.595,0.986,1.595,7921200,1.594,11506800,1.593,10047000,1.592,5213400,1.591,1843500,1.596,4500700,1.597,8763500,1.598,8237700,1.599,5806800,1.6,2304200,10:56:57.826,10:56:57,26010.93,25995.0,-0.14,0,0.39
sz159920,10:56:57,1764125819323,10:57:58,1764125818380,1.595,1.5985,-0.219,25955.34,0.9106,1.2405,0,0,1.595,1.013,1.595,7151600,1.594,11506800,1.593,10047000,1.592,5123400,1.591,1843500,1.596,4500700,1.597,8763500,1.598,8237700,1.599,5806800,1.6,2304200,10:56:59.322,10:56:59,26012.7,25995.0,-0.75,1,0.39
sz159920,10:56:57,1764125820311,10:57:59,1764125819703,1.595,1.5985,-0.219,25955.34,0.9106,1.8601,0,0,1.595,0.988,1.595,7151600,1.594,11506800,1.593,10047000,1.592,5123400,1.591,1843500,1.596,4500700,1.597,8763500,1.598,8237700,1.599,5806800,1.6,2304200,10:56:59.827,10:56:59,26012.7,25995.0,-0.67,3,0.39
sz159920,10:56:57,1764125821322,10:58:00,1764125820392,1.595,1.5985,-0.219,25956.08,0.9106,1.6572,0,0,1.595,1.011,1.595,7151600,1.594,11506800,1.593,10047000,1.592,5123400,1.591,1843500,1.596,4500700,1.597,8763500,1.598,8237700,1.599,5806800,1.6,2304200,10:57:00.837,10:56:59,26012.7,25995.0,-0.67,0,0.39
sz159920,10:57:00,1764125822449,10:58:02,1764125822386,1.596,1.5985,-0.1564,25956.64,0.9106,1.5334,600,958,1.5967,1.126,1.595,4158700,1.594,11444000,1.593,10070600,1.592,8213400,1.591,1843500,1.596,5359700,1.597,8826200,1.598,8175000,1.599,5806800,1.6,2304200,10:57:02.438,10:57:02,26008.24,25994.0,-0.56,3,0.38
sz159920,10:57:00,1764125823311,10:58:02,1764125823094,1.596,1.5985,-0.1564,25956.64,0.9106,1.5821,0,0,1.596,0.862,1.595,4158700,1.594,11444000,1.593,10070600,1.592,8213400,1.591,1843500,1.596,5359700,1.597,8826200,1.598,8175000,1.599,5806800,1.6,2304200,10:57:02.896,10:57:02,26008.24,25994.0,-0.56,0,0.38
sz159920,10:57:00,1764125824314,10:58:02,1764125824044,1.596,1.5985,-0.1564,25956.64,0.9106,1.5821,0,0,1.596,1.003,1.595,4158700,1.594,11444000,1.593,10070600,1.592,8213400,1.591,1843500,1.596,5359700,1.597,8826200,1.598,8175000,1.599,5806800,1.6,2304200,10:57:03.841,10:57:02,26008.24,25994.0,-0.56,0,0.38
sz159920,10:57:00,1764125825319,10:58:04,1764125824387,1.596,1.5985,-0.1564,25957.4,0.9106,1.5042,0,0,1.596,1.005,1.595,4158700,1.594,11444000,1.593,10070600,1.592,8213400,1.591,1843500,1.596,5359700,1.597,8826200,1.598,8175000,1.599,5806800,1.6,2304200,10:57:04.847,10:57:04,26010.93,25995.5,0.33,1,0.39
sz159920,10:57:03,1764125826322,10:58:05,1764125826246,1.596,1.5985,-0.1564,25957.4,0.9106,1.3488,0,0,1.596,1.003,1.595,5038600,1.594,11444500,1.593,10070600,1.592,5213400,1.591,1843500,1.596,4500100,1.597,8826200,1.598,8175000,1.599,5806800,1.6,2307700,10:57:05.853,10:57:05,26011.92,25997.5,-0.1,0,0.39
sz159920,10:57:03,1764125827325,10:58:06,1764125826379,1.596,1.5985,-0.1564,25957.9,0.9106,1.2744,0,0,1.596,1.003,1.595,5038600,1.594,11444500,1.593,10070600,1.592,5213400,1.591,1843500,1.596,4500100,1.597,8826200,1.598,8175000,1.599,5806800,1.6,2307700,10:57:06.852,10:57:05,26011.92,25997.5,-0.1,0,0.39
sz159920,10:57:06,1764125828338,10:58:07,1764125827359,1.596,1.5987,-0.1689,25957.9,0.9106,1.2744,0,0,1.596,1.013,1.595,8991300,1.594,10644600,1.593,10007700,1.592,5123400,1.591,1843500,1.596,2465300,1.597,9953500,1.598,8237700,1.599,5958200,1.6,2307700,10:57:07.857,10:57:05,26011.92,25997.5,-0.1,0,0.39
sz159920,10:57:06,1764125829329,10:58:08,1764125828415,1.596,1.5987,-0.1689,25956.64,0.9106,1.2099,0,0,1.596,0.99,1.595,8991300,1.594,10644600,1.593,10007700,1.592,5123400,1.591,1843500,1.596,2465300,1.597,9953500,1.598,8237700,1.599,5958200,1.6,2307700,10:57:08.855,10:57:08,26018.03,25997.5,0.5,0,0.41
sz159920,10:57:06,1764125830322,10:58:09,1764125829370,1.596,1.5987,-0.1689,25956.64,0.9106,1.1808,0,0,1.596,0.993,1.595,8991300,1.594,10644600,1.593,10007700,1.592,5123400,1.591,1843500,1.596,2465300,1.597,9953500,1.598,8237700,1.599,5958200,1.6,2307700,10:57:09.868,10:57:08,26018.03,25997.5,0.5,0,0.41
sz159920,10:57:09,1764125831326,10:58:10,1764125830584,1.596,1.5987,-0.1689,25957.52,0.9106,2.4862,0,0,1.596,1.004,1.595,8901300,1.594,10644600,1.593,10007700,1.592,5123400,1.591,1843500,1.596,2465300,1.597,9953500,1.598,8237700,1.599,5958200,1.6,2307700,10:57:10.865,10:57:10,26013.6,25996.0,-0.33,1,0.4
sz159920,10:57:09,1764125832337,10:58:11,1764125831362,1.596,1.5987,-0.1689,25957.52,0.9106,2.5035,0,0,1.596,1.012,1.595,8901300,1.594,10644600,1.593,10007700,1.592,5123400,1.591,1843500,1.596,2465300,1.597,9953500,1.598,8237700,1.599,5958200,1.6,2307700,10:57:11.870,10:57:10,26013.6,25996.0,-0.33,0,0.4
sz159920,10:57:09,1764125833334,10:58:12,1764125832808,1.596,1.5987,-0.1689,25960.21,0.9106,3.2611,0,0,1.596,0.996,1.595,8901300,1.594,10644600,1.593,10007700,1.592,5123400,1.591,1843500,1.596,2465300,1.597,9953500,1.598,8237700,1.599,5958200,1.6,2307700,10:57:12.871,10:57:12,26014.47,25995.0,-0.14,0,0.4
sz159920,10:57:12,1764125834328,10:58:13,1764125833364,1.596,1.5987,-0.1689,25960.21,0.9106,3.3665,10000,15960,1.596,0.994,1.595,9021400,1.594,10647700,1.593,10007700,1.592,5123400,1.591,1843500,1.596,4791100,1.597,8763500,1.598,8238000,1.599,5958200,1.6,2307700,10:57:13.870,10:57:12,26014.47,25995.0,-0.14,0,0.4
sz159920,10:57:12,1764125835334,10:58:14,1764125834913,1.596,1.5987,-0.1689,25960.19,0.9106,3.3665,0,0,1.596,1.006,1.595,9021400,1.594,10647700,1.593,10007700,1.592,5123400,1.591,1843500,1.596,4791100,1.597,8763500,1.598,8238000,1.599,5958200,1.6,2307700,10:57:14.879,10:57:14,26011.84,25996.0,-0.64,0,0.39
sz159920,10:57:12,1764125836330,10:58:15,1764125835355,1.596,1.5987,-0.1689,25960.19,0.9106,2.3424,0,0,1.596,0.996,1.595,9021400,1.594,10647700,1.593,10007700,1.592,5123400,1.591,1843500,1.596,4791100,1.597,8763500,1.598,8238000,1.599,5958200,1.6,2307700,10:57:15.882,10:57:15,26010.93,25995.0,-0.14,1,0.39
sz159920,10:57:15,1764125837336,10:58:16,1764125837089,1.596,1.5987,-0.1689,25957.78,0.9106,2.3424,0,0,1.596,1.006,1.595,4319100,1.594,11510400,1.593,10007700,1.592,5123400,1.591,1843500,1.596,4791100,1.597,8758500,1.598,8238000,1.599,5958200,1.6,2307700,10:57:16.881,10:57:15,26010.93,25995.0,-0.14,0,0.39
sz159920,10:57:15,1764125838344,10:58:17,1764125837369,1.596,1.5987,-0.1689,25957.78,0.9106,2.5102,0,0,1.596,1.007,1.595,4319100,1.594,11510400,1.593,10007700,1.592,5123400,1.591,1843500,1.596,4791100,1.597,8758500,1.598,8238000,1.599,5958200,1.6,2307700,10:57:17.886,10:57:17,26006.4,25993.0,0.6,0,0.37
sz159920,10:57:15,1764125839338,10:58:18,1764125839257,1.596,1.5987,-0.1689,25957.34,0.9106,2.5102,0,0,1.596,0.994,1.595,4319100,1.594,11510400,1.593,10007700,1.592,5123400,1.591,1843500,1.596,4791100,1.597,8758500,1.598,8238000,1.599,5958200,1.6,2307700,10:57:18.879,10:57:18,26008.2,25993.0,0.2,0,0.38
