symbol,tx_server_time,tx_local_time,bd_server_time,bd_local_time,price,iopv,premium_rate,index_price,fx_rate,sentiment,tick_vol,tick_amt,tick_vwap,interval_s,bp1,bv1,bp2,bv2,bp3,bv3,bp4,bv4,bp5,bv5,sp1,sv1,sp2,sv2,sp3,sv3,sp4,sv4,sp5,sv5,fut_local_time,fut_tick_time,fut_price,fut_mid,fut_imb,fut_delta_vol,fut_pct
sz159920,09:31:30,1764639092079,,0,1.606,1.6079,-0.1182,0.0,0.9075,0.0,0,0,1.606,0.0,1.605,2784700,1.604,6060000,1.603,7607600,1.602,5601700,1.601,1128900,1.606,3060800,1.607,7814500,1.608,4224900,1.609,2182000,1.61,2145100,09:31:32.075,09:31:31,26183.94,26177.5,-0.11,0,0.49
sz159920,09:31:30,1764639092810,,0,1.606,1.6079,-0.1182,0.0,0.9075,0.4141,0,0,1.606,0.731,1.605,2784700,1.604,6060000,1.603,7607600,1.602,5601700,1.601,1128900,1.606,3060800,1.607,7814500,1.608,4224900,1.609,2182000,1.61,2145100,09:31:32.307,09:31:32,26182.5,26176.0,0.67,4,0.49
sz159920,09:31:30,1764639094543,,0,1.606,1.6079,-0.1182,0.0,0.9075,1.0094,0,0,1.606,1.733,1.605,2784700,1.604,6060000,1.603,7607600,1.602,5601700,1.601,1128900,1.606,3060800,1.607,7814500,1.608,4224900,1.609,2182000,1.61,2145100,09:31:34.514,09:31:33,26172.2,26166.0,0.6,3,0.45
sz159920,09:31:42,1764639106531,,0,1.605,1.6079,-0.1804,0.0,0.9075,0.0,0,0,1.605,0.0,1.604,3831600,1.603,6108700,1.602,7115600,1.601,5628900,1.6,1752800,1.605,2924400,1.606,6800300,1.607,5778200,1.608,1413200,1.609,2167000,09:31:46.530,09:31:45,26166.3,26159.5,0.11,0,0.42
sz159920,09:31:45,1764639107906,,0,1.604,1.6072,-0.1991,0.0,0.9075,0.5123,15500,24877,1.605,1.375,1.604,2325500,1.603,6158700,1.602,7057200,1.601,5687300,1.6,1799000,1.605,2944400,1.606,6871700,1.607,5778200,1.608,1423200,1.609,2168000,09:31:47.894,09:31:47,26167.2,26161.0,-0.67,1,0.43
sz159920,09:31:45,1764639108529,,0,1.604,1.6072,-0.1991,0.0,0.9075,1.7521,0,0,1.604,0.622,1.604,2325500,1.603,6158700,1.602,7057200,1.601,5687300,1.6,1799000,1.605,2944400,1.606,6871700,1.607,5778200,1.608,1423200,1.609,2168000,09:31:48.242,09:31:47,26169.0,26160.0,-0.2,5,0.43
sz159920,09:31:45,1764639109759,,0,1.604,1.6072,-0.1991,0.0,0.9075,1.7521,0,0,1.604,1.23,1.604,2325500,1.603,6158700,1.602,7057200,1.601,5687300,1.6,1799000,1.605,2944400,1.606,6871700,1.607,5778200,1.608,1423200,1.609,2168000,09:31:48.954,09:31:48,26167.03,26159.0,0.0,7,0.43
sz159920,09:31:45,1764639111927,,0,1.604,1.6072,-0.1991,0.0,0.9075,1.9205,0,0,1.604,2.168,1.604,2325500,1.603,6158700,1.602,7057200,1.601,5687300,1.6,1799000,1.605,2944400,1.606,6871700,1.607,5778200,1.608,1423200,1.609,2168000,09:31:51.023,09:31:49,26167.92,26160.0,0.5,13,0.43
sz159920,09:31:48,1764639113047,,0,1.605,1.6072,-0.1369,0.0,0.9075,0.8239,73800,118390,1.6042,1.12,1.604,2225100,1.603,7162300,1.602,7060400,1.601,5928900,1.6,1857400,1.605,2942900,1.606,6882300,1.607,5763700,1.608,1394500,1.609,2168000,09:31:52.410,09:31:51,26165.76,26160.0,0.5,35,0.42
sz159920,09:31:48,1764639113708,,0,1.605,1.6072,-0.1369,0.0,0.9075,0.8239,0,0,1.605,0.661,1.604,2225100,1.603,7162300,1.602,7060400,1.601,5928900,1.6,1857400,1.605,2942900,1.606,6882300,1.607,5763700,1.608,1394500,1.609,2168000,09:31:53.461,09:31:52,26166.48,26160.0,0.5,17,0.42
sz159920,09:31:51,1764639114637,,0,1.605,1.6072,-0.1369,0.0,0.9075,0.333,57700,92566,1.6043,0.93,1.604,2258200,1.603,7162300,1.602,7058400,1.601,5928900,1.6,1857400,1.605,2957000,1.606,6837300,1.607,5759400,1.608,1393500,1.609,2168000,09:31:54.356,09:31:53,26163.75,26157.0,0.33,2,0.41
sz159920,09:31:51,1764639115327,,0,1.605,1.6072,-0.1369,0.0,0.9075,1.0051,0,0,1.605,0.689,1.604,2258200,1.603,7162300,1.602,7058400,1.601,5928900,1.6,1857400,1.605,2957000,1.606,6837300,1.607,5759400,1.608,1393500,1.609,2168000,09:31:55.082,09:31:54,26167.2,26159.0,-0.71,4,0.43
sz159920,09:31:51,1764639116222,09:32:55,1764639115488,1.605,1.6072,-0.1369,26145.74,0.9075,1.0051,0,0,1.605,0.895,1.604,2258200,1.603,7162300,1.602,7058400,1.601,5928900,1.6,1857400,1.605,2957000,1.606,6837300,1.607,5759400,1.608,1393500,1.609,2168000,09:31:55.630,09:31:55,26167.39,26159.5,0.14,1,0.43
sz159920,09:31:54,1764639117176,09:32:56,1764639116428,1.605,1.6072,-0.1369,26148.68,0.9075,1.7336,61000,97857,1.6042,0.954,1.604,643900,1.603,8696200,1.602,7058400,1.601,5928900,1.6,1858400,1.605,5288700,1.606,4517400,1.607,5741000,1.608,1311700,1.609,2168000,09:31:56.686,09:31:56,26172.37,26166.0,-0.78,19,0.45
sz159920,09:31:54,1764639118087,09:32:57,1764639117416,1.605,1.6072,-0.1369,26148.68,0.9075,1.4645,0,0,1.605,0.911,1.604,643900,1.603,8696200,1.602,7058400,1.601,5928900,1.6,1858400,1.605,5288700,1.606,4517400,1.607,5741000,1.608,1311700,1.609,2168000,09:31:57.658,09:31:56,26175.04,26166.0,0.6,0,0.46
sz159920,09:31:54,1764639119087,09:32:58,1764639118477,1.605,1.6072,-0.1369,26148.7,0.9075,1.5525,0,0,1.605,1.0,1.604,643900,1.603,8696200,1.602,7058400,1.601,5928900,1.6,1858400,1.605,5288700,1.606,4517400,1.607,5741000,1.608,1311700,1.609,2168000,09:31:58.716,09:31:58,26171.28,26167.0,0.67,1,0.44
sz159920,09:31:57,1764639120098,09:32:59,1764639119422,1.605,1.6072,-0.1369,26148.7,0.9075,2.0242,242200,388509,1.6041,1.01,1.604,3355600,1.603,7162300,1.602,7058400,1.601,5928900,1.6,1858400,1.605,2999800,1.606,7080700,1.607,5735000,1.608,1311800,1.609,2171000,09:31:59.628,09:31:59,26175.04,26168.5,-0.33,5,0.46
sz159920,09:31:57,1764639121088,09:33:00,1764639120389,1.605,1.6072,-0.1369,26150.84,0.9075,1.4313,0,0,1.605,0.991,1.604,3355600,1.603,7162300,1.602,7058400,1.601,5928900,1.6,1858400,1.605,2999800,1.606,7080700,1.607,5735000,1.608,1311800,1.609,2171000,09:32:00.631,09:32:00,26173.76,26169.0,0.6,28,0.45
sz159920,09:31:57,1764639122098,09:33:01,1764639121417,1.605,1.6072,-0.1369,26150.84,0.9075,1.3606,0,0,1.605,1.01,1.604,3355600,1.603,7162300,1.602,7058400,1.601,5928900,1.6,1858400,1.605,2999800,1.606,7080700,1.607,5735000,1.608,1311800,1.609,2171000,09:32:01.628,09:32:01,26179.8,26172.5,0.0,9,0.48
sz159920,09:32:00,1764639123124,09:33:02,1764639122423,1.605,1.6062,-0.0747,26161.07,0.9075,1.3606,25600,41078,1.6046,1.025,1.604,8255600,1.603,7162300,1.602,7058400,1.601,1928900,1.6,1858400,1.605,1651400,1.606,7323900,1.607,5735100,1.608,1317800,1.609,2171000,09:32:02.635,09:32:02,26171.94,26167.5,0.09,30,0.44
sz159920,09:32:00,1764639124106,09:33:03,1764639123797,1.605,1.6062,-0.0747,26161.07,0.9075,4.2552,0,0,1.605,0.982,1.604,8255600,1.603,7162300,1.602,7058400,1.601,1928900,1.6,1858400,1.605,1651400,1.606,7323900,1.607,5735100,1.608,1317800,1.609,2171000,09:32:03.641,09:32:03,26179.49,26173.0,-0.6,8,0.47
sz159920,09:32:03,1764639125103,09:33:04,1764639124405,1.605,1.6062,-0.0747,26156.74,0.9075,4.5531,73200,117436,1.6043,0.997,1.604,9205400,1.603,8162300,1.602,7524700,1.601,1428900,1.6,1358400,1.605,451600,1.606,5812100,1.607,4235100,1.608,1317800,1.609,2171000,09:32:04.665,09:32:04,26181.6,26176.0,0.0,18,0.48
sz159920,09:32:03,1764639127130,09:33:05,1764639125734,1.605,1.6062,-0.0747,26156.74,0.9075,4.5531,0,0,1.605,2.028,1.604,9205400,1.603,8162300,1.602,7524700,1.601,1428900,1.6,1358400,1.605,451600,1.606,5812100,1.607,4235100,1.608,1317800,1.609,2171000,09:32:05.646,09:32:05,26184.16,26180.0,-0.43,4,0.49
sz159920,09:32:03,1764639127315,09:33:06,1764639127204,1.605,1.6062,-0.0747,26159.38,0.9075,3.8138,0,0,1.605,0.185,1.604,9205400,1.603,8162300,1.602,7524700,1.601,1428900,1.6,1358400,1.605,451600,1.606,5812100,1.607,4235100,1.608,1317800,1.609,2171000,09:32:07.311,09:32:06,26183.77,26179.0,-0.54,18,0.49
sz159920,09:32:03,1764639128971,09:33:07,1764639128611,1.605,1.6062,-0.0747,26159.38,0.9075,3.413,0,0,1.605,1.655,1.604,9205400,1.603,8162300,1.602,7524700,1.601,1428900,1.6,1358400,1.605,451600,1.606,5812100,1.607,4235100,1.608,1317800,1.609,2171000,09:32:08.463,09:32:07,26189.23,26183.0,0.33,18,0.51
sz159920,09:32:06,1764639129193,09:33:08,1764639128992,1.605,1.6062,-0.0747,26165.16,0.9075,2.8865,546100,876491,1.605,0.223,1.605,2245200,1.604,7439000,1.603,8620500,1.602,7824700,1.601,1428900,1.606,3513900,1.607,6496100,1.608,2039700,1.609,2191000,1.61,2127600,09:32:09.178,09:32:08,26187.84,26184.0,-0.33,9,0.51
sz159920,09:32:06,1764639130206,09:33:09,1764639130074,1.605,1.6062,-0.0747,26165.16,0.9075,4.234,0,0,1.605,1.013,1.605,2245200,1.604,7439000,1.603,8620500,1.602,7824700,1.601,1428900,1.606,3513900,1.607,6496100,1.608,2039700,1.609,2191000,1.61,2127600,09:32:10.056,09:32:09,26185.59,26180.0,0.2,58,0.5
sz159920,09:32:09,1764639131184,09:33:10,1764639130415,1.605,1.6062,-0.0747,26166.09,0.9075,3.3021,34500,55387,1.6054,0.978,1.605,2244600,1.604,7439000,1.603,8967200,1.602,5810800,1.601,1128900,1.606,3488500,1.607,6496100,1.608,1903000,1.609,2191000,1.61,2189400,09:32:11.065,09:32:09,26185.59,26180.0,0.2,0,0.5
sz159920,09:32:09,1764639132193,09:33:11,1764639131429,1.605,1.6062,-0.0747,26166.09,0.9075,2.7957,0,0,1.605,1.009,1.605,2244600,1.604,7439000,1.603,8967200,1.602,5810800,1.601,1128900,1.606,3488500,1.607,6496100,1.608,1903000,1.609,2191000,1.61,2189400,09:32:12.075,09:32:11,26185.08,26180.0,-0.33,9,0.5
sz159920,09:32:09,1764639133208,09:33:12,1764639132408,1.605,1.6062,-0.0747,26165.9,0.9075,1.9699,0,0,1.605,1.016,1.605,2244600,1.604,7439000,1.603,8967200,1.602,5810800,1.601,1128900,1.606,3488500,1.607,6496100,1.608,1903000,1.609,2191000,1.61,2189400,09:32:13.063,09:32:12,26180.7,26174.5,0.0,5,0.48
sz159920,09:32:12,1764639134190,09:33:13,1764639133429,1.605,1.6062,-0.0747,26165.9,0.9075,1.8738,315900,507038,1.6051,0.982,1.605,95400,1.604,8974900,1.603,8668200,1.602,5857200,1.601,1428900,1.606,5862200,1.607,4197000,1.608,2951100,1.609,2191000,1.61,2190100,09:32:14.083,09:32:13,26182.16,26175.0,0.0,19,0.48
sz159920,09:32:12,1764639135180,09:33:14,1764639134411,1.605,1.6062,-0.0747,26164.38,0.9075,1.3973,0,0,1.605,0.99,1.605,95400,1.604,8974900,1.603,8668200,1.602,5857200,1.601,1428900,1.606,5862200,1.607,4197000,1.608,2951100,1.609,2191000,1.61,2190100,09:32:15.073,09:32:15,26180.7,26174.0,0.6,4,0.48
sz159920,09:32:12,1764639137760,09:33:15,1764639135518,1.605,1.6062,-0.0747,26164.38,0.9075,1.5012,0,0,1.605,2.58,1.605,95400,1.604,8974900,1.603,8668200,1.602,5857200,1.601,1428900,1.606,5862200,1.607,4197000,1.608,2951100,1.609,2191000,1.61,2190100,09:32:16.551,09:32:15,26179.8,26174.0,0.5,0,0.48
sz159920,09:32:15,1764639139094,09:33:17,1764639139036,1.605,1.6084,-0.2114,26164.21,0.9075,4.4,20000,32115,1.6058,1.334,1.605,457500,1.604,9024900,1.603,8668200,1.602,5884600,1.601,1430200,1.606,5871300,1.607,4205900,1.608,2964200,1.609,2642600,1.61,2190100,09:32:18.400,09:32:16,26184.83,26177.5,0.0,14,0.49
sz159920,09:32:15,1764639140794,09:33:18,1764639139210,1.605,1.6084,-0.2114,26163.59,0.9075,4.4,0,0,1.605,1.7,1.605,457500,1.604,9024900,1.603,8668200,1.602,5884600,1.601,1430200,1.606,5871300,1.607,4205900,1.608,2964200,1.609,2642600,1.61,2190100,09:32:19.193,09:32:18,26184.16,26180.0,0.67,26,0.49
sz159920,09:32:15,1764639141326,09:33:20,1764639141239,1.605,1.6084,-0.2114,26163.95,0.9075,3.8435,0,0,1.605,0.532,1.605,457500,1.604,9024900,1.603,8668200,1.602,5884600,1.601,1430200,1.606,5871300,1.607,4205900,1.608,2964200,1.609,2642600,1.61,2190100,09:32:20.914,09:32:18,26188.76,26182.0,0.6,8,0.51
sz159920,09:32:18,1764639143190,09:33:21,1764639142863,1.606,1.6084,-0.1492,26163.95,0.9075,3.6863,59200,95036,1.6053,1.863,1.605,3567100,1.604,7444300,1.603,8668200,1.602,5885600,1.601,1430200,1.606,3564600,1.607,6505900,1.608,3104500,1.609,2691000,1.61,2200100,09:32:23.118,09:32:21,26189.23,26184.5,0.5,9,0.51
sz159920,09:32:21,1764639145726,09:33:22,1764639144944,1.605,1.6084,-0.2114,26168.29,0.9075,3.7011,29700,47684,1.6055,2.536,1.605,3552600,1.604,7444300,1.603,8968200,1.602,5885600,1.601,1130200,1.606,3592900,1.607,6181800,1.608,3104700,1.609,2691000,1.61,2196300,09:32:25.722,09:32:23,26186.0,26182.0,0.14,14,0.5
sz159920,09:32:21,1764639146003,09:33:24,1764639145877,1.605,1.6084,-0.2114,26167.25,0.9075,2.5604,0,0,1.605,0.278,1.605,3552600,1.604,7444300,1.603,8968200,1.602,5885600,1.601,1130200,1.606,3592900,1.607,6181800,1.608,3104700,1.609,2691000,1.61,2196300,09:32:25.999,09:32:25,26189.7,26184.0,-0.2,15,0.51
sz159920,09:32:24,1764639146911,09:33:26,1764639146755,1.606,1.6084,-0.1492,26168.15,0.9075,2.0459,40100,64375,1.6054,0.907,1.605,4527600,1.604,7449300,1.603,8968200,1.602,5885600,1.601,1130300,1.606,3587500,1.607,6191800,1.608,2104700,1.609,2681000,1.61,2200300,09:32:26.748,09:32:25,26189.7,26184.5,-0.45,1,0.51
sz159920,09:32:24,1764639150078,09:33:27,1764639149940,1.606,1.6084,-0.1492,26168.15,0.9075,2.6824,0,0,1.606,3.167,1.605,4527600,1.604,7449300,1.603,8968200,1.602,5885600,1.601,1130300,1.606,3587500,1.607,6191800,1.608,2104700,1.609,2681000,1.61,2200300,09:32:29.933,09:32:27,26187.41,26183.0,0.2,1,0.5
sz159920,09:32:27,1764639151049,09:33:29,1764639150625,1.605,1.6084,-0.2114,26168.14,0.9075,2.5166,20400,32762,1.606,0.971,1.605,3526300,1.604,7449300,1.603,8968200,1.602,5885600,1.601,1130400,1.606,3371800,1.607,6191800,1.608,3104700,1.609,2681000,1.61,2200300,09:32:30.697,09:32:29,26192.4,26187.5,0.33,52,0.52
sz159920,09:32:27,1764639152414,09:33:30,1764639151646,1.605,1.6084,-0.2114,26171.79,0.9075,4.3887,0,0,1.605,1.365,1.605,3526300,1.604,7449300,1.603,8968200,1.602,5885600,1.601,1130400,1.606,3371800,1.607,6191800,1.608,3104700,1.609,2681000,1.61,2200300,09:32:32.075,09:32:30,26194.2,26190.0,0.5,6,0.53
sz159920,09:32:30,1764639153705,09:33:32,1764639153686,1.605,1.6084,-0.2114,26170.56,0.9075,3.5127,221100,354994,1.6056,1.29,1.605,9298700,1.604,7449300,1.603,8968200,1.602,1385600,1.601,1130400,1.606,1035600,1.607,6444000,1.608,3265300,1.609,2681000,1.61,2200300,09:32:33.296,09:32:31,26195.6,26192.0,0.6,8,0.54
sz159920,09:32:30,1764639154986,09:33:33,1764639154941,1.605,1.6084,-0.2114,26170.56,0.9075,3.638,0,0,1.605,1.281,1.605,9298700,1.604,7449300,1.603,8968200,1.602,1385600,1.601,1130400,1.606,1035600,1.607,6444000,1.608,3265300,1.609,2681000,1.61,2200300,09:32:34.914,09:32:33,26198.7,26196.0,-0.14,18,0.55
sz159920,09:32:33,1764639156506,09:33:34,1764639155528,1.606,1.6084,-0.1492,26171.83,0.9075,2.9351,1097200,1762102,1.606,1.52,1.606,1541600,1.605,7889100,1.604,7912900,1.603,8968200,1.602,1382400,1.607,3901700,1.608,5568500,1.609,2918400,1.61,2200300,1.611,2184700,09:32:36.344,09:32:34,26198.33,26195.5,0.0,20,0.55
sz159920,09:32:33,1764639157748,09:33:36,1764639157717,1.606,1.6084,-0.1492,26173.51,0.9075,1.6822,0,0,1.606,1.242,1.606,1541600,1.605,7889100,1.604,7912900,1.603,8968200,1.602,1382400,1.607,3901700,1.608,5568500,1.609,2918400,1.61,2200300,1.611,2184700,09:32:37.680,09:32:36,26197.8,26194.0,-0.2,17,0.54
sz159920,09:32:33,1764639158048,09:33:37,1764639157971,1.606,1.6084,-0.1492,26173.51,0.9075,1.3959,0,0,1.606,0.3,1.606,1541600,1.605,7889100,1.604,7912900,1.603,8968200,1.602,1382400,1.607,3901700,1.608,5568500,1.609,2918400,1.61,2200300,1.611,2184700,09:32:38.046,09:32:37,26200.5,26198.0,-0.67,24,0.55
sz159920,09:32:36,1764639163014,09:33:38,1764639160354,1.607,1.6084,-0.087,26177.79,0.9075,2.779,29700,47713,1.6065,4.966,1.606,2678600,1.605,7904100,1.604,7959900,1.603,7817600,1.602,1382500,1.607,3876200,1.608,5568500,1.609,2918400,1.61,2200300,1.611,2184800,09:32:42.931,09:32:38,26199.24,26197.0,-0.33,2,0.55
sz159920,09:32:39,1764639166595,09:33:42,1764639166354,1.606,1.6084,-0.1492,26177.06,0.9075,2.6022,332500,534010,1.606,3.581,1.605,8619600,1.604,7959900,1.603,7817600,1.602,1382500,1.601,1130200,1.606,53400,1.607,6177700,1.608,3129500,1.609,2918400,1.61,2201300,09:32:46.519,09:32:42,26196.4,26194.0,-0.6,39,0.54
sz159920,09:32:42,1764639167455,09:33:46,1764639167281,1.606,1.6084,-0.1492,26179.75,0.9075,5.8388,53400,85761,1.606,0.86,1.606,500000,1.605,8581800,1.604,7959900,1.603,7817600,1.602,1382400,1.607,6181900,1.608,3129500,1.609,2918400,1.61,2199800,1.611,2204800,09:32:47.360,09:32:46,26194.28,26192.0,-0.5,25,0.53
sz159920,09:32:45,1764639168546,09:33:47,1764639168353,1.606,1.609,-0.1865,26179.75,0.9075,5.5608,20600,33098,1.6067,1.09,1.606,144900,1.605,8586500,1.604,7959900,1.603,7817600,1.602,1394200,1.607,6174600,1.608,3129500,1.609,2918400,1.61,2201100,1.611,2204800,09:32:48.330,09:32:46,26194.28,26191.0,0.14,6,0.53
sz159920,09:32:45,1764639169935,09:33:48,1764639169146,1.606,1.609,-0.1865,26178.41,0.9075,5.3404,0,0,1.606,1.39,1.606,144900,1.605,8586500,1.604,7959900,1.603,7817600,1.602,1394200,1.607,6174600,1.608,3129500,1.609,2918400,1.61,2201100,1.611,2204800,09:32:49.003,09:32:48,26194.69,26191.0,-0.14,8,0.53
sz159920,09:32:48,1764639171361,09:33:49,1764639171152,1.607,1.609,-0.1243,26178.41,0.9075,5.8952,26500,42574,1.6066,1.426,1.606,633500,1.605,8587000,1.604,7959900,1.603,7817600,1.602,1394200,1.607,6379100,1.608,3129500,1.609,2918400,1.61,2200600,1.611,2204800,09:32:50.625,09:32:48,26195.6,26192.0,0.33,4,0.54
sz159920,09:32:48,1764639172072,09:33:50,1764639171945,1.607,1.609,-0.1243,26181.38,0.9075,4.823,0,0,1.607,0.711,1.606,633500,1.605,8587000,1.604,7959900,1.603,7817600,1.602,1394200,1.607,6379100,1.608,3129500,1.609,2918400,1.61,2200600,1.611,2204800,09:32:51.861,09:32:50,26199.8,26196.0,0.56,14,0.55
sz159920,09:32:48,1764639172651,09:33:51,1764639172092,1.607,1.609,-0.1243,26181.38,0.9075,4.7807,0,0,1.607,0.579,1.606,633500,1.605,8587000,1.604,7959900,1.603,7817600,1.602,1394200,1.607,6379100,1.608,3129500,1.609,2918400,1.61,2200600,1.611,2204800,09:32:52.649,09:32:51,26195.2,26190.5,0.0,0,0.53
sz159920,09:32:51,1764639173405,09:33:52,1764639173304,1.606,1.609,-0.1865,26181.63,0.9075,4.3138,48900,78550,1.6063,0.755,1.606,151800,1.605,8589000,1.604,7959900,1.603,7817600,1.602,1394200,1.607,6711200,1.608,3129500,1.609,2921400,1.61,2200600,1.611,2204800,09:32:52.903,09:32:52,26191.95,26187.0,0.0,13,0.52
sz159920,09:32:51,1764639174428,09:33:53,1764639173421,1.606,1.609,-0.1865,26181.63,0.9075,4.1005,0,0,1.606,1.022,1.606,151800,1.605,8589000,1.604,7959900,1.603,7817600,1.602,1394200,1.607,6711200,1.608,3129500,1.609,2921400,1.61,2200600,1.611,2204800,09:32:53.899,09:32:53,26191.06,26185.0,0.43,0,0.52
sz159920,09:32:51,1764639175410,09:33:54,1764639174432,1.606,1.609,-0.1865,26179.18,0.9075,2.1113,0,0,1.606,0.983,1.606,151800,1.605,8589000,1.604,7959900,1.603,7817600,1.602,1394200,1.607,6711200,1.608,3129500,1.609,2921400,1.61,2200600,1.611,2204800,09:32:54.958,09:32:54,26187.9,26184.0,-0.33,6,0.51
sz159920,09:32:54,1764639176405,09:33:54,1764639175456,1.606,1.609,-0.1865,26179.18,0.9075,2.5213,166900,268041,1.606,0.995,1.605,4589000,1.604,7959900,1.603,7817600,1.602,5394200,1.601,1330200,1.606,2871300,1.607,6721300,1.608,4230100,1.609,2671600,1.61,2200600,09:32:55.923,09:32:55,26186.5,26182.0,0.2,8,0.5
sz159920,09:32:54,1764639177930,09:33:56,1764639176408,1.606,1.609,-0.1865,26172.19,0.9075,2.3359,0,0,1.606,1.525,1.605,4589000,1.604,7959900,1.603,7817600,1.602,5394200,1.601,1330200,1.606,2871300,1.607,6721300,1.608,4230100,1.609,2671600,1.61,2200600,09:32:57.928,09:32:57,26183.24,26180.0,-0.6,2,0.49
sz159920,09:32:54,1764639178647,09:33:57,1764639178136,1.606,1.609,-0.1865,26172.19,0.9075,2.7142,0,0,1.606,0.717,1.605,4589000,1.604,7959900,1.603,7817600,1.602,5394200,1.601,1330200,1.606,2871300,1.607,6721300,1.608,4230100,1.609,2671600,1.61,2200600,09:32:58.419,09:32:57,26183.24,26179.0,0.56,4,0.49
sz159920,09:32:57,1764639179420,09:33:58,1764639178648,1.606,1.609,-0.1865,26168.52,0.9075,3.2427,15200,24411,1.606,0.773,1.605,1443500,1.604,7961900,1.603,8968200,1.602,5394200,1.601,1330200,1.606,2876700,1.607,6721800,1.608,4235100,1.609,2676600,1.61,2200600,09:32:58.974,09:32:58,26182.32,26176.5,0.0,0,0.48
sz159920,09:32:57,1764639180668,09:34:00,1764639180667,1.606,1.609,-0.1865,26169.39,0.9075,1.955,0,0,1.606,1.249,1.605,1443500,1.604,7961900,1.603,8968200,1.602,5394200,1.601,1330200,1.606,2876700,1.607,6721800,1.608,4235100,1.609,2676600,1.61,2200600,09:32:59.989,09:32:59,26184.83,26178.0,0.4,9,0.49
sz159920,09:32:57,1764639182043,09:34:00,1764639180667,1.606,1.609,-0.1865,26169.39,0.9075,3.1858,0,0,1.606,1.374,1.605,1443500,1.604,7961900,1.603,8968200,1.602,5394200,1.601,1330200,1.606,2876700,1.607,6721800,1.608,4235100,1.609,2676600,1.61,2200600,09:33:02.037,09:33:01,26179.56,26175.0,-0.5,11,0.47
sz159920,09:32:57,1764639182423,09:34:02,1764639182406,1.606,1.609,-0.1865,26165.15,0.9075,2.5998,0,0,1.606,0.38,1.605,1443500,1.604,7961900,1.603,8968200,1.602,5394200,1.601,1330200,1.606,2876700,1.607,6721800,1.608,4235100,1.609,2676600,1.61,2200600,09:33:02.243,09:33:01,26181.4,26176.0,0.5,16,0.48
sz159920,09:33:00,1764639184260,09:34:03,1764639184250,1.606,1.6091,-0.1927,26165.15,0.9075,1.909,91100,146307,1.606,1.838,1.605,1443500,1.604,7961900,1.603,8990200,1.602,5394200,1.601,1330200,1.606,5094200,1.607,4437800,1.608,4236600,1.609,2676600,1.61,2200600,09:33:04.000,09:33:02,26183.94,26178.5,-0.14,3,0.49
sz159920,09:33:00,1764639185145,09:34:03,1764639184886,1.606,1.6091,-0.1927,26165.15,0.9075,1.688,0,0,1.606,0.885,1.605,1443500,1.604,7961900,1.603,8990200,1.602,5394200,1.601,1330200,1.606,5094200,1.607,4437800,1.608,4236600,1.609,2676600,1.61,2200600,09:33:04.867,09:33:03,26176.49,26171.5,0.0,24,0.46
sz159920,09:33:00,1764639185838,09:34:04,1764639185146,1.606,1.6091,-0.1927,26159.32,0.9075,-0.1968,0,0,1.606,0.693,1.605,1443500,1.604,7961900,1.603,8990200,1.602,5394200,1.601,1330200,1.606,5094200,1.607,4437800,1.608,4236600,1.609,2676600,1.61,2200600,09:33:05.548,09:33:04,26178.0,26172.0,-0.5,13,0.47
sz159920,09:33:03,1764639187122,09:34:06,1764639187119,1.605,1.6091,-0.2548,26161.98,0.9075,-0.5395,184400,295982,1.6051,1.284,1.605,142300,1.604,8634600,1.603,8690200,1.602,5394200,1.601,1630200,1.606,5089200,1.607,4437800,1.608,4237600,1.609,2678600,1.61,2205600,09:33:06.652,09:33:05,26177.72,26174.0,0.14,13,0.47
sz159920,09:33:03,1764639187610,09:34:06,1764639187119,1.605,1.6091,-0.2548,26161.98,0.9075,0.1503,0,0,1.605,0.489,1.605,142300,1.604,8634600,1.603,8690200,1.602,5394200,1.601,1630200,1.606,5089200,1.607,4437800,1.608,4237600,1.609,2678600,1.61,2205600,09:33:07.584,09:33:07,26178.31,26174.0,0.2,9,0.47
sz159920,09:33:06,1764639188572,09:34:07,1764639188486,1.606,1.6091,-0.1927,26161.98,0.9075,1.8393,174900,280726,1.6051,0.962,1.604,8137200,1.603,8700200,1.602,5849800,1.601,1630200,1.6,1313500,1.605,20000,1.606,5175100,1.607,4436200,1.608,3087000,1.609,2878600,09:33:08.244,09:33:07,26175.58,26171.0,0.62,6,0.46
sz159920,09:33:06,1764639189432,09:34:08,1764639188574,1.606,1.6091,-0.1927,26160.94,0.9075,2.3681,0,0,1.606,0.86,1.604,8137200,1.603,8700200,1.602,5849800,1.601,1630200,1.6,1313500,1.605,20000,1.606,5175100,1.607,4436200,1.608,3087000,1.609,2878600,09:33:09.384,09:33:09,26177.71,26171.5,0.4,2,0.47
sz159920,09:33:06,1764639190733,09:34:10,1764639190697,1.606,1.6091,-0.1927,26161.87,0.9075,2.475,0,0,1.606,1.301,1.604,8137200,1.603,8700200,1.602,5849800,1.601,1630200,1.6,1313500,1.605,20000,1.606,5175100,1.607,4436200,1.608,3087000,1.609,2878600,09:33:10.680,09:33:09,26179.49,26173.0,0.33,0,0.47
sz159920,09:33:09,1764639191816,09:34:11,1764639191807,1.605,1.6091,-0.2548,26161.87,0.9075,2.8341,21400,34347,1.605,1.083,1.604,8137100,1.603,8700200,1.602,5896200,1.601,1630200,1.6,1313500,1.605,56600,1.606,5375900,1.607,4445500,1.608,2840200,1.609,2860200,09:33:11.556,09:33:11,26176.8,26171.5,0.43,7,0.46
sz159920,09:33:09,1764639192991,09:34:11,1764639191807,1.605,1.6091,-0.2548,26161.87,0.9075,3.0019,0,0,1.605,1.175,1.604,8137100,1.603,8700200,1.602,5896200,1.601,1630200,1.6,1313500,1.605,56600,1.606,5375900,1.607,4445500,1.608,2840200,1.609,2860200,09:33:12.433,09:33:11,26178.64,26174.0,-0.71,4,0.47
sz159920,09:33:09,1764639193430,09:34:13,1764639193418,1.605,1.6091,-0.2548,26158.58,0.9075,2.209,0,0,1.605,0.439,1.604,8137100,1.603,8700200,1.602,5896200,1.601,1630200,1.6,1313500,1.605,56600,1.606,5375900,1.607,4445500,1.608,2840200,1.609,2860200,09:33:13.085,09:33:12,26178.9,26172.0,-0.14,16,0.47
sz159920,09:33:12,1764639194662,09:34:14,1764639194660,1.604,1.6091,-0.3169,26158.82,0.9075,1.7994,32900,52787,1.6045,1.232,1.604,8119300,1.603,8700200,1.602,5897200,1.601,1630200,1.6,1309500,1.605,155300,1.606,5376100,1.607,4432500,1.608,2840200,1.609,2860200,09:33:14.252,09:33:13,26176.49,26170.0,-0.25,2,0.46
sz159920,09:33:12,1764639195438,09:34:15,1764639195422,1.604,1.6091,-0.3169,26158.82,0.9075,1.6399,0,0,1.604,0.776,1.604,8119300,1.603,8700200,1.602,5897200,1.601,1630200,1.6,1309500,1.605,155300,1.606,5376100,1.607,4432500,1.608,2840200,1.609,2860200,09:33:15.044,09:33:15,26176.8,26172.5,-0.33,10,0.46
sz159920,09:33:12,1764639196448,09:34:16,1764639196387,1.604,1.6091,-0.3169,26158.82,0.9075,2.6498,0,0,1.604,1.009,1.604,8119300,1.603,8700200,1.602,5897200,1.601,1630200,1.6,1309500,1.605,155300,1.606,5376100,1.607,4432500,1.608,2840200,1.609,2860200,09:33:16.041,09:33:15,26174.96,26170.5,0.0,1,0.46
sz159920,09:33:15,1764639197456,09:34:17,1764639197446,1.605,1.6091,-0.2548,26158.82,0.9075,2.1356,24000,38520,1.605,1.009,1.604,8121000,1.603,8713800,1.602,5897200,1.601,1630200,1.6,1309500,1.605,2028100,1.606,5348800,1.607,4447100,1.608,2850200,1.609,2863100,09:33:17.038,09:33:16,26176.82,26170.0,0.6,2,0.46
sz159920,09:33:15,1764639198435,09:34:18,1764639198400,1.605,1.6091,-0.2548,26153.4,0.9075,2.0977,0,0,1.605,0.978,1.604,8121000,1.603,8713800,1.602,5897200,1.601,1630200,1.6,1309500,1.605,2028100,1.606,5348800,1.607,4447100,1.608,2850200,1.609,2863100,09:33:18.037,09:33:17,26174.67,26170.0,-0.25,2,0.46
sz159920,09:33:15,1764639199439,09:34:19,1764639199433,1.605,1.6091,-0.2548,26153.4,0.9075,2.7606,0,0,1.605,1.004,1.604,8121000,1.603,8713800,1.602,5897200,1.601,1630200,1.6,1309500,1.605,2028100,1.606,5348800,1.607,4447100,1.608,2850200,1.609,2863100,09:33:19.060,09:33:18,26175.3,26169.0,0.71,1,0.46
sz159920,09:33:18,1764639200442,09:34:20,1764639200393,1.605,1.608,-0.1866,26154.9,0.9075,2.3496,20100,32255,1.6047,1.003,1.604,8116000,1.603,8713800,1.602,6760500,1.601,1630200,1.6,1322000,1.605,3165100,1.606,5105800,1.607,4439300,1.608,1986900,1.609,2419600,09:33:20.057,09:33:19,26173.5,26168.0,0.33,18,0.45
sz159920,09:33:18,1764639201454,09:34:21,1764639201417,1.605,1.608,-0.1866,26154.9,0.9075,2.4953,0,0,1.605,1.012,1.604,8116000,1.603,8713800,1.602,6760500,1.601,1630200,1.6,1322000,1.605,3165100,1.606,5105800,1.607,4439300,1.608,1986900,1.609,2419600,09:33:21.044,09:33:20,26174.67,26170.0,-0.33,1,0.46
sz159920,09:33:21,1764639202448,09:34:22,1764639202399,1.604,1.608,-0.2488,26155.28,0.9075,1.8896,25700,41239,1.6046,0.995,1.604,3243100,1.603,8713800,1.602,6760500,1.601,5630200,1.6,1322000,1.605,3156600,1.606,5125800,1.607,5454200,1.608,1986900,1.609,2419600,09:33:22.055,09:33:21,26174.15,26166.5,0.0,3,0.45
sz159920,09:33:18,1764639203455,09:34:23,1764639203419,1.605,1.608,-0.1866,26155.28,0.9075,0.5296,-25700,-41239,1.605,1.007,1.604,8116000,1.603,8713800,1.602,6760500,1.601,1630200,1.6,1322000,1.605,3165100,1.606,5105800,1.607,4439300,1.608,1986900,1.609,2419600,09:33:23.052,09:33:22,26172.6,26167.0,-0.2,8,0.45
sz159920,09:33:21,1764639204449,09:34:23,1764639203525,1.604,1.608,-0.2488,26155.28,0.9075,0.4857,25700,41239,1.6046,0.994,1.604,3243100,1.603,8713800,1.602,6760500,1.601,5630200,1.6,1322000,1.605,3156600,1.606,5125800,1.607,5454200,1.608,1986900,1.609,2419600,09:33:24.065,09:33:23,26171.7,26165.0,-0.25,1,0.44
sz159920,09:33:21,1764639205445,09:34:25,1764639205418,1.604,1.608,-0.2488,26154.22,0.9075,0.6458,0,0,1.604,0.996,1.604,3243100,1.603,8713800,1.602,6760500,1.601,5630200,1.6,1322000,1.605,3156600,1.606,5125800,1.607,5454200,1.608,1986900,1.609,2419600,09:33:25.056,09:33:24,26170.59,26164.0,-0.67,4,0.44
sz159920,09:33:21,1764639206453,09:34:26,1764639206396,1.604,1.608,-0.2488,26150.41,0.9075,1.0316,0,0,1.604,1.008,1.604,3243100,1.603,8713800,1.602,6760500,1.601,5630200,1.6,1322000,1.605,3156600,1.606,5125800,1.607,5454200,1.608,1986900,1.609,2419600,09:33:26.101,09:33:25,26168.52,26164.0,-0.25,3,0.43
sz159920,09:33:24,1764639207631,09:34:26,1764639206396,1.605,1.608,-0.1866,26150.41,0.9075,0.9803,15300,24557,1.605,1.178,1.604,1092400,1.603,8713800,1.602,7911100,1.601,5630200,1.6,1322000,1.605,3144900,1.606,5145800,1.607,5904800,1.608,1986900,1.609,2419600,09:33:27.214,09:33:26,26167.6,26163.0,-0.33,3,0.43
sz159920,09:33:24,1764639208605,09:34:28,1764639208534,1.605,1.608,-0.1866,26151.5,0.9075,2.4769,0,0,1.605,0.974,1.604,1092400,1.603,8713800,1.602,7911100,1.601,5630200,1.6,1322000,1.605,3144900,1.606,5145800,1.607,5904800,1.608,1986900,1.609,2419600,09:33:28.164,09:33:27,26171.48,26165.0,-0.71,1,0.44
sz159920,09:33:27,1764639209464,09:34:29,1764639209456,1.604,1.608,-0.2488,26151.5,0.9075,1.8295,49600,79573,1.6043,0.858,1.604,1063000,1.603,8713800,1.602,7911100,1.601,5630200,1.6,1322000,1.605,3140400,1.606,5145800,1.607,5950000,1.608,1986900,1.609,2419600,09:33:29.254,09:33:28,26170.59,26163.5,0.33,2,0.44
sz159920,09:33:27,1764639211178,09:34:30,1764639211140,1.604,1.608,-0.2488,26148.64,0.9075,0.805,0,0,1.604,1.714,1.604,1063000,1.603,8713800,1.602,7911100,1.601,5630200,1.6,1322000,1.605,3140400,1.606,5145800,1.607,5950000,1.608,1986900,1.609,2419600,09:33:30.195,09:33:29,26168.52,26162.0,0.67,4,0.43
sz159920,09:33:27,1764639213646,09:34:31,1764639213563,1.604,1.608,-0.2488,26148.64,0.9075,0.37,0,0,1.604,2.469,1.604,1063000,1.603,8713800,1.602,7911100,1.601,5630200,1.6,1322000,1.605,3140400,1.606,5145800,1.607,5950000,1.608,1986900,1.609,2419600,09:33:31.923,09:33:30,26169.9,26164.0,-0.27,5,0.44
sz159920,09:33:30,1764639217229,09:34:33,1764639216984,1.604,1.608,-0.2488,26148.93,0.9075,2.3299,33500,53755,1.6046,3.583,1.604,3611600,1.603,8713800,1.602,7911100,1.601,5630200,1.6,1322000,1.605,3161300,1.606,5142500,1.607,5949700,1.608,1986900,1.609,2419600,09:33:35.300,09:33:31,26169.21,26162.0,0.44,18,0.43
sz159920,09:33:33,1764639218615,09:34:36,1764639218389,1.604,1.6077,-0.2301,26153.93,0.9075,5.4203,33900,54390,1.6044,1.386,1.604,7592800,1.603,8713800,1.602,7914700,1.601,1630200,1.6,1337000,1.605,2928200,1.606,5360600,1.607,4934600,1.608,1986900,1.609,2419600,09:33:38.014,09:33:35,26176.49,26170.5,-0.33,30,0.46
sz159920,09:33:36,1764639218921,09:34:38,1764639218917,1.604,1.6077,-0.2301,26155.35,0.9075,5.1427,79900,128194,1.6044,0.306,1.604,8438000,1.603,8713800,1.602,7914700,1.601,1630200,1.6,1337000,1.605,2037200,1.606,5349400,1.607,4934600,1.608,1989900,1.609,1919600,09:33:38.735,09:33:37,26175.88,26171.0,0.0,45,0.46
sz159920,09:33:36,1764639219651,09:34:39,1764639219607,1.604,1.6077,-0.2301,26155.35,0.9075,4.6804,0,0,1.604,0.73,1.604,8438000,1.603,8713800,1.602,7914700,1.601,1630200,1.6,1337000,1.605,2037200,1.606,5349400,1.607,4934600,1.608,1989900,1.609,1919600,09:33:39.278,09:33:39,26179.56,26176.0,0.43,20,0.47
sz159920,09:33:36,1764639220646,09:34:40,1764639220383,1.604,1.6077,-0.2301,26158.89,0.9075,4.6753,0,0,1.604,0.995,1.604,8438000,1.603,8713800,1.602,7914700,1.601,1630200,1.6,1337000,1.605,2037200,1.606,5349400,1.607,4934600,1.608,1989900,1.609,1919600,09:33:40.268,09:33:40,26177.72,26174.0,0.43,6,0.47
sz159920,09:33:39,1764639221667,09:34:41,1764639221436,1.605,1.6077,-0.1679,26158.89,0.9075,4.3769,201800,323852,1.6048,1.021,1.605,54700,1.604,8401000,1.603,9013800,1.602,7914700,1.601,1330200,1.606,5338100,1.607,4732300,1.608,1989900,1.609,1920600,1.61,2270400,09:33:41.300,09:33:40,26182.16,26175.5,0.0,7,0.48
sz159920,09:33:39,1764639223185,09:34:42,1764639222743,1.605,1.6077,-0.1679,26155.86,0.9075,3.3551,0,0,1.605,1.518,1.605,54700,1.604,8401000,1.603,9013800,1.602,7914700,1.601,1330200,1.606,5338100,1.607,4732300,1.608,1989900,1.609,1920600,1.61,2270400,09:33:42.572,09:33:41,26182.16,26176.0,0.0,3,0.48
sz159920,09:33:39,1764639224189,09:34:43,1764639224115,1.605,1.6077,-0.1679,26155.86,0.9075,3.085,0,0,1.605,1.004,1.605,54700,1.604,8401000,1.603,9013800,1.602,7914700,1.601,1330200,1.606,5338100,1.607,4732300,1.608,1989900,1.609,1920600,1.61,2270400,09:33:44.020,09:33:42,26182.16,26174.0,0.56,0,0.48
sz159920,09:33:42,1764639224956,09:34:44,1764639224689,1.605,1.6077,-0.1679,26156.69,0.9075,2.8883,22300,35806,1.6057,0.767,1.604,8401000,1.603,9013800,1.602,7914700,1.601,1330200,1.6,1337000,1.605,200,1.606,5349000,1.607,4733800,1.608,1999900,1.609,1920600,09:33:44.784,09:33:44,26179.8,26174.0,0.5,2,0.48
sz159920,09:33:42,1764639225663,09:34:45,1764639225420,1.605,1.6077,-0.1679,26156.69,0.9075,1.6331,0,0,1.605,0.707,1.604,8401000,1.603,9013800,1.602,7914700,1.601,1330200,1.6,1337000,1.605,200,1.606,5349000,1.607,4733800,1.608,1999900,1.609,1920600,09:33:45.564,09:33:45,26180.38,26176.0,-0.43,3,0.48
sz159920,09:33:45,1764639226700,09:34:46,1764639226430,1.605,1.6077,-0.1679,26154.31,0.9075,2.2598,27000,43335,1.605,1.037,1.605,100,1.604,8400900,1.603,9013800,1.602,7914700,1.601,1330200,1.606,5360100,1.607,4733800,1.608,1999900,1.609,1920600,1.61,2271200,09:33:46.643,09:33:46,26178.64,26173.5,-0.17,1,0.47
sz159920,09:33:45,1764639227721,09:34:47,1764639227424,1.605,1.6077,-0.1679,26154.31,0.9075,1.6847,0,0,1.605,1.022,1.605,100,1.604,8400900,1.603,9013800,1.602,7914700,1.601,1330200,1.606,5360100,1.607,4733800,1.608,1999900,1.609,1920600,1.61,2271200,09:33:47.621,09:33:47,26180.7,26175.0,0.43,2,0.48
sz159920,09:33:45,1764639228666,09:34:48,1764639228382,1.605,1.6077,-0.1679,26153.75,0.9075,1.5087,0,0,1.605,0.944,1.605,100,1.604,8400900,1.603,9013800,1.602,7914700,1.601,1330200,1.606,5360100,1.607,4733800,1.608,1999900,1.609,1920600,1.61,2271200,09:33:48.572,09:33:48,26181.27,26176.0,-0.56,4,0.48
sz159920,09:33:45,1764639229672,09:34:49,1764639229430,1.605,1.6077,-0.1679,26153.75,0.9075,1.567,0,0,1.605,1.007,1.605,100,1.604,8400900,1.603,9013800,1.602,7914700,1.601,1330200,1.606,5360100,1.607,4733800,1.608,1999900,1.609,1920600,1.61,2271200,09:33:49.584,09:33:49,26178.31,26174.0,0.0,4,0.47
sz159920,09:33:48,1764639230668,09:34:50,1764639230405,1.605,1.6077,-0.1679,26157.67,0.9075,1.7929,58000,93105,1.6053,0.995,1.604,8400900,1.603,9013800,1.602,7914700,1.601,1330200,1.6,1337000,1.606,5345300,1.607,4733800,1.608,2149600,1.609,1920600,1.61,2323900,09:33:50.583,09:33:50,26181.6,26176.5,0.0,7,0.48
sz159920,09:33:48,1764639231670,09:34:51,1764639231603,1.605,1.6077,-0.1679,26157.67,0.9075,1.705,0,0,1.605,1.003,1.604,8400900,1.603,9013800,1.602,7914700,1.601,1330200,1.6,1337000,1.606,5345300,1.607,4733800,1.608,2149600,1.609,1920600,1.61,2323900,09:33:51.579,09:33:50,26182.5,26176.5,0.5,0,0.49
sz159920,09:33:48,1764639232681,09:34:51,1764639231603,1.605,1.6077,-0.1679,26157.67,0.9075,1.6829,0,0,1.605,1.011,1.604,8400900,1.603,9013800,1.602,7914700,1.601,1330200,1.6,1337000,1.606,5345300,1.607,4733800,1.608,2149600,1.609,1920600,1.61,2323900,09:33:52.584,09:33:52,26182.16,26175.5,0.0,2,0.48
sz159920,09:33:48,1764639233681,09:34:53,1764639233421,1.605,1.6077,-0.1679,26157.83,0.9075,1.3013,0,0,1.605,0.999,1.604,8400900,1.603,9013800,1.602,7914700,1.601,1330200,1.6,1337000,1.606,5345300,1.607,4733800,1.608,2149600,1.609,1920600,1.61,2323900,09:33:53.589,09:33:53,26181.27,26176.0,-0.45,3,0.48
sz159920,09:33:51,1764639234678,09:34:54,1764639234418,1.605,1.6077,-0.1679,26157.49,0.9075,1.1873,16100,25856,1.606,0.997,1.605,547600,1.604,8410900,1.603,9013800,1.602,7914700,1.601,1330200,1.606,5360600,1.607,4733800,1.608,2149600,1.609,1920600,1.61,2327200,09:33:54.587,09:33:54,26178.0,26173.0,-0.71,5,0.47
sz159920,09:33:51,1764639235676,09:34:55,1764639235422,1.605,1.6077,-0.1679,26157.49,0.9075,1.3579,0,0,1.605,0.998,1.605,547600,1.604,8410900,1.603,9013800,1.602,7914700,1.601,1330200,1.606,5360600,1.607,4733800,1.608,2149600,1.609,1920600,1.61,2327200,09:33:55.596,09:33:55,26182.86,26179.0,-0.43,16,0.49
sz159920,09:33:51,1764639236678,09:34:56,1764639236508,1.605,1.6077,-0.1679,26160.83,0.9075,1.9341,0,0,1.605,1.002,1.605,547600,1.604,8410900,1.603,9013800,1.602,7914700,1.601,1330200,1.606,5360600,1.607,4733800,1.608,2149600,1.609,1920600,1.61,2327200,09:33:56.621,09:33:56,26180.13,26175.0,0.56,12,0.48
sz159920,09:33:54,1764639238363,09:34:57,1764639237991,1.605,1.6077,-0.1679,26160.83,0.9075,1.1188,15100,24236,1.605,1.686,1.604,8410900,1.603,9013800,1.602,7914700,1.601,1330200,1.6,1337000,1.605,245700,1.606,5368000,1.607,4733800,1.608,2149600,1.609,1920600,09:33:58.362,09:33:57,26181.4,26178.0,0.14,6,0.48
sz159920,09:33:54,1764639238677,09:34:58,1764639238577,1.605,1.6077,-0.1679,26157.99,0.9075,1.5352,0,0,1.605,0.313,1.604,8410900,1.603,9013800,1.602,7914700,1.601,1330200,1.6,1337000,1.605,245700,1.606,5368000,1.607,4733800,1.608,2149600,1.609,1920600,09:33:58.576,09:33:58,26184.3,26178.0,0.0,2,0.49
sz159920,09:33:57,1764639239704,09:34:59,1764639239418,1.605,1.6077,-0.1679,26157.99,0.9075,2.8816,859700,1379817,1.605,1.027,1.605,1174100,1.604,7737200,1.603,9013800,1.602,7914700,1.601,1330200,1.606,5641600,1.607,4733800,1.608,2166500,1.609,1920600,1.61,2328200,09:33:59.403,09:33:58,26183.4,26177.0,-0.14,0,0.49
sz159920,09:33:57,1764639240691,09:35:00,1764639240416,1.605,1.6077,-0.1679,26157.1,0.9075,2.7451,0,0,1.605,0.987,1.605,1174100,1.604,7737200,1.603,9013800,1.602,7914700,1.601,1330200,1.606,5641600,1.607,4733800,1.608,2166500,1.609,1920600,1.61,2328200,09:34:00.396,09:34:00,26181.95,26177.5,-0.6,4,0.48
sz159920,09:33:57,1764639241690,09:35:01,1764639241416,1.605,1.6077,-0.1679,26157.1,0.9075,1.9848,0,0,1.605,0.998,1.605,1174100,1.604,7737200,1.603,9013800,1.602,7914700,1.601,1330200,1.606,5641600,1.607,4733800,1.608,2166500,1.609,1920600,1.61,2328200,09:34:01.407,09:34:01,26182.32,26178.0,0.43,2,0.48
sz159920,09:34:00,1764639242862,09:35:02,1764639242479,1.606,1.6077,-0.1057,26163.51,0.9075,2.7208,171700,275594,1.6051,1.172,1.605,1049300,1.604,7737200,1.603,9015100,1.602,7914700,1.601,1330200,1.606,3325700,1.607,7033800,1.608,2166700,1.609,1920600,1.61,2328200,09:34:02.408,09:34:02,26184.83,26180.0,-0.14,11,0.49
sz159920,09:34:00,1764639243980,09:35:03,1764639243416,1.606,1.6077,-0.1057,26163.51,0.9075,2.3355,0,0,1.606,1.118,1.605,1049300,1.604,7737200,1.603,9015100,1.602,7914700,1.601,1330200,1.606,3325700,1.607,7033800,1.608,2166700,1.609,1920600,1.61,2328200,09:34:03.399,09:34:03,26186.61,26181.0,-0.17,7,0.5
sz159920,09:34:00,1764639244690,09:35:04,1764639244620,1.606,1.6077,-0.1057,26162.37,0.9075,2.2227,0,0,1.606,0.71,1.605,1049300,1.604,7737200,1.603,9015100,1.602,7914700,1.601,1330200,1.606,3325700,1.607,7033800,1.608,2166700,1.609,1920600,1.61,2328200,09:34:04.480,09:34:04,26182.32,26177.0,-0.25,5,0.48
sz159920,09:34:03,1764639245700,09:35:05,1764639245420,1.606,1.6079,-0.1182,26162.37,0.9075,1.9449,104700,168062,1.6052,1.01,1.605,1115000,1.604,7737200,1.603,9015100,1.602,7914700,1.601,1330200,1.606,3315100,1.607,7033900,1.608,2166400,1.609,1920600,1.61,2328200,09:34:05.432,09:34:05,26183.4,26177.0,-0.12,3,0.49
sz159920,09:34:03,1764639246688,09:35:06,1764639246393,1.606,1.6079,-0.1182,26160.75,0.9075,1.6859,0,0,1.606,0.988,1.605,1115000,1.604,7737200,1.603,9015100,1.602,7914700,1.601,1330200,1.606,3315100,1.607,7033900,1.608,2166400,1.609,1920600,1.61,2328200,09:34:06.414,09:34:05,26183.4,26178.0,0.6,0,0.49
sz159920,09:34:03,1764639247702,09:35:07,1764639247416,1.606,1.6079,-0.1182,26160.75,0.9075,1.572,0,0,1.606,1.014,1.605,1115000,1.604,7737200,1.603,9015100,1.602,7914700,1.601,1330200,1.606,3315100,1.607,7033900,1.608,2166400,1.609,1920600,1.61,2328200,09:34:07.408,09:34:07,26177.4,26172.0,0.0,3,0.47
sz159920,09:34:06,1764639248690,09:35:08,1764639248403,1.605,1.6079,-0.1804,26158.78,0.9075,1.2983,61700,99044,1.6053,0.989,1.604,8409900,1.603,9015100,1.602,7914700,1.601,1330200,1.6,1337000,1.605,1650600,1.606,5854600,1.607,4733900,1.608,2166400,1.609,1920600,09:34:08.413,09:34:07,26175.58,26171.0,0.11,1,0.46
sz159920,09:34:06,1764639249696,09:35:09,1764639249428,1.605,1.6079,-0.1804,26158.78,0.9075,1.7493,0,0,1.605,1.005,1.604,8409900,1.603,9015100,1.602,7914700,1.601,1330200,1.6,1337000,1.605,1650600,1.606,5854600,1.607,4733900,1.608,2166400,1.609,1920600,09:34:09.425,09:34:08,26176.2,26171.0,0.33,0,0.46
sz159920,09:34:06,1764639250812,09:35:10,1764639250401,1.605,1.6079,-0.1804,26159.39,0.9075,1.5948,0,0,1.605,1.116,1.604,8409900,1.603,9015100,1.602,7914700,1.601,1330200,1.6,1337000,1.605,1650600,1.606,5854600,1.607,4733900,1.608,2166400,1.609,1920600,09:34:10.424,09:34:10,26181.27,26175.0,-0.2,4,0.48
sz159920,09:34:09,1764639251707,09:35:11,1764639251415,1.605,1.6079,-0.1804,26159.39,0.9075,2.4575,15100,24235,1.605,0.895,1.604,8409900,1.603,9015100,1.602,7916000,1.601,1330200,1.6,1337000,1.605,62200,1.606,5839000,1.607,4733900,1.608,2166400,1.609,1920600,09:34:11.432,09:34:11,26180.7,26175.0,0.0,2,0.48
sz159920,09:34:09,1764639252708,09:35:12,1764639252392,1.605,1.6079,-0.1804,26161.14,0.9075,3.0891,0,0,1.605,1.002,1.604,8409900,1.603,9015100,1.602,7916000,1.601,1330200,1.6,1337000,1.605,62200,1.606,5839000,1.607,4733900,1.608,2166400,1.609,1920600,09:34:12.433,09:34:12,26178.9,26173.0,-0.14,9,0.47
sz159920,09:34:09,1764639253726,09:35:13,1764639253414,1.605,1.6079,-0.1804,26161.14,0.9075,2.6917,0,0,1.605,1.018,1.604,8409900,1.603,9015100,1.602,7916000,1.601,1330200,1.6,1337000,1.605,62200,1.606,5839000,1.607,4733900,1.608,2166400,1.609,1920600,09:34:13.422,09:34:13,26178.31,26172.0,0.33,11,0.47
sz159920,09:34:12,1764639254708,09:35:14,1764639254397,1.605,1.6079,-0.1804,26160.75,0.9075,2.985,33300,53434,1.6046,0.982,1.604,8396700,1.603,9015100,1.602,7916000,1.601,1330200,1.6,1337000,1.605,1736400,1.606,5853000,1.607,4754900,1.608,2166400,1.609,1920700,09:34:14.432,09:34:14,26175.58,26170.0,0.6,4,0.46
sz159920,09:34:12,1764639255707,09:35:15,1764639255434,1.605,1.6079,-0.1804,26160.75,0.9075,2.9107,0,0,1.605,0.999,1.604,8396700,1.603,9015100,1.602,7916000,1.601,1330200,1.6,1337000,1.605,1736400,1.606,5853000,1.607,4754900,1.608,2166400,1.609,1920700,09:34:15.430,09:34:15,26176.2,26170.0,0.0,3,0.46
sz159920,09:34:12,1764639256716,09:35:16,1764639256415,1.605,1.6079,-0.1804,26153.96,0.9075,3.215,0,0,1.605,1.009,1.604,8396700,1.603,9015100,1.602,7916000,1.601,1330200,1.6,1337000,1.605,1736400,1.606,5853000,1.607,4754900,1.608,2166400,1.609,1920700,09:34:16.443,09:34:16,26172.37,26165.5,0.0,2,0.45
sz159920,09:34:15,1764639257711,09:35:17,1764639257569,1.605,1.6079,-0.1804,26153.96,0.9075,4.2435,315100,505435,1.604,0.995,1.604,2082800,1.603,9017700,1.602,7919200,1.601,5331500,1.6,1337000,1.605,2843600,1.606,5601700,1.607,5750000,1.608,2173200,1.609,1920700,09:34:17.438,09:34:17,26173.26,26167.0,-0.52,4,0.45
sz159920,09:34:15,1764639258710,09:35:18,1764639258399,1.605,1.6079,-0.1804,26153.67,0.9075,3.7863,0,0,1.605,0.999,1.604,2082800,1.603,9017700,1.602,7919200,1.601,5331500,1.6,1337000,1.605,2843600,1.606,5601700,1.607,5750000,1.608,2173200,1.609,1920700,09:34:18.444,09:34:18,26173.12,26169.0,-0.09,17,0.45
sz159920,09:34:18,1764639259710,09:35:19,1764639259426,1.605,1.608,-0.1866,26153.67,0.9075,3.2445,17500,28085,1.6049,1.0,1.604,3231100,1.603,9017700,1.602,7919200,1.601,5331500,1.6,1337000,1.605,2840100,1.606,5617000,1.607,4750000,1.608,2173200,1.609,1920700,09:34:19.444,09:34:18,26172.2,26167.0,-0.43,0,0.45
sz159920,09:34:18,1764639260720,09:35:20,1764639260402,1.605,1.608,-0.1866,26153.74,0.9075,3.0931,0,0,1.605,1.01,1.604,3231100,1.603,9017700,1.602,7919200,1.601,5331500,1.6,1337000,1.605,2840100,1.606,5617000,1.607,4750000,1.608,2173200,1.609,1920700,09:34:20.454,09:34:20,26172.85,26167.0,0.14,1,0.45
sz159920,09:34:18,1764639261721,09:35:20,1764639260402,1.605,1.608,-0.1866,26153.74,0.9075,3.4088,0,0,1.605,1.0,1.604,3231100,1.603,9017700,1.602,7919200,1.601,5331500,1.6,1337000,1.605,2840100,1.606,5617000,1.607,4750000,1.608,2173200,1.609,1920700,09:34:21.463,09:34:21,26177.71,26171.0,-0.71,11,0.47
sz159920,09:34:18,1764639263054,09:35:21,1764639261896,1.605,1.608,-0.1866,26153.74,0.9075,2.4198,0,0,1.605,1.334,1.604,3231100,1.603,9017700,1.602,7919200,1.601,5331500,1.6,1337000,1.605,2840100,1.606,5617000,1.607,4750000,1.608,2173200,1.609,1920700,09:34:22.479,09:34:22,26180.7,26175.0,-0.5,4,0.48
sz159920,09:34:21,1764639263845,09:35:23,1764639263597,1.605,1.608,-0.1866,26153.11,0.9075,2.0223,72900,117005,1.605,0.79,1.604,8107900,1.603,9017700,1.602,7919200,1.601,1331500,1.6,1337000,1.605,1155400,1.606,5854000,1.607,4757700,1.608,2173200,1.609,1930700,09:34:23.624,09:34:23,26181.6,26176.0,-0.33,2,0.48
sz159920,09:34:21,1764639264818,09:35:24,1764639264434,1.605,1.608,-0.1866,26155.42,0.9075,1.6519,0,0,1.605,0.974,1.604,8107900,1.603,9017700,1.602,7919200,1.601,1331500,1.6,1337000,1.605,1155400,1.606,5854000,1.607,4757700,1.608,2173200,1.609,1930700,09:34:24.460,09:34:24,26180.38,26173.5,0.0,6,0.48
sz159920,09:34:21,1764639265726,09:35:25,1764639265474,1.605,1.608,-0.1866,26155.42,0.9075,3.5531,0,0,1.605,0.907,1.604,8107900,1.603,9017700,1.602,7919200,1.601,1331500,1.6,1337000,1.605,1155400,1.606,5854000,1.607,4757700,1.608,2173200,1.609,1930700,09:34:25.538,09:34:25,26176.8,26172.0,0.0,1,0.46
sz159920,09:34:24,1764639266722,09:35:26,1764639266411,1.605,1.608,-0.1866,26152.84,0.9075,2.1301,89100,143005,1.605,0.996,1.604,8111000,1.603,9015100,1.602,7939200,1.601,1331500,1.6,1338300,1.605,1637100,1.606,5840800,1.607,4557700,1.608,2173200,1.609,1955100,09:34:26.490,09:34:26,26178.64,26173.0,-0.6,3,0.47
sz159920,09:34:24,1764639267715,09:35:27,1764639267411,1.605,1.608,-0.1866,26152.84,0.9075,1.713,0,0,1.605,0.993,1.604,8111000,1.603,9015100,1.602,7939200,1.601,1331500,1.6,1338300,1.605,1637100,1.606,5840800,1.607,4557700,1.608,2173200,1.609,1955100,09:34:27.465,09:34:27,26177.71,26171.5,0.33,1,0.47
sz159920,09:34:24,1764639268725,09:35:28,1764639268400,1.605,1.608,-0.1866,26156.51,0.9075,1.3087,0,0,1.605,1.01,1.604,8111000,1.603,9015100,1.602,7939200,1.601,1331500,1.6,1338300,1.605,1637100,1.606,5840800,1.607,4557700,1.608,2173200,1.609,1955100,09:34:28.467,09:34:28,26180.38,26174.0,-0.11,18,0.48
sz159920,09:34:27,1764639269733,09:35:29,1764639269425,1.604,1.608,-0.2488,26156.51,0.9075,0.5961,18000,28890,1.605,1.007,1.604,8116900,1.603,9015100,1.602,7939200,1.601,1331500,1.6,1338300,1.605,1632300,1.606,5826200,1.607,4557700,1.608,2173200,1.609,1955100,09:34:29.494,09:34:29,26177.72,26173.0,-0.2,2,0.47
sz159920,09:34:27,1764639270737,09:35:30,1764639270547,1.604,1.608,-0.2488,26153.14,0.9075,0.8595,0,0,1.604,1.004,1.604,8116900,1.603,9015100,1.602,7939200,1.601,1331500,1.6,1338300,1.605,1632300,1.606,5826200,1.607,4557700,1.608,2173200,1.609,1955100,09:34:30.476,09:34:30,26179.56,26175.5,0.33,6,0.47
sz159920,09:34:27,1764639271727,09:35:31,1764639271420,1.604,1.608,-0.2488,26153.14,0.9075,1.0711,0,0,1.604,0.99,1.604,8116900,1.603,9015100,1.602,7939200,1.601,1331500,1.6,1338300,1.605,1632300,1.606,5826200,1.607,4557700,1.608,2173200,1.609,1955100,09:34:31.493,09:34:31,26179.49,26173.0,-0.6,4,0.47
sz159920,09:34:30,1764639272729,09:35:32,1764639272725,1.605,1.608,-0.1866,26154.41,0.9075,1.2075,22300,35784,1.6047,1.002,1.604,8109700,1.603,9015100,1.602,7939200,1.601,1331500,1.6,1338300,1.605,1182700,1.606,5817400,1.607,4562700,1.608,2173200,1.609,1955100,09:34:32.479,09:34:32,26178.64,26174.0,-0.33,2,0.47
sz159920,09:34:30,1764639273738,09:35:33,1764639273428,1.605,1.608,-0.1866,26154.41,0.9075,1.2734,0,0,1.605,1.008,1.604,8109700,1.603,9015100,1.602,7939200,1.601,1331500,1.6,1338300,1.605,1182700,1.606,5817400,1.607,4562700,1.608,2173200,1.609,1955100,09:34:33.501,09:34:33,26181.4,26177.0,-0.14,3,0.48
sz159920,09:34:30,1764639274733,09:35:34,1764639274382,1.605,1.608,-0.1866,26156.92,0.9075,1.9181,0,0,1.605,0.995,1.604,8109700,1.603,9015100,1.602,7939200,1.601,1331500,1.6,1338300,1.605,1182700,1.606,5817400,1.607,4562700,1.608,2173200,1.609,1955100,09:34:34.496,09:34:34,26181.04,26177.5,0.0,15,0.48
sz159920,09:34:33,1764639275737,09:35:35,1764639275422,1.605,1.6078,-0.1742,26156.92,0.9075,2.2864,16100,25840,1.605,1.005,1.604,8108700,1.603,9015100,1.602,7939200,1.601,1331500,1.6,1338300,1.605,220400,1.606,5811000,1.607,4562700,1.608,2183200,1.609,1922200,09:34:35.495,09:34:35,26184.83,26178.0,-0.33,6,0.49
sz159920,09:34:33,1764639276756,09:35:36,1764639276407,1.605,1.6078,-0.1742,26160.18,0.9075,3.1501,0,0,1.605,1.018,1.604,8108700,1.603,9015100,1.602,7939200,1.601,1331500,1.6,1338300,1.605,220400,1.606,5811000,1.607,4562700,1.608,2183200,1.609,1922200,09:34:36.490,09:34:36,26187.0,26182.5,0.33,37,0.5
sz159920,09:34:33,1764639277743,09:35:37,1764639277420,1.605,1.6078,-0.1742,26160.18,0.9075,6.1135,0,0,1.605,0.987,1.604,8108700,1.603,9015100,1.602,7939200,1.601,1331500,1.6,1338300,1.605,220400,1.606,5811000,1.607,4562700,1.608,2183200,1.609,1922200,09:34:37.494,09:34:37,26188.76,26186.0,-0.27,10,0.51
sz159920,09:34:36,1764639278741,09:35:38,1764639278402,1.605,1.6078,-0.1742,26164.52,0.9075,6.0214,321700,516326,1.605,0.998,1.605,2885100,1.604,7434000,1.603,9015100,1.602,7939200,1.601,1331500,1.606,3521400,1.607,6862700,1.608,2434200,1.609,1922200,1.61,2248400,09:34:38.500,09:34:38,26191.06,26186.0,-0.78,30,0.52
sz159920,09:34:36,1764639279746,09:35:39,1764639279422,1.605,1.6078,-0.1742,26164.52,0.9075,5.2356,0,0,1.605,1.005,1.605,2885100,1.604,7434000,1.603,9015100,1.602,7939200,1.601,1331500,1.606,3521400,1.607,6862700,1.608,2434200,1.609,1922200,1.61,2248400,09:34:39.508,09:34:39,26191.5,26187.0,0.0,2,0.52
sz159920,09:34:39,1764639280745,09:35:40,1764639280422,1.606,1.6078,-0.112,26165.96,0.9075,4.5322,22700,36449,1.6057,0.999,1.605,4028700,1.604,7735000,1.603,9015400,1.602,6442200,1.601,1331500,1.606,3508100,1.607,6362700,1.608,934200,1.609,1922200,1.61,2248400,09:34:40.512,09:34:40,26192.4,26188.0,0.0,18,0.52
sz159920,09:34:39,1764639281757,09:35:41,1764639281424,1.606,1.6078,-0.112,26165.96,0.9075,5.2693,0,0,1.606,1.012,1.605,4028700,1.604,7735000,1.603,9015400,1.602,6442200,1.601,1331500,1.606,3508100,1.607,6362700,1.608,934200,1.609,1922200,1.61,2248400,09:34:41.507,09:34:40,26189.7,26184.5,0.5,0,0.51
sz159920,09:34:39,1764639282756,09:35:42,1764639282399,1.606,1.6078,-0.112,26167.57,0.9075,4.5853,0,0,1.606,0.999,1.605,4028700,1.604,7735000,1.603,9015400,1.602,6442200,1.601,1331500,1.606,3508100,1.607,6362700,1.608,934200,1.609,1922200,1.61,2248400,09:34:42.508,09:34:42,26191.95,26186.0,0.43,17,0.52
sz159920,09:34:42,1764639283753,09:35:43,1764639283545,1.606,1.6078,-0.112,26167.57,0.9075,3.7408,56000,89895,1.6053,0.997,1.605,3987800,1.604,7740000,1.603,9015400,1.602,5578900,1.601,1331500,1.606,3532300,1.607,6028700,1.608,939400,1.609,2373800,1.61,2250900,09:34:43.522,09:34:43,26191.52,26187.0,-0.33,5,0.52
sz159920,09:34:42,1764639284754,09:35:44,1764639284431,1.606,1.6078,-0.112,26165.08,0.9075,2.9402,0,0,1.606,1.001,1.605,3987800,1.604,7740000,1.603,9015400,1.602,5578900,1.601,1331500,1.606,3532300,1.607,6028700,1.608,939400,1.609,2373800,1.61,2250900,09:34:44.527,09:34:44,26190.6,26186.0,-0.33,7,0.52
sz159920,09:34:42,1764639285757,09:35:45,1764639285700,1.606,1.6078,-0.112,26165.08,0.9075,3.8121,0,0,1.606,1.003,1.605,3987800,1.604,7740000,1.603,9015400,1.602,5578900,1.601,1331500,1.606,3532300,1.607,6028700,1.608,939400,1.609,2373800,1.61,2250900,09:34:45.538,09:34:45,26191.06,26186.5,-0.33,2,0.52
sz159920,09:34:42,1764639287217,09:35:46,1764639286692,1.606,1.6078,-0.112,26165.16,0.9075,3.975,0,0,1.606,1.46,1.605,3987800,1.604,7740000,1.603,9015400,1.602,5578900,1.601,1331500,1.606,3532300,1.607,6028700,1.608,939400,1.609,2373800,1.61,2250900,09:34:46.912,09:34:45,26191.95,26185.0,0.11,0,0.52
sz159920,09:34:45,1764639287756,09:35:47,1764639287476,1.606,1.6078,-0.112,26165.16,0.9075,3.7964,15100,24250,1.606,0.539,1.605,3989800,1.604,7745000,1.603,9015400,1.602,5125600,1.601,1331500,1.606,3531300,1.607,6028700,1.608,939400,1.609,2422200,1.61,2324100,09:34:47.520,09:34:47,26192.4,26187.0,0.6,2,0.52
sz159920,09:34:45,1764639288757,09:35:48,1764639288401,1.606,1.6078,-0.112,26163.05,0.9075,3.6254,0,0,1.606,1.001,1.605,3989800,1.604,7745000,1.603,9015400,1.602,5125600,1.601,1331500,1.606,3531300,1.607,6028700,1.608,939400,1.609,2422200,1.61,2324100,09:34:48.540,09:34:47,26190.6,26185.5,0.0,0,0.52
sz159920,09:34:48,1764639289758,09:35:49,1764639289426,1.606,1.6084,-0.1492,26163.05,0.9075,2.9161,15200,24412,1.6061,1.001,1.605,2973300,1.604,8198000,1.603,9015400,1.602,5125600,1.601,1331500,1.606,3590600,1.607,6038700,1.608,949400,1.609,2432200,1.61,2324100,09:34:49.541,09:34:49,26186.61,26181.0,0.5,12,0.5
sz159920,09:34:48,1764639290856,09:35:50,1764639290418,1.606,1.6084,-0.1492,26163.42,0.9075,2.2327,0,0,1.606,1.098,1.605,2973300,1.604,8198000,1.603,9015400,1.602,5125600,1.601,1331500,1.606,3590600,1.607,6038700,1.608,949400,1.609,2432200,1.61,2324100,09:34:50.556,09:34:50,26188.8,26185.0,0.0,1,0.51
sz159920,09:34:48,1764639291759,09:35:51,1764639291421,1.606,1.6084,-0.1492,26163.42,0.9075,2.2578,0,0,1.606,0.903,1.605,2973300,1.604,8198000,1.603,9015400,1.602,5125600,1.601,1331500,1.606,3590600,1.607,6038700,1.608,949400,1.609,2432200,1.61,2324100,09:34:51.545,09:34:51,26188.76,26185.0,-0.5,10,0.51
sz159920,09:34:51,1764639292847,09:35:52,1764639292415,1.605,1.6084,-0.2114,26163.38,0.9075,2.6297,27900,44805,1.6059,1.089,1.605,4122300,1.604,8245000,1.603,9015400,1.602,5125600,1.601,1331500,1.606,3576100,1.607,6038700,1.608,949400,1.609,2432200,1.61,2785500,09:34:52.553,09:34:52,26191.05,26188.0,-0.25,6,0.52
sz159920,09:34:48,1764639293769,09:35:53,1764639293438,1.606,1.6084,-0.1492,26163.38,0.9075,2.9169,-27900,-44805,1.606,0.921,1.605,2973300,1.604,8198000,1.603,9015400,1.602,5125600,1.601,1331500,1.606,3590600,1.607,6038700,1.608,949400,1.609,2432200,1.61,2324100,09:34:53.561,09:34:52,26191.05,26187.0,-0.25,0,0.52
sz159920,09:34:51,1764639294766,09:35:54,1764639294441,1.605,1.6084,-0.2114,26167.51,0.9075,2.5475,27900,44805,1.6059,0.997,1.605,4122300,1.604,8245000,1.603,9015400,1.602,5125600,1.601,1331500,1.606,3576100,1.607,6038700,1.608,949400,1.609,2432200,1.61,2785500,09:34:54.577,09:34:54,26192.44,26189.0,-0.33,1,0.52
sz159920,09:34:51,1764639295768,09:35:54,1764639294441,1.605,1.6084,-0.2114,26167.51,0.9075,2.4253,0,0,1.605,1.003,1.605,4122300,1.604,8245000,1.603,9015400,1.602,5125600,1.601,1331500,1.606,3576100,1.607,6038700,1.608,949400,1.609,2432200,1.61,2785500,09:34:55.562,09:34:55,26192.84,26189.0,-0.5,3,0.53
sz159920,09:34:54,1764639296767,09:35:56,1764639296616,1.606,1.6084,-0.1492,26170.34,0.9075,2.0634,32900,52836,1.606,0.999,1.605,8983100,1.604,8225300,1.603,9007900,1.602,1125600,1.601,1331500,1.606,2564800,1.607,6290900,1.608,2812700,1.609,2432200,1.61,2834400,09:34:56.655,09:34:55,26194.62,26189.0,0.08,0,0.53
sz159920,09:34:54,1764639297765,09:35:57,1764639297572,1.606,1.6084,-0.1492,26170.34,0.9075,2.7861,0,0,1.606,0.998,1.605,8983100,1.604,8225300,1.603,9007900,1.602,1125600,1.601,1331500,1.606,2564800,1.607,6290900,1.608,2812700,1.609,2432200,1.61,2834400,09:34:57.560,09:34:57,26194.28,26191.0,0.25,38,0.53
sz159920,09:34:57,1764639298771,09:35:58,1764639298690,1.606,1.6084,-0.1492,26170.42,0.9075,2.4351,45100,72400,1.6053,1.006,1.605,8953100,1.604,8225300,1.603,9007900,1.602,1125600,1.601,1331500,1.606,2305000,1.607,6317300,1.608,2917300,1.609,2432200,1.61,2770500,09:34:58.563,09:34:58,26199.8,26196.0,0.33,18,0.55
sz159920,09:34:57,1764639299780,09:35:59,1764639299420,1.606,1.6084,-0.1492,26170.42,0.9075,2.7365,0,0,1.606,1.01,1.605,8953100,1.604,8225300,1.603,9007900,1.602,1125600,1.601,1331500,1.606,2305000,1.607,6317300,1.608,2917300,1.609,2432200,1.61,2770500,09:34:59.568,09:34:59,26198.18,26194.5,-0.33,10,0.55
sz159920,09:34:57,1764639300781,09:36:00,1764639300411,1.606,1.6084,-0.1492,26173.07,0.9075,2.7066,0,0,1.606,1.001,1.605,8953100,1.604,8225300,1.603,9007900,1.602,1125600,1.601,1331500,1.606,2305000,1.607,6317300,1.608,2917300,1.609,2432200,1.61,2770500,09:35:00.581,09:35:00,26197.42,26195.0,-0.71,17,0.54
sz159920,09:34:57,1764639301781,09:36:01,1764639301427,1.606,1.6084,-0.1492,26173.07,0.9075,4.1261,0,0,1.606,1.0,1.605,8953100,1.604,8225300,1.603,9007900,1.602,1125600,1.601,1331500,1.606,2305000,1.607,6317300,1.608,2917300,1.609,2432200,1.61,2770500,09:35:01.574,09:35:01,26200.5,26197.0,0.0,14,0.55
sz159920,09:35:00,1764639302780,09:36:02,1764639302403,1.606,1.6084,-0.1492,26178.96,0.9075,3.9424,1074900,1726290,1.606,0.999,1.605,9190800,1.604,8235900,1.603,9007900,1.602,1122400,1.601,1331500,1.606,1121700,1.607,6069900,1.608,3070100,1.609,2682200,1.61,2760500,09:35:02.594,09:35:02,26199.96,26196.0,0.25,3,0.55
sz159920,09:35:00,1764639303795,09:36:03,1764639303429,1.606,1.6084,-0.1492,26178.96,0.9075,5.0442,0,0,1.606,1.015,1.605,9190800,1.604,8235900,1.603,9007900,1.602,1122400,1.601,1331500,1.606,1121700,1.607,6069900,1.608,3070100,1.609,2682200,1.61,2760500,09:35:03.584,09:35:03,26197.42,26195.0,-0.5,2,0.54
sz159920,09:35:00,1764639304791,09:36:04,1764639304409,1.606,1.6084,-0.1492,26177.0,0.9075,4.8343,0,0,1.606,0.995,1.605,9190800,1.604,8235900,1.603,9007900,1.602,1122400,1.601,1331500,1.606,1121700,1.607,6069900,1.608,3070100,1.609,2682200,1.61,2760500,09:35:04.585,09:35:04,26197.8,26193.5,0.0,2,0.54
sz159920,09:35:00,1764639305795,09:36:05,1764639305433,1.606,1.6084,-0.1492,26177.0,0.9075,4.5762,0,0,1.606,1.004,1.605,9190800,1.604,8235900,1.603,9007900,1.602,1122400,1.601,1331500,1.606,1121700,1.607,6069900,1.608,3070100,1.609,2682200,1.61,2760500,09:35:05.594,09:35:05,26197.96,26194.0,-0.78,5,0.54
sz159920,09:35:03,1764639306782,09:36:06,1764639306417,1.606,1.6084,-0.1492,26180.43,0.9075,3.8535,169600,272377,1.606,0.987,1.605,9190800,1.604,8235900,1.603,9007900,1.602,1122400,1.601,1331500,1.607,6310900,1.608,3070100,1.609,2432200,1.61,2760500,1.611,1696100,09:35:06.592,09:35:05,26195.2,26192.5,0.0,0,0.53
sz159920,09:35:03,1764639307790,09:36:07,1764639307428,1.606,1.6084,-0.1492,26180.43,0.9075,4.1304,0,0,1.606,1.008,1.605,9190800,1.604,8235900,1.603,9007900,1.602,1122400,1.601,1331500,1.607,6310900,1.608,3070100,1.609,2432200,1.61,2760500,1.611,1696100,09:35:07.597,09:35:07,26199.07,26193.0,0.2,7,0.55
sz159920,09:35:06,1764639308791,09:36:08,1764639308407,1.606,1.6084,-0.1492,26180.8,0.9075,3.3333,416800,668990,1.6051,1.001,1.605,8564600,1.604,8235900,1.603,9007900,1.602,1122400,1.601,1331500,1.606,381300,1.607,6371200,1.608,3070100,1.609,2442200,1.61,2760600,09:35:08.605,09:35:08,26199.6,26197.0,-0.5,3,0.55
sz159920,09:35:06,1764639309789,09:36:09,1764639309601,1.606,1.6084,-0.1492,26180.8,0.9075,3.272,0,0,1.606,0.998,1.605,8564600,1.604,8235900,1.603,9007900,1.602,1122400,1.601,1331500,1.606,381300,1.607,6371200,1.608,3070100,1.609,2442200,1.61,2760600,09:35:09.600,09:35:09,26201.97,26198.5,0.0,8,0.56
sz159920,09:35:06,1764639310790,09:36:10,1764639310406,1.606,1.6084,-0.1492,26180.77,0.9075,2.7991,0,0,1.606,1.001,1.605,8564600,1.604,8235900,1.603,9007900,1.602,1122400,1.601,1331500,1.606,381300,1.607,6371200,1.608,3070100,1.609,2442200,1.61,2760600,09:35:10.599,09:35:10,26201.74,26198.0,0.0,22,0.56
sz159920,09:35:09,1764639311801,09:36:11,1764639311671,1.606,1.6084,-0.1492,26180.77,0.9075,2.418,107800,173114,1.6059,1.011,1.606,694100,1.605,8185100,1.604,8235900,1.603,8707900,1.602,1122400,1.607,3987000,1.608,5360700,1.609,2692200,1.61,2760600,1.611,1696100,09:35:11.605,09:35:11,26205.0,26202.5,-0.4,23,0.57
sz159920,09:35:09,1764639312792,09:36:11,1764639311671,1.606,1.6084,-0.1492,26180.77,0.9075,3.2146,0,0,1.606,0.99,1.606,694100,1.605,8185100,1.604,8235900,1.603,8707900,1.602,1122400,1.607,3987000,1.608,5360700,1.609,2692200,1.61,2760600,1.611,1696100,09:35:12.634,09:35:12,26205.9,26203.0,-0.67,42,0.58
sz159920,09:35:12,1764639313791,09:36:12,1764639312814,1.607,1.6084,-0.087,26182.51,0.9075,2.5442,304500,489043,1.6061,0.999,1.606,6029100,1.605,8070900,1.604,8235900,1.603,6194000,1.602,1122400,1.607,3982800,1.608,5360700,1.609,2692200,1.61,2795600,1.611,1696100,09:35:13.608,09:35:13,26202.63,26198.0,-0.2,9,0.56
sz159920,09:35:12,1764639314802,09:36:13,1764639314635,1.607,1.6084,-0.087,26182.51,0.9075,2.7997,0,0,1.607,1.011,1.606,6029100,1.605,8070900,1.604,8235900,1.603,6194000,1.602,1122400,1.607,3982800,1.608,5360700,1.609,2692200,1.61,2795600,1.611,1696100,09:35:14.621,09:35:14,26198.18,26193.5,-0.33,4,0.55
sz159920,09:35:12,1764639315801,09:36:14,1764639315619,1.607,1.6084,-0.087,26183.27,0.9075,2.6666,0,0,1.607,0.999,1.606,6029100,1.605,8070900,1.604,8235900,1.603,6194000,1.602,1122400,1.607,3982800,1.608,5360700,1.609,2692200,1.61,2795600,1.611,1696100,09:35:15.621,09:35:15,26195.2,26193.0,-0.33,2,0.53
sz159920,09:35:15,1764639317062,09:36:16,1764639316927,1.606,1.6084,-0.1492,26180.52,0.9075,0.9113,849100,1363661,1.606,1.261,1.605,9675200,1.604,8235900,1.603,6947300,1.602,1122400,1.601,1331500,1.606,347000,1.607,6093400,1.608,4060700,1.609,2692200,1.61,2795600,09:35:16.830,09:35:16,26192.4,26188.0,-0.33,5,0.52
sz159920,09:35:15,1764639317803,09:36:17,1764639317441,1.606,1.6084,-0.1492,26180.52,0.9075,1.4022,0,0,1.606,0.741,1.605,9675200,1.604,8235900,1.603,6947300,1.602,1122400,1.601,1331500,1.606,347000,1.607,6093400,1.608,4060700,1.609,2692200,1.61,2795600,09:35:17.635,09:35:17,26190.17,26186.0,-0.5,8,0.51
sz159920,09:35:15,1764639318808,09:36:18,1764639318407,1.606,1.6084,-0.1492,26177.81,0.9075,1.3329,0,0,1.606,1.004,1.605,9675200,1.604,8235900,1.603,6947300,1.602,1122400,1.601,1331500,1.606,347000,1.607,6093400,1.608,4060700,1.609,2692200,1.61,2795600,09:35:18.636,09:35:18,26190.6,26187.0,-0.33,4,0.52
sz159920,09:35:15,1764639319819,09:36:19,1764639319429,1.606,1.6084,-0.1492,26177.81,0.9075,1.1922,0,0,1.606,1.011,1.605,9675200,1.604,8235900,1.603,6947300,1.602,1122400,1.601,1331500,1.606,347000,1.607,6093400,1.608,4060700,1.609,2692200,1.61,2795600,09:35:19.636,09:35:19,26190.6,26185.5,0.29,4,0.52
sz159920,09:35:18,1764639320801,09:36:20,1764639320410,1.606,1.6093,-0.2051,26176.26,0.9075,1.2163,71800,115311,1.606,0.983,1.605,4813900,1.604,8235900,1.603,7857300,1.602,5122400,1.601,1331500,1.606,2614600,1.607,6129200,1.608,4060700,1.609,2442200,1.61,2295600,09:35:20.637,09:35:20,26185.59,26182.5,0.0,17,0.5
sz159920,09:35:18,1764639321812,09:36:21,1764639321429,1.606,1.6093,-0.2051,26176.26,0.9075,0.4224,0,0,1.606,1.01,1.605,4813900,1.604,8235900,1.603,7857300,1.602,5122400,1.601,1331500,1.606,2614600,1.607,6129200,1.608,4060700,1.609,2442200,1.61,2295600,09:35:21.646,09:35:21,26186.61,26182.0,-0.33,1,0.5
sz159920,09:35:18,1764639322811,09:36:22,1764639322487,1.606,1.6093,-0.2051,26173.24,0.9075,0.614,0,0,1.606,1.0,1.605,4813900,1.604,8235900,1.603,7857300,1.602,5122400,1.601,1331500,1.606,2614600,1.607,6129200,1.608,4060700,1.609,2442200,1.61,2295600,09:35:22.646,09:35:22,26180.48,26174.5,-0.5,10,0.48
sz159920,09:35:18,1764639323813,09:36:23,1764639323427,1.606,1.6093,-0.2051,26173.24,0.9075,3.3051,0,0,1.606,1.001,1.605,4813900,1.604,8235900,1.603,7857300,1.602,5122400,1.601,1331500,1.606,2614600,1.607,6129200,1.608,4060700,1.609,2442200,1.61,2295600,09:35:23.644,09:35:23,26179.56,26174.0,-0.5,9,0.47
sz159920,09:35:21,1764639324856,09:36:24,1764639324655,1.606,1.6093,-0.2051,26165.16,0.9075,1.9488,26200,42077,1.606,1.043,1.605,2662700,1.604,7935900,1.603,9007900,1.602,5422400,1.601,1331500,1.606,2651000,1.607,6129200,1.608,4512700,1.609,2449500,1.61,2295600,09:35:24.653,09:35:24,26179.22,26173.0,-0.5,2,0.47
sz159920,09:35:21,1764639325820,09:36:25,1764639325432,1.606,1.6093,-0.2051,26165.16,0.9075,2.249,0,0,1.606,0.964,1.605,2662700,1.604,7935900,1.603,9007900,1.602,5422400,1.601,1331500,1.606,2651000,1.607,6129200,1.608,4512700,1.609,2449500,1.61,2295600,09:35:25.655,09:35:25,26177.72,26172.0,-0.33,3,0.47
sz159920,09:35:24,1764639326814,09:36:26,1764639326514,1.605,1.6093,-0.2672,26162.05,0.9075,2.1401,2126100,3412391,1.605,0.995,1.604,9828500,1.603,8597900,1.602,5512400,1.601,1331500,1.6,1366600,1.605,945700,1.606,4808300,1.607,4925400,1.608,3254000,1.609,2449500,09:35:26.665,09:35:26,26177.1,26171.5,0.5,14,0.46
sz159920,09:35:24,1764639327820,09:36:27,1764639327431,1.605,1.6093,-0.2672,26162.05,0.9075,2.3871,0,0,1.605,1.006,1.604,9828500,1.603,8597900,1.602,5512400,1.601,1331500,1.6,1366600,1.605,945700,1.606,4808300,1.607,4925400,1.608,3254000,1.609,2449500,09:35:27.653,09:35:27,26180.38,26174.0,-0.14,2,0.48
sz159920,09:35:24,1764639328821,09:36:28,1764639328416,1.605,1.6093,-0.2672,26160.87,0.9075,2.2647,0,0,1.605,1.001,1.604,9828500,1.603,8597900,1.602,5512400,1.601,1331500,1.6,1366600,1.605,945700,1.606,4808300,1.607,4925400,1.608,3254000,1.609,2449500,09:35:28.677,09:35:28,26177.4,26171.5,0.33,7,0.47
sz159920,09:35:27,1764639329823,09:36:29,1764639329423,1.605,1.6093,-0.2672,26160.87,0.9075,2.1186,24600,39483,1.605,1.002,1.604,9828500,1.603,9051200,1.602,6375700,1.601,1331500,1.6,1361000,1.605,1047700,1.606,4961700,1.607,4925400,1.608,2392700,1.609,2449500,09:35:29.664,09:35:29,26176.2,26170.0,0.14,6,0.46
sz159920,09:35:27,1764639330831,09:36:30,1764639330404,1.605,1.6093,-0.2672,26160.42,0.9075,2.1188,0,0,1.605,1.008,1.604,9828500,1.603,9051200,1.602,6375700,1.601,1331500,1.6,1361000,1.605,1047700,1.606,4961700,1.607,4925400,1.608,2392700,1.609,2449500,09:35:30.675,09:35:30,26174.96,26168.5,0.2,3,0.46
sz159920,09:35:30,1764639331833,09:36:31,1764639331427,1.605,1.6093,-0.2672,26160.42,0.9075,1.6085,19500,31297,1.605,1.002,1.604,5665000,1.603,11397900,1.602,6375700,1.601,1331500,1.6,1362000,1.605,4195100,1.606,2722700,1.607,5139300,1.608,2403500,1.609,1949500,09:35:31.676,09:35:31,26174.67,26168.0,-0.33,9,0.46
sz159920,09:35:27,1764639332832,09:36:32,1764639332408,1.605,1.6093,-0.2672,26158.45,0.9075,3.7651,-19500,-31297,1.605,0.999,1.604,9828500,1.603,9051200,1.602,6375700,1.601,1331500,1.6,1361000,1.605,1047700,1.606,4961700,1.607,4925400,1.608,2392700,1.609,2449500,09:35:32.675,09:35:32,26178.0,26172.0,-0.14,3,0.47
sz159920,09:35:30,1764639333832,09:36:33,1764639333430,1.605,1.6093,-0.2672,26158.45,0.9075,3.2141,19500,31297,1.605,1.0,1.604,5665000,1.603,11397900,1.602,6375700,1.601,1331500,1.6,1362000,1.605,4195100,1.606,2722700,1.607,5139300,1.608,2403500,1.609,1949500,09:35:33.681,09:35:33,26178.0,26172.0,-0.2,2,0.47
sz159920,09:35:30,1764639334833,09:36:34,1764639334424,1.605,1.6093,-0.2672,26159.24,0.9075,2.6734,0,0,1.605,1.001,1.604,5665000,1.603,11397900,1.602,6375700,1.601,1331500,1.6,1362000,1.605,4195100,1.606,2722700,1.607,5139300,1.608,2403500,1.609,1949500,09:35:34.679,09:35:34,26176.49,26171.0,0.14,3,0.46
sz159920,09:35:33,1764639335840,09:36:35,1764639335484,1.605,1.6084,-0.2114,26159.24,0.9075,3.4109,40500,64986,1.6046,1.007,1.604,9811400,1.603,9097900,1.602,6829300,1.601,1331500,1.6,1362000,1.605,1883300,1.606,5381800,1.607,5139300,1.608,2403500,1.609,2401100,09:35:35.675,09:35:35,26177.71,26172.0,-0.56,1,0.47
sz159920,09:35:33,1764639336834,09:36:36,1764639336403,1.605,1.6084,-0.2114,26159.61,0.9075,3.0588,0,0,1.605,0.994,1.604,9811400,1.603,9097900,1.602,6829300,1.601,1331500,1.6,1362000,1.605,1883300,1.606,5381800,1.607,5139300,1.608,2403500,1.609,2401100,09:35:36.685,09:35:36,26173.12,26169.0,-0.33,3,0.45
sz159920,09:35:33,1764639337858,09:36:37,1764639337637,1.605,1.6084,-0.2114,26159.61,0.9075,2.6623,0,0,1.605,1.024,1.604,9811400,1.603,9097900,1.602,6829300,1.601,1331500,1.6,1362000,1.605,1883300,1.606,5381800,1.607,5139300,1.608,2403500,1.609,2401100,09:35:37.705,09:35:37,26171.28,26165.5,-0.33,9,0.44
sz159920,09:35:36,1764639339962,09:36:38,1764639339172,1.605,1.6084,-0.2114,26158.06,0.9075,2.2747,58200,93411,1.605,2.104,1.604,497500,1.603,11397900,1.602,8026300,1.601,5331500,1.6,1392300,1.605,4129200,1.606,3081800,1.607,5139600,1.608,2403500,1.609,2401100,09:35:39.668,09:35:38,26173.76,26168.5,-0.2,14,0.45
sz159920,09:35:36,1764639341459,09:36:39,1764639341403,1.605,1.6084,-0.2114,26158.06,0.9075,2.7395,0,0,1.605,1.497,1.604,497500,1.603,11397900,1.602,8026300,1.601,5331500,1.6,1392300,1.605,4129200,1.606,3081800,1.607,5139600,1.608,2403500,1.609,2401100,09:35:41.295,09:35:39,26174.96,26169.0,-0.6,9,0.46
sz159920,09:35:39,1764639342411,09:36:41,1764639342345,1.605,1.6084,-0.2114,26156.09,0.9075,2.2795,32500,52156,1.6048,0.952,1.604,5641200,1.603,11097900,1.602,8046300,1.601,1631500,1.6,1613500,1.605,4139000,1.606,3081800,1.607,5591700,1.608,2402000,1.609,1949500,09:35:42.276,09:35:40,26174.4,26168.0,-0.25,4,0.45
sz159920,09:35:39,1764639342702,09:36:42,1764639342663,1.605,1.6084,-0.2114,26155.73,0.9075,2.9601,0,0,1.605,0.291,1.604,5641200,1.603,11097900,1.602,8046300,1.601,1631500,1.6,1613500,1.605,4139000,1.606,3081800,1.607,5591700,1.608,2402000,1.609,1949500,09:35:42.638,09:35:42,26178.31,26172.5,-0.33,14,0.47
sz159920,09:35:42,1764639343722,09:36:43,1764639343595,1.605,1.6084,-0.2114,26155.73,0.9075,2.2835,55100,88419,1.6047,1.021,1.604,9778500,1.603,9097900,1.602,8046300,1.601,1331500,1.6,1613500,1.605,1448200,1.606,5381800,1.607,5639600,1.608,2400000,1.609,1949500,09:35:43.513,09:35:43,26180.7,26173.5,0.11,2,0.48
sz159920,09:35:42,1764639344877,09:36:44,1764639344851,1.605,1.6084,-0.2114,26157.61,0.9075,1.9462,0,0,1.605,1.155,1.604,9778500,1.603,9097900,1.602,8046300,1.601,1331500,1.6,1613500,1.605,1448200,1.606,5381800,1.607,5639600,1.608,2400000,1.609,1949500,09:35:44.797,09:35:43,26181.6,26176.0,-0.5,0,0.48
sz159920,09:35:42,1764639345502,09:36:45,1764639345423,1.605,1.6084,-0.2114,26157.61,0.9075,1.6368,0,0,1.605,0.625,1.604,9778500,1.603,9097900,1.602,8046300,1.601,1331500,1.6,1613500,1.605,1448200,1.606,5381800,1.607,5639600,1.608,2400000,1.609,1949500,09:35:45.334,09:35:43,26181.6,26176.0,-0.5,0,0.48
sz159920,09:35:42,1764639346512,09:36:46,1764639346417,1.605,1.6084,-0.2114,26159.18,0.9075,1.7089,0,0,1.605,1.01,1.604,9778500,1.603,9097900,1.602,8046300,1.601,1331500,1.6,1613500,1.605,1448200,1.606,5381800,1.607,5639600,1.608,2400000,1.609,1949500,09:35:46.352,09:35:46,26184.3,26180.0,-0.11,1,0.49
sz159920,09:35:45,1764639347500,09:36:47,1764639347434,1.605,1.6084,-0.2114,26159.18,0.9075,1.704,24300,39001,1.605,0.988,1.604,9832800,1.603,9097900,1.602,8046300,1.601,1331500,1.6,1613500,1.605,564300,1.606,5392100,1.607,5635900,1.608,2400000,1.609,1949500,09:35:47.335,09:35:47,26182.32,26178.0,0.0,2,0.48
sz159920,09:35:45,1764639351171,09:36:47,1764639347434,1.605,1.6084,-0.2114,26159.18,0.9075,1.4559,0,0,1.605,3.67,1.604,9832800,1.603,9097900,1.602,8046300,1.601,1331500,1.6,1613500,1.605,564300,1.606,5392100,1.607,5635900,1.608,2400000,1.609,1949500,09:35:47.846,09:35:47,26183.24,26180.0,-0.71,2,0.49
sz159920,09:35:48,1764639351221,09:36:50,1764639351218,1.605,1.608,-0.1866,26160.86,0.9075,5.8448,580400,931542,1.605,0.05,1.605,77300,1.604,9832700,1.603,9097900,1.602,8046300,1.601,1331500,1.606,5392100,1.607,4623500,1.608,2400000,1.609,1949500,1.61,2333500,09:35:51.181,09:35:48,26186.61,26180.5,-0.5,5,0.5
sz159920,09:35:48,1764639352217,09:36:51,1764639351422,1.605,1.608,-0.1866,26160.86,0.9075,5.8102,0,0,1.605,0.997,1.605,77300,1.604,9832700,1.603,9097900,1.602,8046300,1.601,1331500,1.606,5392100,1.607,4623500,1.608,2400000,1.609,1949500,1.61,2333500,09:35:52.215,09:35:51,26182.32,26180.0,-0.56,0,0.48
sz159920,09:35:48,1764639353209,09:36:52,1764639352781,1.605,1.608,-0.1866,26161.45,0.9075,5.8102,0,0,1.605,0.992,1.605,77300,1.604,9832700,1.603,9097900,1.602,8046300,1.601,1331500,1.606,5392100,1.607,4623500,1.608,2400000,1.609,1949500,1.61,2333500,09:35:53.207,09:35:52,26184.68,26180.0,-0.71,0,0.49
sz159920,09:35:51,1764639354216,09:36:53,1764639353433,1.605,1.608,-0.1866,26161.45,0.9075,4.7287,44500,71423,1.605,1.007,1.604,9832700,1.603,9097900,1.602,8046300,1.601,1331500,1.6,1614800,1.605,149200,1.606,5271100,1.607,5616300,1.608,2400000,1.609,1949500,09:35:54.215,09:35:53,26183.77,26176.0,-0.71,0,0.49
sz159920,09:35:51,1764639355210,09:36:54,1764639354940,1.605,1.608,-0.1866,26161.93,0.9075,4.0344,0,0,1.605,0.993,1.604,9832700,1.603,9097900,1.602,8046300,1.601,1331500,1.6,1614800,1.605,149200,1.606,5271100,1.607,5616300,1.608,2400000,1.609,1949500,09:35:54.732,09:35:54,26181.4,26178.0,-0.25,11,0.48
sz159920,09:35:54,1764639356233,09:36:54,1764639354940,1.605,1.608,-0.1866,26161.93,0.9075,4.0032,17300,27766,1.605,1.023,1.604,9832700,1.603,9097900,1.602,8046300,1.601,1331500,1.6,1614800,1.605,131900,1.606,5206500,1.607,5608700,1.608,2400000,1.609,1949500,09:35:56.220,09:35:55,26183.05,26177.0,-0.71,6,0.49
sz159920,09:35:54,1764639357218,09:36:56,1764639357110,1.605,1.608,-0.1866,26160.31,0.9075,4.0032,0,0,1.605,0.985,1.604,9832700,1.603,9097900,1.602,8046300,1.601,1331500,1.6,1614800,1.605,131900,1.606,5206500,1.607,5608700,1.608,2400000,1.609,1949500,09:35:56.727,09:35:56,26183.05,26178.0,0.33,2,0.49
sz159920,09:35:54,1764639358424,09:36:57,1764639357438,1.605,1.608,-0.1866,26160.31,0.9075,3.2696,0,0,1.605,1.206,1.604,9832700,1.603,9097900,1.602,8046300,1.601,1331500,1.6,1614800,1.605,131900,1.606,5206500,1.607,5608700,1.608,2400000,1.609,1949500,09:35:57.726,09:35:57,26180.7,26174.0,0.33,1,0.48
sz159920,09:35:57,1764639360585,09:36:58,1764639359143,1.605,1.608,-0.1866,26162.24,0.9075,3.2696,41700,66929,1.605,2.161,1.604,9842700,1.603,9097900,1.602,8046300,1.601,1331500,1.6,1614800,1.605,254900,1.606,5209500,1.607,5608700,1.608,2399600,1.609,1950500,09:35:59.699,09:35:58,26181.4,26177.5,0.0,4,0.48
sz159920,09:35:57,1764639361458,09:37:00,1764639361392,1.605,1.608,-0.1866,26164.62,0.9075,3.0852,0,0,1.605,0.873,1.604,9842700,1.603,9097900,1.602,8046300,1.601,1331500,1.6,1614800,1.605,254900,1.606,5209500,1.607,5608700,1.608,2399600,1.609,1950500,09:36:01.171,09:35:59,26180.13,26174.5,-0.5,5,0.48
sz159920,09:35:57,1764639362102,09:37:01,1764639362076,1.605,1.608,-0.1866,26164.62,0.9075,2.7768,0,0,1.605,0.643,1.604,9842700,1.603,9097900,1.602,8046300,1.601,1331500,1.6,1614800,1.605,254900,1.606,5209500,1.607,5608700,1.608,2399600,1.609,1950500,09:36:01.865,09:36:00,26181.6,26177.0,-0.2,30,0.48
sz159920,09:35:57,1764639362633,09:37:02,1764639362446,1.605,1.608,-0.1866,26166.34,0.9075,2.4605,0,0,1.605,0.532,1.604,9842700,1.603,9097900,1.602,8046300,1.601,1331500,1.6,1614800,1.605,254900,1.606,5209500,1.607,5608700,1.608,2399600,1.609,1950500,09:36:02.421,09:36:02,26181.04,26177.0,-0.6,4,0.48
sz159920,09:36:00,1764639363706,09:37:03,1764639363527,1.604,1.608,-0.2488,26166.34,0.9075,2.3758,222200,356501,1.6044,1.073,1.604,9712700,1.603,9097900,1.602,8046300,1.601,1331500,1.6,1614800,1.605,12900,1.606,5334700,1.607,5608700,1.608,2399600,1.609,1950500,09:36:03.462,09:36:03,26181.95,26177.0,-0.67,3,0.48
sz159920,09:36:00,1764639366748,09:37:04,1764639365520,1.604,1.608,-0.2488,26167.49,0.9075,2.2612,0,0,1.604,3.042,1.604,9712700,1.603,9097900,1.602,8046300,1.601,1331500,1.6,1614800,1.605,12900,1.606,5334700,1.607,5608700,1.608,2399600,1.609,1950500,09:36:05.519,09:36:04,26185.08,26179.0,-0.11,12,0.5
sz159920,09:36:03,1764639372831,09:37:06,1764639372665,1.605,1.608,-0.1866,26170.45,0.9075,1.7881,30800,49434,1.605,6.083,1.604,9720500,1.603,10342800,1.602,8046300,1.601,1331500,1.6,1614800,1.605,51000,1.606,5284000,1.607,5617600,1.608,2400600,1.609,1950500,09:36:11.678,09:36:05,26185.08,26181.0,-0.33,19,0.5
sz159920,09:36:09,1764639374237,09:37:10,1764639374236,1.605,1.608,-0.1866,26170.38,0.9075,2.3479,152200,244281,1.605,1.406,1.605,5852100,1.604,9722900,1.603,10342800,1.602,2805700,1.601,1331500,1.606,4934300,1.607,4617600,1.608,2650600,1.609,2040500,1.61,2341000,09:36:14.182,09:36:11,26195.2,26193.0,0.25,76,0.53
sz159920,09:36:12,1764639374299,09:37:13,1764639374280,1.605,1.608,-0.1866,26177.31,0.9075,5.5468,1000,1605,1.605,0.063,1.605,9014400,1.604,7732400,1.603,10346400,1.602,1595900,1.601,1331500,1.606,2532500,1.607,6417600,1.608,4164500,1.609,2040500,1.61,2341000,09:36:14.279,09:36:13,26194.69,26191.5,-0.29,42,0.53
sz159920,09:36:12,1764639375459,09:37:14,1764639374451,1.605,1.608,-0.1866,26177.64,0.9075,4.9958,0,0,1.605,1.16,1.605,9014400,1.604,7732400,1.603,10346400,1.602,1595900,1.601,1331500,1.606,2532500,1.607,6417600,1.608,4164500,1.609,2040500,1.61,2341000,09:36:15.414,09:36:14,26198.18,26195.0,-0.14,3,0.55
sz159920,09:36:12,1764639376338,09:37:15,1764639375465,1.605,1.608,-0.1866,26177.64,0.9075,5.0449,0,0,1.605,0.879,1.605,9014400,1.604,7732400,1.603,10346400,1.602,1595900,1.601,1331500,1.606,2532500,1.607,6417600,1.608,4164500,1.609,2040500,1.61,2341000,09:36:16.217,09:36:16,26202.63,26199.5,-0.78,7,0.56
sz159920,09:36:12,1764639377294,09:37:16,1764639376912,1.605,1.608,-0.1866,26182.6,0.9075,4.4526,0,0,1.605,0.956,1.605,9014400,1.604,7732400,1.603,10346400,1.602,1595900,1.601,1331500,1.606,2532500,1.607,6417600,1.608,4164500,1.609,2040500,1.61,2341000,09:36:17.219,09:36:16,26201.74,26199.0,-0.23,0,0.56
sz159920,09:36:15,1764639378287,09:37:17,1764639377531,1.605,1.608,-0.1866,26182.6,0.9075,4.2586,79200,127189,1.6059,0.993,1.605,10010800,1.604,8182800,1.603,10346400,1.602,1142400,1.601,1331500,1.606,466100,1.607,6811000,1.608,3165700,1.609,2040500,1.61,2334700,09:36:18.251,09:36:18,26203.2,26199.0,0.0,6,0.56
sz159920,09:36:15,1764639379459,09:37:18,1764639378936,1.605,1.608,-0.1866,26183.79,0.9075,4.2586,0,0,1.605,1.173,1.605,10010800,1.604,8182800,1.603,10346400,1.602,1142400,1.601,1331500,1.606,466100,1.607,6811000,1.608,3165700,1.609,2040500,1.61,2334700,09:36:19.365,09:36:19,26198.7,26194.0,0.5,13,0.55
sz159920,09:36:15,1764639380288,09:37:19,1764639379623,1.605,1.608,-0.1866,26183.79,0.9075,4.0481,0,0,1.605,0.828,1.605,10010800,1.604,8182800,1.603,10346400,1.602,1142400,1.601,1331500,1.606,466100,1.607,6811000,1.608,3165700,1.609,2040500,1.61,2334700,09:36:20.260,09:36:20,26198.33,26194.0,0.0,6,0.55
sz159920,09:36:15,1764639381354,09:37:20,1764639380952,1.605,1.608,-0.1866,26182.34,0.9075,3.6258,0,0,1.605,1.066,1.605,10010800,1.604,8182800,1.603,10346400,1.602,1142400,1.601,1331500,1.606,466100,1.607,6811000,1.608,3165700,1.609,2040500,1.61,2334700,09:36:21.333,09:36:20,26196.51,26194.0,-0.71,0,0.54
sz159920,09:36:18,1764639382288,09:37:21,1764639381462,1.606,1.6085,-0.1554,26182.34,0.9075,3.3725,506300,813118,1.606,0.934,1.606,4445700,1.605,10015900,1.604,8229800,1.603,6346400,1.602,1142400,1.607,6791000,1.608,3169600,1.609,2492100,1.61,2334700,1.611,1711500,09:36:22.245,09:36:21,26197.29,26191.5,0.0,1,0.54
sz159920,09:36:21,1764639383289,09:37:22,1764639383114,1.606,1.6085,-0.1554,26183.86,0.9075,2.9935,322000,517132,1.606,1.001,1.605,10015900,1.604,8229800,1.603,10346400,1.602,1142400,1.601,1331500,1.606,2068800,1.607,6411500,1.608,4169600,1.609,2540500,1.61,2334700,09:36:23.239,09:36:21,26197.29,26191.5,0.0,0,0.54
sz159920,09:36:21,1764639384290,09:37:23,1764639383436,1.606,1.6085,-0.1554,26183.86,0.9075,1.6678,0,0,1.606,1.001,1.605,10015900,1.604,8229800,1.603,10346400,1.602,1142400,1.601,1331500,1.606,2068800,1.607,6411500,1.608,4169600,1.609,2540500,1.61,2334700,09:36:24.254,09:36:24,26197.29,26193.0,0.6,2,0.54
sz159920,09:36:21,1764639385312,09:37:24,1764639385266,1.606,1.6085,-0.1554,26182.25,0.9075,1.6166,0,0,1.606,1.023,1.605,10015900,1.604,8229800,1.603,10346400,1.602,1142400,1.601,1331500,1.606,2068800,1.607,6411500,1.608,4169600,1.609,2540500,1.61,2334700,09:36:25.249,09:36:24,26196.9,26193.0,-0.56,18,0.54
sz159920,09:36:21,1764639386509,09:37:25,1764639385451,1.606,1.6085,-0.1554,26182.25,0.9075,1.0829,0,0,1.606,1.197,1.605,10015900,1.604,8229800,1.603,10346400,1.602,1142400,1.601,1331500,1.606,2068800,1.607,6411500,1.608,4169600,1.609,2540500,1.61,2334700,09:36:26.502,09:36:25,26196.0,26193.0,-0.23,1,0.54
sz159920,09:36:24,1764639387708,09:37:26,1764639386531,1.605,1.6085,-0.2176,26179.18,0.9075,1.0829,15700,25198,1.605,1.198,1.605,10000300,1.604,8229800,1.603,10346400,1.602,1142400,1.601,1331500,1.606,530600,1.607,6432800,1.608,4164700,1.609,2540500,1.61,2786000,09:36:27.707,09:36:27,26196.51,26193.0,0.0,2,0.54
sz159920,09:36:24,1764639388601,09:37:27,1764639387738,1.605,1.6085,-0.2176,26179.18,0.9075,1.0431,0,0,1.605,0.894,1.605,10000300,1.604,8229800,1.603,10346400,1.602,1142400,1.601,1331500,1.606,530600,1.607,6432800,1.608,4164700,1.609,2540500,1.61,2786000,09:36:28.327,09:36:27,26193.78,26190.0,-0.6,10,0.53
sz159920,09:36:24,1764639389699,09:37:28,1764639388690,1.605,1.6085,-0.2176,26181.8,0.9075,1.5052,0,0,1.605,1.098,1.605,10000300,1.604,8229800,1.603,10346400,1.602,1142400,1.601,1331500,1.606,530600,1.607,6432800,1.608,4164700,1.609,2540500,1.61,2786000,09:36:29.603,09:36:28,26192.84,26189.0,-0.71,0,0.53
sz159920,09:36:27,1764639391565,09:37:29,1764639389756,1.606,1.6085,-0.1554,26181.8,0.9075,2.1918,13900,22324,1.606,1.866,1.605,10000300,1.604,8229800,1.603,10346400,1.602,1142400,1.601,1331500,1.606,1999600,1.607,6437700,1.608,4144700,1.609,2540500,1.61,2334700,09:36:31.433,09:36:29,26192.4,26188.0,0.0,0,0.52
sz159920,09:36:27,1764639392939,09:37:31,1764639392337,1.606,1.6085,-0.1554,26182.7,0.9075,1.1064,0,0,1.606,1.373,1.605,10000300,1.604,8229800,1.603,10346400,1.602,1142400,1.601,1331500,1.606,1999600,1.607,6437700,1.608,4144700,1.609,2540500,1.61,2334700,09:36:32.364,09:36:31,26191.96,26187.5,-0.08,7,0.52
sz159920,09:36:30,1764639395120,09:37:32,1764639394894,1.605,1.6085,-0.2176,26181.48,0.9075,1.1565,1100000,1766500,1.6059,2.181,1.605,5762500,1.604,10529800,1.603,10346400,1.602,1142400,1.601,1331500,1.606,4216500,1.607,4137700,1.608,4596600,1.609,2544400,1.61,2334700,09:36:34.849,09:36:32,26195.1,26191.0,-0.62,37,0.53
sz159920,09:36:33,1764639397088,09:37:34,1764639395618,1.605,1.6085,-0.2176,26185.81,0.9075,1.1565,233000,374192,1.606,1.968,1.605,9922900,1.604,8237900,1.603,10346400,1.602,1142400,1.601,1331500,1.606,1308800,1.607,6437700,1.608,4644700,1.609,2543400,1.61,2334700,09:36:35.719,09:36:34,26195.51,26193.0,-0.6,22,0.54
sz159920,09:36:33,1764639398199,09:37:35,1764639398134,1.605,1.6085,-0.2176,26185.81,0.9075,0.9775,0,0,1.605,1.11,1.605,9922900,1.604,8237900,1.603,10346400,1.602,1142400,1.601,1331500,1.606,1308800,1.607,6437700,1.608,4644700,1.609,2543400,1.61,2334700,09:36:38.104,09:36:35,26199.96,26197.0,0.12,25,0.55
sz159920,09:36:36,1764639398464,09:37:37,1764639398366,1.605,1.6093,-0.2672,26179.72,0.9075,1.7074,100,161,1.61,0.266,1.605,9922800,1.604,8237900,1.603,10346400,1.602,1142400,1.601,1331500,1.606,7800,1.607,6437700,1.608,4644700,1.609,2529900,1.61,2334700,09:36:38.449,09:36:37,26198.88,26195.0,0.33,21,0.55
sz159920,09:36:36,1764639399469,09:37:38,1764639398468,1.605,1.6093,-0.2672,26179.79,0.9075,0.8845,0,0,1.605,1.005,1.605,9922800,1.604,8237900,1.603,10346400,1.602,1142400,1.601,1331500,1.606,7800,1.607,6437700,1.608,4644700,1.609,2529900,1.61,2334700,09:36:39.398,09:36:38,26198.18,26194.0,0.43,6,0.55
sz159920,09:36:36,1764639400286,09:37:39,1764639399541,1.605,1.6093,-0.2672,26179.79,0.9075,0.9398,0,0,1.605,0.817,1.605,9922800,1.604,8237900,1.603,10346400,1.602,1142400,1.601,1331500,1.606,7800,1.607,6437700,1.608,4644700,1.609,2529900,1.61,2334700,09:36:40.175,09:36:39,26199.6,26197.0,-0.67,0,0.55
sz159920,09:36:39,1764639401333,09:37:40,1764639400697,1.606,1.6093,-0.2051,26182.23,0.9075,0.9398,61500,98769,1.606,1.047,1.605,9927800,1.604,8228400,1.603,10346400,1.602,1142400,1.601,1331500,1.607,6437700,1.608,3645400,1.609,2529900,1.61,2334700,1.611,1711500,09:36:41.288,09:36:41,26200.15,26197.0,0.43,3,0.55
sz159920,09:36:39,1764639402275,09:37:41,1764639401430,1.606,1.6093,-0.2051,26182.23,0.9075,0.3722,0,0,1.606,0.942,1.605,9927800,1.604,8228400,1.603,10346400,1.602,1142400,1.601,1331500,1.607,6437700,1.608,3645400,1.609,2529900,1.61,2334700,1.611,1711500,09:36:42.148,09:36:42,26203.52,26200.0,0.5,17,0.57
sz159920,09:36:39,1764639403250,09:37:42,1764639402579,1.606,1.6093,-0.2051,26184.72,0.9075,0.3722,0,0,1.606,0.974,1.605,9927800,1.604,8228400,1.603,10346400,1.602,1142400,1.601,1331500,1.607,6437700,1.608,3645400,1.609,2529900,1.61,2334700,1.611,1711500,09:36:43.147,09:36:42,26204.41,26201.0,-0.25,0,0.57
sz159920,09:36:42,1764639404255,09:37:43,1764639403429,1.606,1.6093,-0.2051,26184.72,0.9075,1.6142,100,161,1.61,1.005,1.606,927400,1.605,9927800,1.604,8239800,1.603,10346400,1.602,1142400,1.607,6955000,1.608,3645400,1.609,2529900,1.61,2338600,1.611,1711500,09:36:44.158,09:36:43,26205.9,26203.0,0.0,2,0.58
sz159920,09:36:42,1764639405251,09:37:44,1764639404744,1.606,1.6093,-0.2051,26186.43,0.9075,4.5956,0,0,1.606,0.997,1.606,927400,1.605,9927800,1.604,8239800,1.603,10346400,1.602,1142400,1.607,6955000,1.608,3645400,1.609,2529900,1.61,2338600,1.611,1711500,09:36:45.172,09:36:45,26207.08,26204.0,-0.14,9,0.58
sz159920,09:36:42,1764639406250,09:37:45,1764639405440,1.606,1.6093,-0.2051,26186.43,0.9075,3.5149,0,0,1.606,0.998,1.606,927400,1.605,9927800,1.604,8239800,1.603,10346400,1.602,1142400,1.607,6955000,1.608,3645400,1.609,2529900,1.61,2338600,1.611,1711500,09:36:46.160,09:36:45,26204.41,26201.5,-0.2,7,0.57
sz159920,09:36:42,1764639407242,09:37:46,1764639406903,1.606,1.6093,-0.2051,26185.47,0.9075,3.5149,0,0,1.606,0.993,1.606,927400,1.605,9927800,1.604,8239800,1.603,10346400,1.602,1142400,1.607,6955000,1.608,3645400,1.609,2529900,1.61,2338600,1.611,1711500,09:36:47.188,09:36:46,26206.52,26204.0,-0.33,2,0.58
sz159920,09:36:45,1764639408252,09:37:47,1764639407441,1.606,1.6093,-0.2051,26185.47,0.9075,4.0587,160100,257120,1.606,1.009,1.606,767500,1.605,10255800,1.604,8441800,1.603,8651900,1.602,1142400,1.607,6716400,1.608,3645400,1.609,2780000,1.61,2338600,1.611,1711500,09:36:48.216,09:36:48,26204.41,26202.0,-0.88,5,0.57
sz159920,09:36:45,1764639409359,09:37:48,1764639409171,1.606,1.6093,-0.2051,26186.12,0.9075,4.0587,0,0,1.606,1.107,1.606,767500,1.605,10255800,1.604,8441800,1.603,8651900,1.602,1142400,1.607,6716400,1.608,3645400,1.609,2780000,1.61,2338600,1.611,1711500,09:36:49.303,09:36:48,26205.3,26201.0,0.11,0,0.57
sz159920,09:36:48,1764639410555,09:37:49,1764639409430,1.606,1.6093,-0.2051,26186.12,0.9075,3.625,100000,160600,1.606,1.196,1.606,667500,1.605,10258800,1.604,8441800,1.603,8651900,1.602,1142400,1.607,6719800,1.608,3645400,1.609,2780000,1.61,2338600,1.611,1711500,09:36:50.445,09:36:49,26203.79,26201.0,0.56,2,0.57
sz159920,09:36:48,1764639411611,09:37:50,1764639411593,1.606,1.6093,-0.2051,26188.41,0.9075,3.0972,0,0,1.606,1.056,1.606,667500,1.605,10258800,1.604,8441800,1.603,8651900,1.602,1142400,1.607,6719800,1.608,3645400,1.609,2780000,1.61,2338600,1.611,1711500,09:36:51.244,09:36:50,26205.9,26202.5,-0.88,2,0.58
sz159920,09:36:48,1764639412265,09:37:51,1764639411730,1.606,1.6093,-0.2051,26188.41,0.9075,3.3048,0,0,1.606,0.654,1.606,667500,1.605,10258800,1.604,8441800,1.603,8651900,1.602,1142400,1.607,6719800,1.608,3645400,1.609,2780000,1.61,2338600,1.611,1711500,09:36:51.850,09:36:51,26207.7,26204.0,0.14,1,0.58
sz159920,09:36:48,1764639413470,09:37:52,1764639412613,1.606,1.6093,-0.2051,26190.63,0.9075,3.3048,0,0,1.606,1.205,1.606,667500,1.605,10258800,1.604,8441800,1.603,8651900,1.602,1142400,1.607,6719800,1.608,3645400,1.609,2780000,1.61,2338600,1.611,1711500,09:36:53.151,09:36:52,26208.86,26206.5,-0.33,7,0.59
sz159920,09:36:51,1764639414363,09:37:53,1764639413491,1.607,1.6097,-0.1677,26190.63,0.9075,4.0698,220300,353922,1.6065,0.893,1.606,5718100,1.605,10258900,1.604,8454500,1.603,4561900,1.602,1142400,1.607,6540900,1.608,3654800,1.609,2780000,1.61,2338600,1.611,1711500,09:36:53.826,09:36:53,26210.64,26208.0,-0.43,25,0.59
sz159920,09:36:51,1764639415260,09:37:54,1764639414687,1.607,1.6097,-0.1677,26187.64,0.9075,4.0698,0,0,1.607,0.897,1.606,5718100,1.605,10258900,1.604,8454500,1.603,4561900,1.602,1142400,1.607,6540900,1.608,3654800,1.609,2780000,1.61,2338600,1.611,1711500,09:36:54.867,09:36:54,26205.9,26203.0,0.06,6,0.58
sz159920,09:36:51,1764639416274,09:37:54,1764639415570,1.607,1.6097,-0.1677,26187.64,0.9075,5.1779,0,0,1.607,1.014,1.606,5718100,1.605,10258900,1.604,8454500,1.603,4561900,1.602,1142400,1.607,6540900,1.608,3654800,1.609,2780000,1.61,2338600,1.611,1711500,09:36:55.793,09:36:55,26203.79,26201.5,0.5,2,0.57
sz159920,09:36:54,1764639417272,09:37:56,1764639416399,1.606,1.6097,-0.2299,26188.36,0.9075,5.1779,100000,160600,1.606,0.998,1.606,1627600,1.605,10258800,1.604,8450100,1.603,7788600,1.602,1142400,1.607,6632600,1.608,3154800,1.609,3143300,1.61,2338600,1.611,1711500,09:36:56.954,09:36:56,26202.63,26198.0,0.71,6,0.56
sz159920,09:36:54,1764639418424,09:37:57,1764639417752,1.606,1.6097,-0.2299,26188.36,0.9075,5.0023,0,0,1.606,1.152,1.606,1627600,1.605,10258800,1.604,8450100,1.603,7788600,1.602,1142400,1.607,6632600,1.608,3154800,1.609,3143300,1.61,2338600,1.611,1711500,09:36:57.791,09:36:57,26201.4,26198.0,0.75,1,0.56
sz159920,09:36:57,1764639419280,09:37:58,1764639418500,1.606,1.6097,-0.2299,26186.95,0.9075,5.7428,73300,117721,1.606,0.857,1.605,9958800,1.604,8404700,1.603,7589600,1.602,1142400,1.601,1331500,1.607,6644500,1.608,4154800,1.609,3143300,1.61,2338600,1.611,1711500,09:36:58.801,09:36:58,26204.1,26201.0,0.71,0,0.57
sz159920,09:36:57,1764639420280,09:37:59,1764639419897,1.606,1.6097,-0.2299,26186.95,0.9075,4.495,0,0,1.606,1.0,1.605,9958800,1.604,8404700,1.603,7589600,1.602,1142400,1.601,1331500,1.607,6644500,1.608,4154800,1.609,3143300,1.61,2338600,1.611,1711500,09:36:59.788,09:36:59,26205.3,26203.0,-0.33,3,0.57
sz159920,09:36:57,1764639421351,09:38:00,1764639420401,1.606,1.6097,-0.2299,26188.11,0.9075,4.495,0,0,1.606,1.071,1.605,9958800,1.604,8404700,1.603,7589600,1.602,1142400,1.601,1331500,1.607,6644500,1.608,4154800,1.609,3143300,1.61,2338600,1.611,1711500,09:37:00.814,09:37:00,26202.88,26199.0,0.67,8,0.56
sz159920,09:37:00,1764639422339,09:38:01,1764639422178,1.606,1.6097,-0.2299,26188.11,0.9075,4.1042,106000,170236,1.606,0.989,1.605,9958800,1.604,8404700,1.603,7539600,1.602,1142400,1.601,1331500,1.607,6644500,1.608,3154800,1.609,3143300,1.61,2338600,1.611,1711500,09:37:01.843,09:37:01,26201.64,26198.5,-0.14,3,0.56
sz159920,09:37:00,1764639423437,09:38:02,1764639422455,1.606,1.6097,-0.2299,26187.09,0.9075,3.5756,0,0,1.606,1.098,1.605,9958800,1.604,8404700,1.603,7539600,1.602,1142400,1.601,1331500,1.607,6644500,1.608,3154800,1.609,3143300,1.61,2338600,1.611,1711500,09:37:02.816,09:37:02,26204.41,26201.0,0.14,0,0.57
sz159920,09:37:00,1764639424276,09:38:03,1764639424243,1.606,1.6097,-0.2299,26187.09,0.9075,3.5756,0,0,1.606,0.839,1.605,9958800,1.604,8404700,1.603,7539600,1.602,1142400,1.601,1331500,1.607,6644500,1.608,3154800,1.609,3143300,1.61,2338600,1.611,1711500,09:37:03.844,09:37:03,26200.15,26197.5,-0.33,2,0.55
sz159920,09:37:03,1764639425283,09:38:04,1764639424414,1.606,1.6097,-0.2299,26187.94,0.9075,3.8022,200,322,1.61,1.007,1.606,5300,1.605,9956800,1.604,8451700,1.603,7449600,1.602,1142400,1.607,6604700,1.608,4154800,1.609,3594900,1.61,2345400,1.611,1711500,09:37:04.814,09:37:04,26202.3,26199.0,0.71,1,0.56
sz159920,09:37:03,1764639426271,09:38:05,1764639425569,1.606,1.6097,-0.2299,26187.94,0.9075,3.8022,0,0,1.606,0.988,1.606,5300,1.605,9956800,1.604,8451700,1.603,7449600,1.602,1142400,1.607,6604700,1.608,4154800,1.609,3594900,1.61,2345400,1.611,1711500,09:37:05.824,09:37:05,26202.56,26199.5,-0.33,2,0.56
sz159920,09:37:03,1764639427279,09:38:06,1764639426404,1.606,1.6097,-0.2299,26185.41,0.9075,3.6297,0,0,1.606,1.008,1.606,5300,1.605,9956800,1.604,8451700,1.603,7449600,1.602,1142400,1.607,6604700,1.608,4154800,1.609,3594900,1.61,2345400,1.611,1711500,09:37:06.821,09:37:06,26199.24,26195.0,0.0,5,0.55
sz159920,09:37:03,1764639428270,09:38:07,1764639427426,1.606,1.6097,-0.2299,26185.41,0.9075,4.8294,0,0,1.606,0.991,1.606,5300,1.605,9956800,1.604,8451700,1.603,7449600,1.602,1142400,1.607,6604700,1.608,4154800,1.609,3594900,1.61,2345400,1.611,1711500,09:37:07.829,09:37:07,26199.07,26194.0,0.0,3,0.55
sz159920,09:37:06,1764639429288,09:38:08,1764639428564,1.606,1.6095,-0.2175,26185.47,0.9075,3.9679,40400,64882,1.606,1.019,1.605,9956800,1.604,8451700,1.603,8039600,1.602,1142400,1.601,1331500,1.607,7080800,1.608,3154800,1.609,3393300,1.61,2345400,1.611,1711500,09:37:08.820,09:37:08,26199.6,26194.0,-0.6,6,0.55
sz159920,09:37:06,1764639430286,09:38:09,1764639429432,1.606,1.6095,-0.2175,26185.47,0.9075,4.6706,0,0,1.606,0.998,1.605,9956800,1.604,8451700,1.603,8039600,1.602,1142400,1.601,1331500,1.607,7080800,1.608,3154800,1.609,3393300,1.61,2345400,1.611,1711500,09:37:09.827,09:37:09,26199.07,26195.5,0.33,1,0.55
sz159920,09:37:09,1764639431292,09:38:10,1764639430731,1.606,1.6095,-0.2175,26181.38,0.9075,4.3314,1002000,1609212,1.606,1.005,1.606,1800,1.605,9967100,1.604,8451700,1.603,8039600,1.602,1142400,1.607,7088300,1.608,4154800,1.609,3390300,1.61,2796800,1.611,1711500,09:37:10.821,09:37:10,26194.69,26191.0,-0.43,3,0.53
sz159920,09:37:09,1764639432293,09:38:11,1764639431437,1.606,1.6095,-0.2175,26181.38,0.9075,3.9205,0,0,1.606,1.001,1.606,1800,1.605,9967100,1.604,8451700,1.603,8039600,1.602,1142400,1.607,7088300,1.608,4154800,1.609,3390300,1.61,2796800,1.611,1711500,09:37:11.842,09:37:11,26196.9,26192.5,0.2,1,0.54
sz159920,09:37:09,1764639433292,09:38:12,1764639432896,1.606,1.6095,-0.2175,26182.97,0.9075,4.0627,0,0,1.606,1.0,1.606,1800,1.605,9967100,1.604,8451700,1.603,8039600,1.602,1142400,1.607,7088300,1.608,4154800,1.609,3390300,1.61,2796800,1.611,1711500,09:37:12.827,09:37:11,26196.9,26192.5,0.2,0,0.54
sz159920,09:37:12,1764639434293,09:38:13,1764639433429,1.606,1.6095,-0.2175,26182.97,0.9075,3.8811,31800,51087,1.6065,1.001,1.605,9967600,1.604,8451700,1.603,8039600,1.602,1142400,1.601,1331500,1.606,377400,1.607,7075800,1.608,4154800,1.609,3390300,1.61,2797900,09:37:13.828,09:37:13,26195.6,26193.0,-0.75,2,0.54
sz159920,09:37:12,1764639435313,09:38:14,1764639435072,1.606,1.6095,-0.2175,26181.69,0.9075,3.2863,0,0,1.606,1.02,1.605,9967600,1.604,8451700,1.603,8039600,1.602,1142400,1.601,1331500,1.606,377400,1.607,7075800,1.608,4154800,1.609,3390300,1.61,2797900,09:37:14.841,09:37:14,26197.42,26194.0,0.2,3,0.54
sz159920,09:37:12,1764639436305,09:38:15,1764639435428,1.606,1.6095,-0.2175,26181.69,0.9075,3.8759,0,0,1.606,0.992,1.605,9967600,1.604,8451700,1.603,8039600,1.602,1142400,1.601,1331500,1.606,377400,1.607,7075800,1.608,4154800,1.609,3390300,1.61,2797900,09:37:16.025,09:37:15,26197.96,26196.0,0.71,3,0.54
sz159920,09:37:15,1764639437488,09:38:17,1764639437435,1.606,1.6095,-0.2175,26181.75,0.9075,3.059,7000,11242,1.606,1.183,1.605,9967600,1.604,8452300,1.603,8039600,1.602,1142400,1.601,1331500,1.606,82800,1.607,7060300,1.608,4154800,1.609,3390300,1.61,2846600,09:37:17.339,09:37:17,26201.74,26198.0,-0.33,5,0.56
sz159920,09:37:15,1764639438292,09:38:17,1764639437435,1.606,1.6095,-0.2175,26181.75,0.9075,3.059,0,0,1.606,0.804,1.605,9967600,1.604,8452300,1.603,8039600,1.602,1142400,1.601,1331500,1.606,82800,1.607,7060300,1.608,4154800,1.609,3390300,1.61,2846600,09:37:17.858,09:37:17,26202.63,26199.5,-0.09,7,0.56
sz159920,09:37:15,1764639439295,09:38:18,1764639438450,1.606,1.6095,-0.2175,26184.65,0.9075,2.5948,0,0,1.606,1.003,1.605,9967600,1.604,8452300,1.603,8039600,1.602,1142400,1.601,1331500,1.606,82800,1.607,7060300,1.608,4154800,1.609,3390300,1.61,2846600,09:37:18.846,09:37:18,26196.9,26193.0,-0.6,3,0.54
sz159920,09:37:15,1764639440343,09:38:18,1764639439431,1.606,1.6095,-0.2175,26184.65,0.9075,3.0466,0,0,1.606,1.049,1.605,9967600,1.604,8452300,1.603,8039600,1.602,1142400,1.601,1331500,1.606,82800,1.607,7060300,1.608,4154800,1.609,3390300,1.61,2846600,09:37:19.877,09:37:19,26195.1,26191.0,-0.6,2,0.53
sz159920,09:37:18,1764639441398,09:38:20,1764639440434,1.606,1.6095,-0.2175,26181.22,0.9075,3.0466,144800,232550,1.606,1.055,1.605,9967600,1.604,8452300,1.603,8039600,1.602,1142400,1.601,1331500,1.606,1212900,1.607,7059500,1.608,4154800,1.609,3391800,1.61,2346600,09:37:20.851,09:37:20,26194.69,26191.0,-0.71,3,0.53
sz159920,09:37:18,1764639442298,09:38:21,1764639441796,1.606,1.6095,-0.2175,26181.22,0.9075,1.8066,0,0,1.606,0.9,1.605,9967600,1.604,8452300,1.603,8039600,1.602,1142400,1.601,1331500,1.606,1212900,1.607,7059500,1.608,4154800,1.609,3391800,1.61,2346600,09:37:21.865,09:37:21,26196.4,26192.5,-0.27,4,0.54
sz159920,09:37:21,1764639443358,09:38:22,1764639442403,1.606,1.6093,-0.2051,26179.38,0.9075,1.3748,2600,4175,1.6058,1.06,1.605,9972000,1.604,8482300,1.603,8039600,1.602,1142400,1.601,1331500,1.606,83000,1.607,7050900,1.608,4596600,1.609,3391800,1.61,2346600,09:37:22.855,09:37:22,26196.12,26192.0,-0.71,2,0.54
sz159920,09:37:21,1764639444345,09:38:23,1764639443804,1.606,1.6093,-0.2051,26179.38,0.9075,0.6136,0,0,1.606,0.988,1.605,9972000,1.604,8482300,1.603,8039600,1.602,1142400,1.601,1331500,1.606,83000,1.607,7050900,1.608,4596600,1.609,3391800,1.61,2346600,09:37:23.900,09:37:23,26196.12,26192.0,0.6,2,0.54
sz159920,09:37:21,1764639445302,09:38:24,1764639444415,1.606,1.6093,-0.2051,26179.63,0.9075,0.6136,0,0,1.606,0.957,1.605,9972000,1.604,8482300,1.603,8039600,1.602,1142400,1.601,1331500,1.606,83000,1.607,7050900,1.608,4596600,1.609,3391800,1.61,2346600,09:37:24.860,09:37:24,26197.29,26194.0,-0.78,2,0.54
sz159920,09:37:24,1764639446299,09:38:25,1764639445907,1.606,1.6093,-0.2051,26179.63,0.9075,0.3558,118800,190793,1.606,0.997,1.605,9992000,1.604,8483300,1.603,8039600,1.602,1142400,1.601,1331500,1.606,5000,1.607,6975800,1.608,4644800,1.609,3391800,1.61,2346600,09:37:25.873,09:37:25,26201.64,26198.0,-0.75,1,0.56
sz159920,09:37:24,1764639447316,09:38:26,1764639446409,1.606,1.6093,-0.2051,26183.63,0.9075,0.9706,0,0,1.606,1.016,1.605,9992000,1.604,8483300,1.603,8039600,1.602,1142400,1.601,1331500,1.606,5000,1.607,6975800,1.608,4644800,1.609,3391800,1.61,2346600,09:37:26.900,09:37:26,26200.72,26199.0,0.0,2,0.56
sz159920,09:37:24,1764639448310,09:38:27,1764639448061,1.606,1.6093,-0.2051,26183.63,0.9075,1.6384,0,0,1.606,0.995,1.605,9992000,1.604,8483300,1.603,8039600,1.602,1142400,1.601,1331500,1.606,5000,1.607,6975800,1.608,4644800,1.609,3391800,1.61,2346600,09:37:27.867,09:37:27,26200.85,26197.0,0.2,2,0.56
sz159920,09:37:27,1764639449305,09:38:28,1764639448418,1.605,1.6093,-0.2672,26183.84,0.9075,1.0803,78900,126705,1.6059,0.995,1.606,1100,1.605,9983100,1.604,8483300,1.603,8039600,1.602,1142400,1.607,6975800,1.608,3644800,1.609,3391800,1.61,2346600,1.611,1715400,09:37:28.872,09:37:28,26203.79,26201.0,0.43,7,0.57
sz159920,09:37:27,1764639450311,09:38:29,1764639450213,1.605,1.6093,-0.2672,26183.84,0.9075,1.0267,0,0,1.605,1.006,1.606,1100,1.605,9983100,1.604,8483300,1.603,8039600,1.602,1142400,1.607,6975800,1.608,3644800,1.609,3391800,1.61,2346600,1.611,1715400,09:37:29.874,09:37:29,26205.0,26201.0,0.5,1,0.57
sz159920,09:37:27,1764639451311,09:38:30,1764639450422,1.605,1.6093,-0.2672,26186.79,0.9075,1.2339,0,0,1.605,1.0,1.606,1100,1.605,9983100,1.604,8483300,1.603,8039600,1.602,1142400,1.607,6975800,1.608,3644800,1.609,3391800,1.61,2346600,1.611,1715400,09:37:30.879,09:37:30,26205.0,26201.0,-0.33,2,0.57
sz159920,09:37:30,1764639452326,09:38:31,1764639451430,1.606,1.6093,-0.2051,26186.79,0.9075,1.0037,31700,50923,1.6064,1.016,1.605,9985100,1.604,8483300,1.603,8039600,1.602,1142400,1.601,1331500,1.606,10000,1.607,6963400,1.608,3659000,1.609,3391800,1.61,2356600,09:37:31.885,09:37:30,26204.1,26201.5,0.0,0,0.57
sz159920,09:37:30,1764639453320,09:38:32,1764639452400,1.606,1.6093,-0.2051,26190.2,0.9075,1.0037,0,0,1.606,0.994,1.605,9985100,1.604,8483300,1.603,8039600,1.602,1142400,1.601,1331500,1.606,10000,1.607,6963400,1.608,3659000,1.609,3391800,1.61,2356600,09:37:32.887,09:37:31,26202.88,26200.0,-0.2,0,0.56
sz159920,09:37:30,1764639454320,09:38:33,1764639453422,1.606,1.6093,-0.2051,26190.2,0.9075,0.7237,0,0,1.606,1.0,1.605,9985100,1.604,8483300,1.603,8039600,1.602,1142400,1.601,1331500,1.606,10000,1.607,6963400,1.608,3659000,1.609,3391800,1.61,2356600,09:37:33.883,09:37:33,26203.48,26201.0,0.0,0,0.57
sz159920,09:37:33,1764639455321,09:38:34,1764639454547,1.606,1.6093,-0.2051,26190.66,0.9075,0.7237,13700,22002,1.606,1.001,1.606,910100,1.605,10185100,1.604,8483300,1.603,8039600,1.602,1142400,1.607,6959700,1.608,3659000,1.609,3391800,1.61,2356600,1.611,1715400,09:37:34.893,09:37:34,26203.79,26200.0,-0.78,0,0.57
sz159920,09:37:33,1764639456323,09:38:35,1764639455433,1.606,1.6093,-0.2051,26190.66,0.9075,1.9854,0,0,1.606,1.001,1.606,910100,1.605,10185100,1.604,8483300,1.603,8039600,1.602,1142400,1.607,6959700,1.608,3659000,1.609,3391800,1.61,2356600,1.611,1715400,09:37:35.921,09:37:35,26202.63,26200.0,0.71,1,0.56
sz159920,09:37:33,1764639457330,09:38:36,1764639456729,1.606,1.6093,-0.2051,26189.35,0.9075,1.9854,0,0,1.606,1.007,1.606,910100,1.605,10185100,1.604,8483300,1.603,8039600,1.602,1142400,1.607,6959700,1.608,3659000,1.609,3391800,1.61,2356600,1.611,1715400,09:37:36.904,09:37:36,26202.3,26199.0,0.43,0,0.56
sz159920,09:37:33,1764639458327,09:38:37,1764639457436,1.606,1.6093,-0.2051,26189.35,0.9075,1.9477,0,0,1.606,0.997,1.606,910100,1.605,10185100,1.604,8483300,1.603,8039600,1.602,1142400,1.607,6959700,1.608,3659000,1.609,3391800,1.61,2356600,1.611,1715400,09:37:37.900,09:37:37,26203.2,26200.0,0.33,2,0.56
