symbol,tx_server_time,tx_local_time,bd_server_time,bd_local_time,price,iopv,premium_rate,index_price,fx_rate,sentiment,tick_vol,tick_amt,tick_vwap,interval_s,bp1,bv1,bp2,bv2,bp3,bv3,bp4,bv4,bp5,bv5,sp1,sv1,sp2,sv2,sp3,sv3,sp4,sv4,sp5,sv5,idx_delay_ms,fut_delay_ms,data_flags
sh513130,09:31:26,1766367090021,N/A,0,0.724,0.7251,-0.1517,,0.9044,4.0086,0,0,0.724,0.0,0.724,22872400,0.723,47891100,0.722,64596600,0.721,44859100,0.720,30011200,0.725,75695000,0.726,47462300,0.727,47101100,0.728,28718800,0.729,23490200,99999,0,1
sh513130,09:31:26,1766367090737,N/A,0,0.724,0.7251,-0.1517,,0.9044,5.5919,0,0,0.724,0.716,0.724,22872400,0.723,47891100,0.722,64596600,0.721,44859100,0.720,30011200,0.725,75695000,0.726,47462300,0.727,47101100,0.728,28718800,0.729,23490200,99999,0,0
sh513130,09:31:29,1766367092009,N/A,0,0.724,0.7251,-0.1517,,0.9044,4.4673,3051600,2210282,0.7243,1.272,0.724,13773100,0.723,57503200,0.722,64661700,0.721,45015600,0.720,30025100,0.725,75500100,0.726,47682200,0.727,47263100,0.728,28780300,0.729,23582800,99999,0,0
sh513130,09:31:29,1766367092739,N/A,0,0.724,0.7251,-0.1517,,0.9044,4.4624,0,0,0.724,0.73,0.724,13773100,0.723,57503200,0.722,64661700,0.721,45015600,0.720,30025100,0.725,75500100,0.726,47682200,0.727,47263100,0.728,28780300,0.729,23582800,99999,0,0
sh513130,09:31:29,1766367093831,N/A,0,0.724,0.7251,-0.1517,,0.9044,3.6539,0,0,0.724,1.092,0.724,13773100,0.723,57503200,0.722,64661700,0.721,45015600,0.720,30025100,0.725,75500100,0.726,47682200,0.727,47263100,0.728,28780300,0.729,23582800,99999,0,0
sh513130,09:31:29,1766367094746,N/A,0,0.724,0.7251,-0.1517,,0.9044,3.5874,0,0,0.724,0.914,0.724,13773100,0.723,57503200,0.722,64661700,0.721,45015600,0.720,30025100,0.725,75500100,0.726,47682200,0.727,47263100,0.728,28780300,0.729,23582800,99999,0,0
sh513130,09:31:32,1766367095829,N/A,0,0.724,0.7251,-0.1517,,0.9044,3.5218,712100,515950,0.7245,1.083,0.724,27963700,0.723,48891700,0.722,64319900,0.721,40000200,0.720,30033500,0.725,75940200,0.726,47897100,0.727,47321000,0.728,28790300,0.729,23684800,99999,0,0
sh513130,09:31:32,1766367096862,N/A,0,0.724,0.7251,-0.1517,,0.9044,8.2582,0,0,0.724,1.034,0.724,27963700,0.723,48891700,0.722,64319900,0.721,40000200,0.720,30033500,0.725,75940200,0.726,47897100,0.727,47321000,0.728,28790300,0.729,23684800,99999,0,0
sh513130,09:31:35,1766367097742,N/A,0,0.724,0.7251,-0.1517,,0.9044,8.3852,1525100,1104438,0.7242,0.879,0.724,29862300,0.723,49061400,0.722,54563700,0.721,39972900,0.720,30253500,0.725,74734900,0.726,48254600,0.727,47336000,0.728,28810300,0.729,23727800,99999,0,0
sh513130,09:31:35,1766367098944,N/A,0,0.724,0.7251,-0.1517,,0.9044,8.193,0,0,0.724,1.202,0.724,29862300,0.723,49061400,0.722,54563700,0.721,39972900,0.720,30253500,0.725,74734900,0.726,48254600,0.727,47336000,0.728,28810300,0.729,23727800,99999,0,0
sh513130,09:31:35,1766367099799,N/A,0,0.724,0.7251,-0.1517,,0.9044,8.1218,0,0,0.724,0.855,0.724,29862300,0.723,49061400,0.722,54563700,0.721,39972900,0.720,30253500,0.725,74734900,0.726,48254600,0.727,47336000,0.728,28810300,0.729,23727800,99999,0,0
sh513130,09:31:35,1766367100750,N/A,0,0.724,0.7251,-0.1517,,0.9044,7.9608,0,0,0.724,0.951,0.724,29862300,0.723,49061400,0.722,54563700,0.721,39972900,0.720,30253500,0.725,74734900,0.726,48254600,0.727,47336000,0.728,28810300,0.729,23727800,99999,0,0
sh513130,09:31:38,1766367101757,N/A,0,0.725,0.7251,-0.0138,,0.9044,7.8831,172600,125006,0.7243,1.008,0.724,30844800,0.723,48951500,0.722,54297800,0.721,39972900,0.720,30321600,0.725,76623600,0.726,48299700,0.727,47381000,0.728,29217900,0.729,23818400,99999,0,0
sh513130,09:31:41,1766367103022,N/A,0,0.725,0.7251,-0.0138,,0.9044,7.4614,1636900,1186639,0.7249,1.265,0.724,29472500,0.723,48791200,0.722,53696500,0.721,39977900,0.720,30309100,0.725,74822400,0.726,49278200,0.727,47394700,0.728,29307900,0.729,23869600,99999,0,0
sh513130,09:31:41,1766367103759,N/A,0,0.725,0.7251,-0.0138,,0.9044,6.8345,0,0,0.725,0.737,0.724,29472500,0.723,48791200,0.722,53696500,0.721,39977900,0.720,30309100,0.725,74822400,0.726,49278200,0.727,47394700,0.728,29307900,0.729,23869600,99999,0,0
sh513130,09:31:41,1766367104987,N/A,0,0.725,0.7251,-0.0138,,0.9044,6.8331,0,0,0.725,1.228,0.724,29472500,0.723,48791200,0.722,53696500,0.721,39977900,0.720,30309100,0.725,74822400,0.726,49278200,0.727,47394700,0.728,29307900,0.729,23869600,99999,0,0
sh513130,09:31:41,1766367105774,N/A,0,0.725,0.7251,-0.0138,,0.9044,6.3186,0,0,0.725,0.787,0.724,29472500,0.723,48791200,0.722,53696500,0.721,39977900,0.720,30309100,0.725,74822400,0.726,49278200,0.727,47394700,0.728,29307900,0.729,23869600,99999,0,0
sh513130,09:31:44,1766367106894,N/A,0,0.724,0.7251,-0.1517,,0.9044,5.6081,504100,365392,0.7248,1.12,0.724,38458900,0.723,49699300,0.722,53809300,0.721,32674800,0.720,30066100,0.725,49573300,0.726,57725000,0.727,47864000,0.728,44428500,0.729,23880600,99999,0,0
sh513130,09:31:44,1766367107765,N/A,0,0.724,0.7251,-0.1517,,0.9044,5.5215,0,0,0.724,0.871,0.724,38458900,0.723,49699300,0.722,53809300,0.721,32674800,0.720,30066100,0.725,49573300,0.726,57725000,0.727,47864000,0.728,44428500,0.729,23880600,99999,0,0
sh513130,09:31:44,1766367108765,N/A,0,0.724,0.7251,-0.1517,,0.9044,5.4345,0,0,0.724,1.0,0.724,38458900,0.723,49699300,0.722,53809300,0.721,32674800,0.720,30066100,0.725,49573300,0.726,57725000,0.727,47864000,0.728,44428500,0.729,23880600,99999,0,0
sh513130,09:31:47,1766367109930,N/A,0,0.724,0.7251,-0.1517,,0.9044,3.7873,1071900,776801,0.7247,1.165,0.724,40116500,0.723,49655100,0.722,53708800,0.721,33915100,0.720,30133900,0.725,48385300,0.726,57862600,0.727,49379700,0.728,44502400,0.729,23915600,99999,0,0
sh513130,09:31:47,1766367110771,N/A,0,0.724,0.7251,-0.1517,,0.9044,3.7862,0,0,0.724,0.841,0.724,40116500,0.723,49655100,0.722,53708800,0.721,33915100,0.720,30133900,0.725,48385300,0.726,57862600,0.727,49379700,0.728,44502400,0.729,23915600,99999,0,0
sh513130,09:31:50,1766367111983,N/A,0,0.725,0.7257,-0.0965,,0.9044,3.7733,348300,252360,0.7245,1.212,0.724,43226700,0.723,49755100,0.722,53836900,0.721,33914100,0.720,30134700,0.725,48840500,0.726,57426100,0.727,49533500,0.728,44607800,0.729,24042900,99999,0,0
sh513130,09:31:50,1766367112807,N/A,0,0.725,0.7257,-0.0965,,0.9044,2.8255,0,0,0.725,0.824,0.724,43226700,0.723,49755100,0.722,53836900,0.721,33914100,0.720,30134700,0.725,48840500,0.726,57426100,0.727,49533500,0.728,44607800,0.729,24042900,99999,0,0
sh513130,09:31:50,1766367113778,N/A,0,0.725,0.7257,-0.0965,,0.9044,2.7687,0,0,0.725,0.972,0.724,43226700,0.723,49755100,0.722,53836900,0.721,33914100,0.720,30134700,0.725,48840500,0.726,57426100,0.727,49533500,0.728,44607800,0.729,24042900,99999,0,0
sh513130,09:31:53,1766367114876,N/A,0,0.725,0.7257,-0.0965,,0.9044,4.8739,1056300,765453,0.7247,1.097,0.724,44152000,0.723,49887700,0.722,53790700,0.721,33850000,0.720,30134700,0.725,48927600,0.726,58139000,0.727,49534700,0.728,44852700,0.729,24045900,99999,0,0
sh513130,09:31:53,1766367115782,N/A,0,0.725,0.7257,-0.0965,,0.9044,4.952,0,0,0.725,0.907,0.724,44152000,0.723,49887700,0.722,53790700,0.721,33850000,0.720,30134700,0.725,48927600,0.726,58139000,0.727,49534700,0.728,44852700,0.729,24045900,99999,0,0
sh513130,09:31:53,1766367116848,N/A,0,0.725,0.7257,-0.0965,,0.9044,5.6205,0,0,0.725,1.066,0.724,44152000,0.723,49887700,0.722,53790700,0.721,33850000,0.720,30134700,0.725,48927600,0.726,58139000,0.727,49534700,0.728,44852700,0.729,24045900,99999,0,0
sh513130,09:31:53,1766367117787,N/A,0,0.725,0.7257,-0.0965,,0.9044,4.2752,0,0,0.725,0.939,0.724,44152000,0.723,49887700,0.722,53790700,0.721,33850000,0.720,30134700,0.725,48927600,0.726,58139000,0.727,49534700,0.728,44852700,0.729,24045900,99999,0,0
sh513130,09:31:56,1766367118934,N/A,0,0.725,0.7257,-0.0965,,0.9044,4.2856,1090500,790600,0.725,1.147,0.724,45148700,0.723,49773700,0.722,53798100,0.721,33811400,0.720,30134700,0.725,48632800,0.726,58169000,0.727,49585400,0.728,44878700,0.729,24064000,99999,0,0
sh513130,09:31:56,1766367119785,N/A,0,0.725,0.7257,-0.0965,,0.9044,3.1805,0,0,0.725,0.851,0.724,45148700,0.723,49773700,0.722,53798100,0.721,33811400,0.720,30134700,0.725,48632800,0.726,58169000,0.727,49585400,0.728,44878700,0.729,24064000,99999,0,0
sh513130,09:31:56,1766367121006,N/A,0,0.725,0.7257,-0.0965,,0.9044,1.7702,0,0,0.725,1.22,0.724,45148700,0.723,49773700,0.722,53798100,0.721,33811400,0.720,30134700,0.725,48632800,0.726,58169000,0.727,49585400,0.728,44878700,0.729,24064000,99999,0,0
sh513130,09:31:59,1766367121791,N/A,0,0.725,0.7257,-0.0965,,0.9044,1.8215,367000,265850,0.7244,0.786,0.724,46891300,0.723,49826300,0.722,53552000,0.721,34761500,0.720,30124700,0.725,49034200,0.726,58460000,0.727,49585400,0.728,44887700,0.729,24088000,99999,0,0
sh513130,09:31:59,1766367122908,N/A,0,0.725,0.7257,-0.0965,,0.9044,0.8888,0,0,0.725,1.117,0.724,46891300,0.723,49826300,0.722,53552000,0.721,34761500,0.720,30124700,0.725,49034200,0.726,58460000,0.727,49585400,0.728,44887700,0.729,24088000,99999,0,0
sh513130,09:32:02,1766367124028,N/A,0,0.725,0.7257,-0.0965,,0.9044,0.8712,5267700,3818920,0.725,1.12,0.724,36931500,0.723,49819900,0.722,53576000,0.721,47142000,0.720,30152500,0.725,70512600,0.726,50061600,0.727,49772400,0.728,30048300,0.729,24712000,99999,0,0
sh513130,09:32:02,1766367124790,N/A,0,0.725,0.7257,-0.0965,,0.9044,0.1748,0,0,0.725,0.761,0.724,36931500,0.723,49819900,0.722,53576000,0.721,47142000,0.720,30152500,0.725,70512600,0.726,50061600,0.727,49772400,0.728,30048300,0.729,24712000,99999,0,0
sh513130,09:32:02,1766367125844,N/A,0,0.725,0.7257,-0.0965,,0.9044,0.1872,0,0,0.725,1.054,0.724,36931500,0.723,49819900,0.722,53576000,0.721,47142000,0.720,30152500,0.725,70512600,0.726,50061600,0.727,49772400,0.728,30048300,0.729,24712000,99999,0,0
sh513130,09:32:02,1766367126805,N/A,0,0.725,0.7257,-0.0965,,0.9044,0.1834,0,0,0.725,0.961,0.724,36931500,0.723,49819900,0.722,53576000,0.721,47142000,0.720,30152500,0.725,70512600,0.726,50061600,0.727,49772400,0.728,30048300,0.729,24712000,99999,0,0
sh513130,09:32:05,1766367127797,N/A,0,0.724,0.7257,-0.2343,,0.9044,0.1864,1214500,879908,0.7245,0.992,0.724,20652000,0.723,58351100,0.722,53565700,0.721,50523300,0.720,30282700,0.725,71500400,0.726,52991900,0.727,50790900,0.728,30054400,0.729,24981000,99999,0,0
sh513130,09:32:05,1766367128812,N/A,0,0.724,0.7257,-0.2343,,0.9044,-3.151,0,0,0.724,1.015,0.724,20652000,0.723,58351100,0.722,53565700,0.721,50523300,0.720,30282700,0.725,71500400,0.726,52991900,0.727,50790900,0.728,30054400,0.729,24981000,99999,0,0
sh513130,09:32:05,1766367129820,N/A,0,0.724,0.7257,-0.2343,,0.9044,-3.151,0,0,0.724,1.008,0.724,20652000,0.723,58351100,0.722,53565700,0.721,50523300,0.720,30282700,0.725,71500400,0.726,52991900,0.727,50790900,0.728,30054400,0.729,24981000,99999,0,0
sh513130,09:32:08,1766367130970,N/A,0,0.724,0.7257,-0.2343,,0.9044,-2.6652,18172100,13157969,0.7241,1.15,0.723,48839000,0.722,53537700,0.721,50576300,0.720,33313700,0.719,33670700,0.724,41531400,0.725,61131800,0.726,53137600,0.727,34406300,0.728,30122400,99999,0,0
sh513130,09:32:08,1766367131807,N/A,0,0.724,0.7257,-0.2343,,0.9044,-2.6652,0,0,0.724,0.837,0.723,48839000,0.722,53537700,0.721,50576300,0.720,33313700,0.719,33670700,0.724,41531400,0.725,61131800,0.726,53137600,0.727,34406300,0.728,30122400,99999,0,0
sh513130,09:32:11,1766367133047,N/A,0,0.724,0.7257,-0.2343,,0.9044,-2.6652,13959000,10106316,0.724,1.241,0.724,6058800,0.723,51628700,0.722,53463900,0.721,50027100,0.720,30334700,0.725,71092900,0.726,53207100,0.727,49418300,0.728,30573000,0.729,25143700,99999,0,0
sh513130,09:32:11,1766367133814,N/A,0,0.724,0.7257,-0.2343,,0.9044,-2.6652,0,0,0.724,0.767,0.724,6058800,0.723,51628700,0.722,53463900,0.721,50027100,0.720,30334700,0.725,71092900,0.726,53207100,0.727,49418300,0.728,30573000,0.729,25143700,99999,0,0
sh513130,09:32:11,1766367134814,N/A,0,0.724,0.7257,-0.2343,,0.9044,-2.6652,0,0,0.724,1.0,0.724,6058800,0.723,51628700,0.722,53463900,0.721,50027100,0.720,30334700,0.725,71092900,0.726,53207100,0.727,49418300,0.728,30573000,0.729,25143700,99999,0,0
sh513130,09:32:11,1766367135814,N/A,0,0.724,0.7257,-0.2343,,0.9044,-2.6652,0,0,0.724,1.0,0.724,6058800,0.723,51628700,0.722,53463900,0.721,50027100,0.720,30334700,0.725,71092900,0.726,53207100,0.727,49418300,0.728,30573000,0.729,25143700,99999,0,0
sh513130,09:32:14,1766367136899,N/A,0,0.724,0.7244,-0.0552,,0.9044,-2.6652,4841200,3505035,0.724,1.085,0.723,52665600,0.722,53485800,0.721,50027100,0.720,30267700,0.719,33660700,0.724,265600,0.725,71502400,0.726,53247900,0.727,49372800,0.728,30536400,99999,0,0
sh513130,09:32:14,1766367137823,N/A,0,0.724,0.7244,-0.0552,,0.9044,-2.6652,0,0,0.724,0.924,0.723,52665600,0.722,53485800,0.721,50027100,0.720,30267700,0.719,33660700,0.724,265600,0.725,71502400,0.726,53247900,0.727,49372800,0.728,30536400,99999,0,0
sh513130,09:32:17,1766367138817,N/A,0,0.724,0.7244,-0.0552,,0.9044,-2.6652,2951700,2138334,0.7244,0.994,0.723,46251300,0.722,53380100,0.721,50029100,0.720,37653600,0.719,33599000,0.724,37759700,0.725,62642800,0.726,52917700,0.727,34373200,0.728,30513900,99999,0,0
sh513130,09:32:14,1766367139821,N/A,0,0.724,0.7244,-0.0552,,0.9044,-2.6652,0,0,0.724,1.004,0.723,52665600,0.722,53485800,0.721,50027100,0.720,30267700,0.719,33660700,0.724,265600,0.725,71502400,0.726,53247900,0.727,49372800,0.728,30536400,99999,0,1
sh513130,09:32:17,1766367140928,N/A,0,0.724,0.7244,-0.0552,,0.9044,-2.6652,2951700,2138334,0.7244,1.107,0.723,46251300,0.722,53380100,0.721,50029100,0.720,37653600,0.719,33599000,0.724,37759700,0.725,62642800,0.726,52917700,0.727,34373200,0.728,30513900,99999,0,0
sh513130,09:32:20,1766367141927,N/A,0,0.724,0.7244,-0.0552,,0.9044,-2.6652,660400,478130,0.724,0.999,0.723,49805700,0.722,53516400,0.721,49901500,0.720,33353600,0.719,33599000,0.724,37822400,0.725,62627400,0.726,52931200,0.727,34546800,0.728,30563900,99999,0,0
sh513130,09:32:20,1766367142827,N/A,0,0.724,0.7244,-0.0552,,0.9044,-2.6652,0,0,0.724,0.9,0.723,49805700,0.722,53516400,0.721,49901500,0.720,33353600,0.719,33599000,0.724,37822400,0.725,62627400,0.726,52931200,0.727,34546800,0.728,30563900,99999,0,0
sh513130,09:32:20,1766367143957,N/A,0,0.724,0.7244,-0.0552,,0.9044,-2.6652,0,0,0.724,1.13,0.723,49805700,0.722,53516400,0.721,49901500,0.720,33353600,0.719,33599000,0.724,37822400,0.725,62627400,0.726,52931200,0.727,34546800,0.728,30563900,99999,0,0
sh513130,09:32:23,1766367144943,N/A,0,0.724,0.7244,-0.0552,,0.9044,-2.6652,352900,255401,0.7237,0.986,0.723,45364300,0.722,53938900,0.721,49901600,0.720,37651700,0.719,33599000,0.724,39582200,0.725,61830700,0.726,52804200,0.727,34560800,0.728,30778100,99999,0,0
sh513130,09:32:23,1766367145880,N/A,0,0.724,0.7244,-0.0552,,0.9044,-2.6652,0,0,0.724,0.937,0.723,45364300,0.722,53938900,0.721,49901600,0.720,37651700,0.719,33599000,0.724,39582200,0.725,61830700,0.726,52804200,0.727,34560800,0.728,30778100,99999,0,0
sh513130,09:32:23,1766367146874,N/A,0,0.724,0.7244,-0.0552,,0.9044,-2.6652,0,0,0.724,0.995,0.723,45364300,0.722,53938900,0.721,49901600,0.720,37651700,0.719,33599000,0.724,39582200,0.725,61830700,0.726,52804200,0.727,34560800,0.728,30778100,99999,0,0
sh513130,09:32:23,1766367147827,N/A,0,0.724,0.7244,-0.0552,,0.9044,-2.6652,0,0,0.724,0.952,0.723,45364300,0.722,53938900,0.721,49901600,0.720,37651700,0.719,33599000,0.724,39582200,0.725,61830700,0.726,52804200,0.727,34560800,0.728,30778100,99999,0,0
sh513130,09:32:26,1766367148930,N/A,0,0.723,0.7244,-0.1933,,0.9044,-2.6652,1297900,939635,0.724,1.103,0.723,54832600,0.722,53970200,0.721,49797000,0.720,30273700,0.719,33599000,0.724,11079900,0.725,72050200,0.726,54410800,0.727,49566800,0.728,30812400,99999,0,0
sh513130,09:32:26,1766367149837,N/A,0,0.723,0.7244,-0.1933,,0.9044,-2.6652,0,0,0.723,0.908,0.723,54832600,0.722,53970200,0.721,49797000,0.720,30273700,0.719,33599000,0.724,11079900,0.725,72050200,0.726,54410800,0.727,49566800,0.728,30812400,99999,0,0
sh513130,09:32:26,1766367150950,N/A,0,0.723,0.7244,-0.1933,,0.9044,-2.6652,0,0,0.723,1.112,0.723,54832600,0.722,53970200,0.721,49797000,0.720,30273700,0.719,33599000,0.724,11079900,0.725,72050200,0.726,54410800,0.727,49566800,0.728,30812400,99999,0,0
sh513130,09:32:29,1766367151826,N/A,0,0.723,0.7251,-0.2896,,0.9044,-2.6652,1352300,978268,0.7234,0.877,0.723,55191000,0.722,53961600,0.721,49040500,0.720,30230200,0.719,33719000,0.724,40664500,0.725,62886700,0.726,53128600,0.727,34566800,0.728,30815400,99999,0,0
sh513130,09:32:29,1766367152983,N/A,0,0.723,0.7251,-0.2896,,0.9044,-2.6652,0,0,0.723,1.156,0.723,55191000,0.722,53961600,0.721,49040500,0.720,30230200,0.719,33719000,0.724,40664500,0.725,62886700,0.726,53128600,0.727,34566800,0.728,30815400,99999,0,0
sh513130,09:32:29,1766367153839,N/A,0,0.723,0.7251,-0.2896,,0.9044,-2.6652,0,0,0.723,0.856,0.723,55191000,0.722,53961600,0.721,49040500,0.720,30230200,0.719,33719000,0.724,40664500,0.725,62886700,0.726,53128600,0.727,34566800,0.728,30815400,99999,0,0
sh513130,09:32:32,1766367155088,N/A,0,0.724,0.7251,-0.1517,,0.9044,-2.6652,2243400,1623631,0.7237,1.249,0.723,45662400,0.722,54290000,0.721,49053400,0.720,37512000,0.719,33789000,0.724,41882800,0.725,62926500,0.726,52904500,0.727,34659200,0.728,30805400,99999,0,0
sh513130,09:32:32,1766367155912,N/A,0,0.724,0.7251,-0.1517,,0.9044,-2.6652,0,0,0.724,0.824,0.723,45662400,0.722,54290000,0.721,49053400,0.720,37512000,0.719,33789000,0.724,41882800,0.725,62926500,0.726,52904500,0.727,34659200,0.728,30805400,99999,0,0
sh513130,09:32:35,1766367156838,N/A,0,0.724,0.7251,-0.1517,,0.9044,-2.6652,131800,95298,0.7231,0.926,0.723,53687100,0.722,54161700,0.721,49070800,0.720,30173400,0.719,33829200,0.724,13444100,0.725,71805200,0.726,54338100,0.727,49659200,0.728,30805400,99999,0,0
sh513130,09:32:32,1766367157946,N/A,0,0.724,0.7251,-0.1517,,0.9044,-2.6652,0,0,0.724,1.108,0.723,45662400,0.722,54290000,0.721,49053400,0.720,37512000,0.719,33789000,0.724,41882800,0.725,62926500,0.726,52904500,0.727,34659200,0.728,30805400,99999,0,1
sh513130,09:32:35,1766367158855,N/A,0,0.724,0.7251,-0.1517,,0.9044,-2.6652,131800,95298,0.7231,0.909,0.723,53687100,0.722,54161700,0.721,49070800,0.720,30173400,0.719,33829200,0.724,13444100,0.725,71805200,0.726,54338100,0.727,49659200,0.728,30805400,99999,0,0
sh513130,09:32:35,1766367159846,N/A,0,0.724,0.7251,-0.1517,,0.9044,-2.6652,0,0,0.724,0.991,0.723,53687100,0.722,54161700,0.721,49070800,0.720,30173400,0.719,33829200,0.724,13444100,0.725,71805200,0.726,54338100,0.727,49659200,0.728,30805400,99999,0,0
sh513130,09:32:38,1766367160844,N/A,0,0.724,0.7244,-0.0552,,0.9044,-2.6652,293900,212683,0.7237,0.998,0.723,47056100,0.722,54196000,0.721,49070800,0.720,37219100,0.719,33829300,0.724,42780500,0.725,62631700,0.726,53009400,0.727,34660200,0.728,31006400,99999,0,0
sh513130,09:32:38,1766367161893,N/A,0,0.724,0.7244,-0.0552,,0.9044,-2.6652,0,0,0.724,1.049,0.723,47056100,0.722,54196000,0.721,49070800,0.720,37219100,0.719,33829300,0.724,42780500,0.725,62631700,0.726,53009400,0.727,34660200,0.728,31006400,99999,0,0
sh513130,09:32:38,1766367162853,N/A,0,0.724,0.7244,-0.0552,,0.9044,-2.6652,0,0,0.724,0.96,0.723,47056100,0.722,54196000,0.721,49070800,0.720,37219100,0.719,33829300,0.724,42780500,0.725,62631700,0.726,53009400,0.727,34660200,0.728,31006400,99999,0,0
sh513130,09:32:41,1766367163962,N/A,0,0.724,0.7244,-0.0552,,0.9044,-2.6652,1219800,882163,0.7232,1.109,0.723,45866200,0.722,55356600,0.721,49109000,0.720,38247000,0.719,33729300,0.724,42926000,0.725,62847000,0.726,53176300,0.727,34812800,0.728,31033000,99999,0,0
sh513130,09:32:41,1766367164982,N/A,0,0.724,0.7244,-0.0552,,0.9044,-2.6652,0,0,0.724,1.02,0.723,45866200,0.722,55356600,0.721,49109000,0.720,38247000,0.719,33729300,0.724,42926000,0.725,62847000,0.726,53176300,0.727,34812800,0.728,31033000,99999,0,0
sh513130,09:32:44,1766367165869,N/A,0,0.723,0.7244,-0.1933,,0.9044,-2.6652,69900,50602,0.7239,0.887,0.723,36751700,0.722,63424700,0.721,50068500,0.720,38247000,0.719,34277400,0.724,44832500,0.725,63716600,0.726,53216300,0.727,34907800,0.728,31131500,99999,0,0
sh513130,09:32:44,1766367166872,N/A,0,0.723,0.7244,-0.1933,,0.9044,2.6554,0,0,0.723,1.003,0.723,36751700,0.722,63424700,0.721,50068500,0.720,38247000,0.719,34277400,0.724,44832500,0.725,63716600,0.726,53216300,0.727,34907800,0.728,31131500,99999,0,0
sh513130,09:32:44,1766367167856,N/A,0,0.723,0.7244,-0.1933,,0.9044,2.6554,0,0,0.723,0.984,0.723,36751700,0.722,63424700,0.721,50068500,0.720,38247000,0.719,34277400,0.724,44832500,0.725,63716600,0.726,53216300,0.727,34907800,0.728,31131500,99999,0,0
sh513130,09:32:44,1766367168965,N/A,0,0.723,0.7244,-0.1933,,0.9044,2.6554,0,0,0.723,1.11,0.723,36751700,0.722,63424700,0.721,50068500,0.720,38247000,0.719,34277400,0.724,44832500,0.725,63716600,0.726,53216300,0.727,34907800,0.728,31131500,99999,0,0
sh513130,09:32:47,1766367169875,N/A,0,0.723,0.7244,-0.1933,,0.9044,2.6554,1181700,855307,0.7238,0.91,0.723,45215000,0.722,56686000,0.721,49148000,0.720,38318600,0.719,34277400,0.724,46788300,0.725,64468600,0.726,53376900,0.727,34917800,0.728,31131500,99999,0,0
sh513130,09:32:47,1766367170865,N/A,0,0.723,0.7244,-0.1933,,0.9044,2.6554,0,0,0.723,0.99,0.723,45215000,0.722,56686000,0.721,49148000,0.720,38318600,0.719,34277400,0.724,46788300,0.725,64468600,0.726,53376900,0.727,34917800,0.728,31131500,99999,0,0
sh513130,09:32:50,1766367171939,N/A,0,0.724,0.7244,-0.0552,,0.9044,2.6554,262900,190146,0.7233,1.075,0.723,45026700,0.722,57576000,0.721,48963800,0.720,38320500,0.719,34208400,0.724,49824500,0.725,65542100,0.726,53411600,0.727,35038400,0.728,31174500,99999,0,0
sh513130,09:32:50,1766367172872,N/A,0,0.724,0.7244,-0.0552,,0.9044,2.6554,0,0,0.724,0.932,0.723,45026700,0.722,57576000,0.721,48963800,0.720,38320500,0.719,34208400,0.724,49824500,0.725,65542100,0.726,53411600,0.727,35038400,0.728,31174500,99999,0,0
sh513130,09:32:50,1766367173956,N/A,0,0.724,0.7244,-0.0552,,0.9044,2.6554,0,0,0.724,1.084,0.723,45026700,0.722,57576000,0.721,48963800,0.720,38320500,0.719,34208400,0.724,49824500,0.725,65542100,0.726,53411600,0.727,35038400,0.728,31174500,99999,0,0
sh513130,09:32:50,1766367174878,N/A,0,0.724,0.7244,-0.0552,,0.9044,2.6554,0,0,0.724,0.922,0.723,45026700,0.722,57576000,0.721,48963800,0.720,38320500,0.719,34208400,0.724,49824500,0.725,65542100,0.726,53411600,0.727,35038400,0.728,31174500,99999,0,0
sh513130,09:32:53,1766367175941,N/A,0,0.723,0.7244,-0.1933,,0.9044,2.6554,1040800,752755,0.7232,1.063,0.723,49667700,0.722,56576000,0.721,48172400,0.720,33132500,0.719,34308400,0.724,27099100,0.725,74612800,0.726,53341600,0.727,50052700,0.728,31274500,99999,0,0
sh513130,09:32:53,1766367176876,N/A,0,0.723,0.7244,-0.1933,,0.9044,2.6554,0,0,0.723,0.936,0.723,49667700,0.722,56576000,0.721,48172400,0.720,33132500,0.719,34308400,0.724,27099100,0.725,74612800,0.726,53341600,0.727,50052700,0.728,31274500,99999,0,0
sh513130,09:32:53,1766367177958,N/A,0,0.723,0.7244,-0.1933,,0.9044,2.6554,0,0,0.723,1.081,0.723,49667700,0.722,56576000,0.721,48172400,0.720,33132500,0.719,34308400,0.724,27099100,0.725,74612800,0.726,53341600,0.727,50052700,0.728,31274500,99999,0,0
sh513130,09:32:56,1766367178872,N/A,0,0.724,0.7244,-0.0552,,0.9044,2.6554,759500,549276,0.7232,0.915,0.723,52223400,0.722,56992700,0.721,48520400,0.720,31132500,0.719,34370300,0.724,18411100,0.725,72994200,0.726,54879100,0.727,50052700,0.728,30864200,99999,0,0
sh513130,09:32:56,1766367179988,N/A,0,0.724,0.7244,-0.0552,,0.9044,2.6554,0,0,0.724,1.116,0.723,52223400,0.722,56992700,0.721,48520400,0.720,31132500,0.719,34370300,0.724,18411100,0.725,72994200,0.726,54879100,0.727,50052700,0.728,30864200,99999,0,0
sh513130,09:32:56,1766367180879,N/A,0,0.724,0.7244,-0.0552,,0.9044,2.6554,0,0,0.724,0.891,0.723,52223400,0.722,56992700,0.721,48520400,0.720,31132500,0.719,34370300,0.724,18411100,0.725,72994200,0.726,54879100,0.727,50052700,0.728,30864200,99999,0,0
sh513130,09:35:35,1766367339552,09:36:38,1766367338895,0.724,0.7251,-0.1517,5529.34,0.9044,2.8478,0,0,0.724,0.0,0.723,69474300,0.722,76564100,0.721,59604900,0.720,36544800,0.719,35667100,0.724,47618300,0.725,90351400,0.726,64121900,0.727,50207000,0.728,33490000,656,0,1
sh513130,09:35:38,1766367340606,09:36:38,1766367338895,0.724,0.7251,-0.1517,5529.34,0.9044,3.4179,64200,46480,0.724,1.054,0.723,74854300,0.722,78103400,0.721,59704900,0.720,31544900,0.719,35545000,0.724,44787000,0.725,94294000,0.726,64123000,0.727,50231000,0.728,33506000,1710,0,0
sh513130,09:35:38,1766367341606,09:36:40,1766367340773,0.724,0.7251,-0.1517,5528.42,0.9044,3.9408,0,0,0.724,1.0,0.723,74854300,0.722,78103400,0.721,59704900,0.720,31544900,0.719,35545000,0.724,44787000,0.725,94294000,0.726,64123000,0.727,50231000,0.728,33506000,832,0,0
sh513130,09:35:38,1766367342456,09:36:42,1766367342415,0.724,0.7251,-0.1517,5529.19,0.9044,3.8702,0,0,0.724,0.85,0.723,74854300,0.722,78103400,0.721,59704900,0.720,31544900,0.719,35545000,0.724,44787000,0.725,94294000,0.726,64123000,0.727,50231000,0.728,33506000,40,0,0
sh513130,09:35:41,1766367343468,09:36:42,1766367342488,0.724,0.7251,-0.1517,5529.19,0.9044,3.291,5183600,3752906,0.724,1.012,0.723,76203200,0.722,78980800,0.721,59778400,0.720,31554500,0.719,35545000,0.724,28670500,0.725,81647500,0.726,64964600,0.727,50521000,0.728,33516000,979,0,0
sh513130,09:35:41,1766367344466,09:36:44,1766367344437,0.724,0.7251,-0.1517,5529.53,0.9044,3.2299,0,0,0.724,0.998,0.723,76203200,0.722,78980800,0.721,59778400,0.720,31554500,0.719,35545000,0.724,28670500,0.725,81647500,0.726,64964600,0.727,50521000,0.728,33516000,28,0,0
sh513130,09:35:41,1766367345470,09:36:44,1766367344681,0.724,0.7251,-0.1517,5529.53,0.9044,3.1696,0,0,0.724,1.004,0.723,76203200,0.722,78980800,0.721,59778400,0.720,31554500,0.719,35545000,0.724,28670500,0.725,81647500,0.726,64964600,0.727,50521000,0.728,33516000,788,0,0
sh513130,09:35:44,1766367346472,09:36:46,1766367346408,0.724,0.7244,-0.0552,5529.79,0.9044,2.8705,34504400,24981185,0.724,1.002,0.724,33300900,0.723,81424200,0.722,78862200,0.721,58818400,0.720,31282200,0.725,82344300,0.726,65964600,0.727,50928700,0.728,48517000,0.729,29430600,64,0,0
sh513130,09:35:44,1766367347472,09:36:46,1766367346884,0.724,0.7244,-0.0552,5529.79,0.9044,4.6113,0,0,0.724,1.0,0.724,33300900,0.723,81424200,0.722,78862200,0.721,58818400,0.720,31282200,0.725,82344300,0.726,65964600,0.727,50928700,0.728,48517000,0.729,29430600,587,0,0
sh513130,09:35:44,1766367348456,09:36:48,1766367348400,0.724,0.7244,-0.0552,5530.51,0.9044,4.1272,0,0,0.724,0.984,0.724,33300900,0.723,81424200,0.722,78862200,0.721,58818400,0.720,31282200,0.725,82344300,0.726,65964600,0.727,50928700,0.728,48517000,0.729,29430600,55,0,0
sh513130,09:35:47,1766367349482,09:36:48,1766367349084,0.724,0.7244,-0.0552,5530.51,0.9044,4.0541,171600,124239,0.724,1.026,0.724,33667900,0.723,83886900,0.722,79739500,0.721,56498400,0.720,31285500,0.725,95415000,0.726,66014800,0.727,57908700,0.728,33522500,0.729,29455600,398,0,0
sh513130,09:35:47,1766367350462,09:36:50,1766367350418,0.724,0.7244,-0.0552,5530.63,0.9044,4.0303,0,0,0.724,0.979,0.724,33667900,0.723,83886900,0.722,79739500,0.721,56498400,0.720,31285500,0.725,95415000,0.726,66014800,0.727,57908700,0.728,33522500,0.729,29455600,44,0,0
sh513130,09:35:47,1766367351480,09:36:50,1766367351286,0.724,0.7244,-0.0552,5530.63,0.9044,3.6055,0,0,0.724,1.019,0.724,33667900,0.723,83886900,0.722,79739500,0.721,56498400,0.720,31285500,0.725,95415000,0.726,66014800,0.727,57908700,0.728,33522500,0.729,29455600,193,0,0
sh513130,09:35:50,1766367352454,09:36:52,1766367352419,0.724,0.7251,-0.1517,5530.59,0.9044,3.6043,399000,288881,0.724,0.974,0.724,28179800,0.723,83357300,0.722,79681200,0.721,56924400,0.720,31285500,0.725,95639200,0.726,66087800,0.727,57904100,0.728,33530500,0.729,29455600,35,0,0
sh513130,09:35:50,1766367353476,09:36:52,1766367352419,0.724,0.7251,-0.1517,5530.59,0.9044,3.6043,0,0,0.724,1.022,0.724,28179800,0.723,83357300,0.722,79681200,0.721,56924400,0.720,31285500,0.725,95639200,0.726,66087800,0.727,57904100,0.728,33530500,0.729,29455600,1057,0,0
sh513130,09:35:50,1766367354471,09:36:54,1766367354450,0.724,0.7251,-0.1517,5529.91,0.9044,5.7088,0,0,0.724,0.995,0.724,28179800,0.723,83357300,0.722,79681200,0.721,56924400,0.720,31285500,0.725,95639200,0.726,66087800,0.727,57904100,0.728,33530500,0.729,29455600,20,0,0
sh513130,09:35:53,1766367355487,09:36:54,1766367354450,0.724,0.7251,-0.1517,5529.91,0.9044,5.6206,194300,140696,0.7241,1.016,0.724,29903000,0.723,83816700,0.722,81411500,0.721,56924400,0.720,31287500,0.725,95669200,0.726,66090800,0.727,57904100,0.728,33530500,0.729,29455800,1036,0,0
sh513130,09:35:53,1766367356469,09:36:56,1766367356407,0.724,0.7251,-0.1517,5530.68,0.9044,5.606,0,0,0.724,0.982,0.724,29903000,0.723,83816700,0.722,81411500,0.721,56924400,0.720,31287500,0.725,95669200,0.726,66090800,0.727,57904100,0.728,33530500,0.729,29455800,61,0,0
sh513130,09:35:53,1766367357477,09:36:56,1766367356407,0.724,0.7251,-0.1517,5530.68,0.9044,5.6601,0,0,0.724,1.008,0.724,29903000,0.723,83816700,0.722,81411500,0.721,56924400,0.720,31287500,0.725,95669200,0.726,66090800,0.727,57904100,0.728,33530500,0.729,29455800,1070,0,0
sh513130,09:35:56,1766367358482,09:36:58,1766367358400,0.724,0.7251,-0.1517,5531.44,0.9044,5.5297,1329800,962908,0.7241,1.005,0.724,42419300,0.723,84184400,0.722,81692700,0.721,49534400,0.720,31667400,0.725,96019200,0.726,66085800,0.727,58994100,0.728,33530500,0.729,29561300,81,0,0
sh513130,09:35:56,1766367359481,09:36:58,1766367358400,0.724,0.7251,-0.1517,5531.44,0.9044,5.5163,0,0,0.724,0.999,0.724,42419300,0.723,84184400,0.722,81692700,0.721,49534400,0.720,31667400,0.725,96019200,0.726,66085800,0.727,58994100,0.728,33530500,0.729,29561300,1080,0,0
sh513130,09:35:56,1766367360482,09:37:00,1766367360436,0.724,0.7251,-0.1517,5530.58,0.9044,5.448,0,0,0.724,1.0,0.724,42419300,0.723,84184400,0.722,81692700,0.721,49534400,0.720,31667400,0.725,96019200,0.726,66085800,0.727,58994100,0.728,33530500,0.729,29561300,45,0,0
sh513130,09:35:59,1766367361478,09:37:00,1766367360559,0.725,0.7251,-0.0138,5530.58,0.9044,6.9922,223200,161781,0.7248,0.996,0.724,43595600,0.723,84878100,0.722,81684700,0.721,50013000,0.720,31677400,0.725,97198400,0.726,66244200,0.727,58994100,0.728,33532500,0.729,29561300,918,0,0
sh513130,09:35:59,1766367362484,09:37:02,1766367362441,0.725,0.7251,-0.0138,5530.12,0.9044,7.4054,0,0,0.725,1.006,0.724,43595600,0.723,84878100,0.722,81684700,0.721,50013000,0.720,31677400,0.725,97198400,0.726,66244200,0.727,58994100,0.728,33532500,0.729,29561300,42,0,0
sh513130,09:36:02,1766367363484,09:37:02,1766367362441,0.725,0.7251,-0.0138,5530.12,0.9044,6.2419,656700,475526,0.7241,1.0,0.724,39742800,0.723,85131900,0.722,81482200,0.721,50509300,0.720,31652900,0.725,85874400,0.726,66321600,0.727,58005100,0.728,48555800,0.729,29566500,1043,0,0
sh513130,09:36:02,1766367364489,09:37:04,1766367364387,0.725,0.7251,-0.0138,5531.24,0.9044,6.2543,0,0,0.725,1.005,0.724,39742800,0.723,85131900,0.722,81482200,0.721,50509300,0.720,31652900,0.725,85874400,0.726,66321600,0.727,58005100,0.728,48555800,0.729,29566500,102,0,0
sh513130,09:36:02,1766367365483,09:37:04,1766367364518,0.725,0.7251,-0.0138,5531.24,0.9044,6.0588,0,0,0.725,0.994,0.724,39742800,0.723,85131900,0.722,81482200,0.721,50509300,0.720,31652900,0.725,85874400,0.726,66321600,0.727,58005100,0.728,48555800,0.729,29566500,964,0,0
sh513130,09:36:02,1766367366486,09:37:06,1766367366484,0.725,0.7251,-0.0138,5531.77,0.9044,5.9763,0,0,0.725,1.003,0.724,39742800,0.723,85131900,0.722,81482200,0.721,50509300,0.720,31652900,0.725,85874400,0.726,66321600,0.727,58005100,0.728,48555800,0.729,29566500,1,0,0
sh513130,09:36:05,1766367367475,09:37:06,1766367366720,0.724,0.7251,-0.1517,5531.77,0.9044,5.8027,110300,79886,0.7243,0.989,0.724,42562500,0.723,85787800,0.722,81458000,0.721,50499300,0.720,31612900,0.725,83677800,0.726,66321600,0.727,58995100,0.728,48555800,0.729,29570500,754,0,0
sh513130,09:36:05,1766367368500,09:37:08,1766367368492,0.724,0.7251,-0.1517,5531.91,0.9044,4.5674,0,0,0.724,1.025,0.724,42562500,0.723,85787800,0.722,81458000,0.721,50499300,0.720,31612900,0.725,83677800,0.726,66321600,0.727,58995100,0.728,48555800,0.729,29570500,7,0,0
sh513130,09:36:08,1766367369477,09:37:08,1766367368916,0.724,0.7251,-0.1517,5531.91,0.9044,4.2986,137800,99789,0.7242,0.977,0.724,39385000,0.723,85846600,0.722,81378800,0.721,53948900,0.720,31589800,0.725,100470400,0.726,67194100,0.727,58005100,0.728,33551800,0.729,29571500,561,0,0
sh513130,09:36:08,1766367370481,09:37:10,1766367370403,0.724,0.7251,-0.1517,5531.27,0.9044,4.0516,0,0,0.724,1.004,0.724,39385000,0.723,85846600,0.722,81378800,0.721,53948900,0.720,31589800,0.725,100470400,0.726,67194100,0.727,58005100,0.728,33551800,0.729,29571500,78,0,0
sh513130,09:36:08,1766367371486,09:37:10,1766367371107,0.724,0.7251,-0.1517,5531.27,0.9044,3.7689,0,0,0.724,1.005,0.724,39385000,0.723,85846600,0.722,81378800,0.721,53948900,0.720,31589800,0.725,100470400,0.726,67194100,0.727,58005100,0.728,33551800,0.729,29571500,379,0,0
sh513130,09:36:08,1766367372498,09:37:12,1766367372430,0.724,0.7251,-0.1517,5531.93,0.9044,4.0103,0,0,0.724,1.011,0.724,39385000,0.723,85846600,0.722,81378800,0.721,53948900,0.720,31589800,0.725,100470400,0.726,67194100,0.727,58005100,0.728,33551800,0.729,29571500,67,0,0
sh513130,09:36:11,1766367373494,09:37:12,1766367373307,0.724,0.7251,-0.1517,5531.93,0.9044,4.2777,91800,66524,0.7247,0.997,0.724,44878600,0.723,86419600,0.722,81390400,0.721,50948900,0.720,31589800,0.725,85478400,0.726,68071600,0.727,58120200,0.728,48552800,0.729,29600000,187,0,0
sh513130,09:36:11,1766367374502,09:37:14,1766367374501,0.724,0.7251,-0.1517,5532.04,0.9044,3.5373,0,0,0.724,1.008,0.724,44878600,0.723,86419600,0.722,81390400,0.721,50948900,0.720,31589800,0.725,85478400,0.726,68071600,0.727,58120200,0.728,48552800,0.729,29600000,0,0,0
sh513130,09:36:11,1766367375551,09:37:14,1766367375517,0.724,0.7251,-0.1517,5532.04,0.9044,3.1444,0,0,0.724,1.049,0.724,44878600,0.723,86419600,0.722,81390400,0.721,50948900,0.720,31589800,0.725,85478400,0.726,68071600,0.727,58120200,0.728,48552800,0.729,29600000,33,0,0
sh513130,09:36:14,1766367376508,09:37:16,1766367376447,0.725,0.7251,-0.0138,5531.87,0.9044,3.0856,676700,490453,0.7248,0.957,0.724,45198600,0.723,87095300,0.722,81421600,0.721,50945400,0.720,31671800,0.725,84342600,0.726,68975100,0.727,59110200,0.728,48566600,0.729,29600000,61,0,0
sh513130,09:36:14,1766367377603,09:37:16,1766367376447,0.725,0.7251,-0.0138,5531.87,0.9044,3.0431,0,0,0.725,1.095,0.724,45198600,0.723,87095300,0.722,81421600,0.721,50945400,0.720,31671800,0.725,84342600,0.726,68975100,0.727,59110200,0.728,48566600,0.729,29600000,1156,0,0
sh513130,09:36:14,1766367378509,09:37:18,1766367378505,0.725,0.7251,-0.0138,5532.3,0.9044,3.0431,0,0,0.725,0.906,0.724,45198600,0.723,87095300,0.722,81421600,0.721,50945400,0.720,31671800,0.725,84342600,0.726,68975100,0.727,59110200,0.728,48566600,0.729,29600000,3,0,0
sh513130,09:36:17,1766367379660,09:37:18,1766367378505,0.724,0.7251,-0.1517,5532.3,0.9044,3.5162,130600,94651,0.7247,1.151,0.724,39068400,0.723,87364300,0.722,81432100,0.721,57325400,0.720,31658000,0.725,85691600,0.726,70006000,0.727,58182300,0.728,33566600,0.729,29600000,1154,0,0
sh513130,09:36:17,1766367380506,09:37:20,1766367380346,0.724,0.7251,-0.1517,5531.41,0.9044,3.5117,0,0,0.724,0.846,0.724,39068400,0.723,87364300,0.722,81432100,0.721,57325400,0.720,31658000,0.725,85691600,0.726,70006000,0.727,58182300,0.728,33566600,0.729,29600000,159,0,0
sh513130,09:36:20,1766367381719,09:37:20,1766367380664,0.725,0.7251,-0.0138,5531.41,0.9044,4.1125,247900,179662,0.7247,1.213,0.724,45647300,0.723,86989100,0.722,81481700,0.721,50945400,0.720,31658000,0.725,85688300,0.726,71187600,0.727,58212400,0.728,48568600,0.729,29602000,1054,0,0
sh513130,09:36:20,1766367382514,09:37:22,1766367382439,0.725,0.7251,-0.0138,5529.88,0.9044,4.0848,0,0,0.725,0.795,0.724,45647300,0.723,86989100,0.722,81481700,0.721,50945400,0.720,31658000,0.725,85688300,0.726,71187600,0.727,58212400,0.728,48568600,0.729,29602000,74,0,0
sh513130,09:36:20,1766367383508,09:37:22,1766367382439,0.725,0.7251,-0.0138,5529.88,0.9044,4.0848,0,0,0.725,0.994,0.724,45647300,0.723,86989100,0.722,81481700,0.721,50945400,0.720,31658000,0.725,85688300,0.726,71187600,0.727,58212400,0.728,48568600,0.729,29602000,1068,0,0
sh513130,09:36:20,1766367384639,09:37:24,1766367384638,0.725,0.7251,-0.0138,5530.58,0.9044,4.2754,0,0,0.725,1.131,0.724,45647300,0.723,86989100,0.722,81481700,0.721,50945400,0.720,31658000,0.725,85688300,0.726,71187600,0.727,58212400,0.728,48568600,0.729,29602000,0,0,0
sh513130,09:36:23,1766367385901,09:37:24,1766367384638,0.725,0.7251,-0.0138,5530.58,0.9044,5.4963,835400,604891,0.7241,1.262,0.724,39443100,0.723,87091300,0.722,81627800,0.721,58335400,0.720,31658000,0.725,101819300,0.726,72024900,0.727,58225400,0.728,33568600,0.729,29613000,1262,0,0
sh513130,09:36:23,1766367386510,09:37:26,1766367386479,0.725,0.7251,-0.0138,5531.3,0.9044,5.4095,0,0,0.725,0.609,0.724,39443100,0.723,87091300,0.722,81627800,0.721,58335400,0.720,31658000,0.725,101819300,0.726,72024900,0.727,58225400,0.728,33568600,0.729,29613000,31,0,0
sh513130,09:36:23,1766367387641,09:37:26,1766367386479,0.725,0.7251,-0.0138,5531.3,0.9044,5.8797,0,0,0.725,1.131,0.724,39443100,0.723,87091300,0.722,81627800,0.721,58335400,0.720,31658000,0.725,101819300,0.726,72024900,0.727,58225400,0.728,33568600,0.729,29613000,1161,0,0
sh513130,09:36:26,1766367388586,09:37:28,1766367388447,0.724,0.7251,-0.1517,5532.82,0.9044,5.8624,380300,275648,0.7248,0.945,0.724,53092100,0.723,87218100,0.722,82006600,0.721,45955400,0.720,31658000,0.725,101137600,0.726,72967400,0.727,59225600,0.728,33571600,0.729,29636400,138,0,0
sh513130,09:36:26,1766367389725,09:37:28,1766367388669,0.724,0.7251,-0.1517,5532.82,0.9044,5.7735,0,0,0.724,1.14,0.724,53092100,0.723,87218100,0.722,82006600,0.721,45955400,0.720,31658000,0.725,101137600,0.726,72967400,0.727,59225600,0.728,33571600,0.729,29636400,1056,0,0
sh513130,09:36:26,1766367390513,09:37:30,1766367390445,0.724,0.7251,-0.1517,5532.94,0.9044,5.9493,0,0,0.724,0.787,0.724,53092100,0.723,87218100,0.722,82006600,0.721,45955400,0.720,31658000,0.725,101137600,0.726,72967400,0.727,59225600,0.728,33571600,0.729,29636400,67,0,0
sh513130,09:36:29,1766367391702,09:37:30,1766367390864,0.725,0.7251,-0.0138,5532.94,0.9044,5.4078,132800,96215,0.7245,1.19,0.724,53329700,0.723,86979000,0.722,82006400,0.721,45460400,0.720,31892400,0.725,101936300,0.726,73928700,0.727,59228600,0.728,33571600,0.729,29657700,838,0,0
sh513130,09:36:29,1766367392509,09:37:32,1766367392447,0.725,0.7251,-0.0138,5532.48,0.9044,5.0042,0,0,0.725,0.807,0.724,53329700,0.723,86979000,0.722,82006400,0.721,45460400,0.720,31892400,0.725,101936300,0.726,73928700,0.727,59228600,0.728,33571600,0.729,29657700,61,0,0
sh513130,09:36:29,1766367393783,09:37:32,1766367393083,0.725,0.7251,-0.0138,5532.48,0.9044,5.0042,0,0,0.725,1.274,0.724,53329700,0.723,86979000,0.722,82006400,0.721,45460400,0.720,31892400,0.725,101936300,0.726,73928700,0.727,59228600,0.728,33571600,0.729,29657700,700,0,0
sh513130,09:36:32,1766367394567,09:37:34,1766367394464,0.725,0.7251,-0.0138,5532.64,0.9044,4.9213,162900,118002,0.7244,0.784,0.724,60054800,0.723,92363500,0.722,86912000,0.721,45460400,0.720,31942400,0.725,103036400,0.726,74856200,0.727,59403900,0.728,33571600,0.729,30494000,103,0,0
sh513130,09:36:32,1766367395726,09:37:34,1766367395382,0.725,0.7251,-0.0138,5532.64,0.9044,6.8083,0,0,0.725,1.159,0.724,60054800,0.723,92363500,0.722,86912000,0.721,45460400,0.720,31942400,0.725,103036400,0.726,74856200,0.727,59403900,0.728,33571600,0.729,30494000,344,0,0
sh513130,09:36:32,1766367396527,09:37:36,1766367396486,0.725,0.7251,-0.0138,5531.55,0.9044,6.8083,0,0,0.725,0.801,0.724,60054800,0.723,92363500,0.722,86912000,0.721,45460400,0.720,31942400,0.725,103036400,0.726,74856200,0.727,59403900,0.728,33571600,0.729,30494000,41,0,0
sh513130,09:36:35,1766367397598,09:37:36,1766367397564,0.725,0.7251,-0.0138,5531.55,0.9044,5.7957,423000,306345,0.7242,1.071,0.724,55146000,0.723,93223700,0.722,86905400,0.721,50460400,0.720,31941900,0.725,103612200,0.726,75793600,0.727,59346800,0.728,33656700,0.729,30493800,34,0,0
sh513130,09:36:35,1766367398532,09:37:38,1766367398415,0.725,0.7251,-0.0138,5533.86,0.9044,6.276,0,0,0.725,0.934,0.724,55146000,0.723,93223700,0.722,86905400,0.721,50460400,0.720,31941900,0.725,103612200,0.726,75793600,0.727,59346800,0.728,33656700,0.729,30493800,117,0,0
sh513130,09:36:38,1766367399541,09:37:38,1766367398415,0.725,0.7251,-0.0138,5533.86,0.9044,5.6475,160600,116373,0.7246,1.008,0.724,61643300,0.723,93156700,0.722,86903900,0.721,45460400,0.720,31863000,0.725,103772100,0.726,76683100,0.727,59714900,0.728,33689700,0.729,30396800,1125,0,0
sh513130,09:36:38,1766367400571,09:37:40,1766367400513,0.725,0.7251,-0.0138,5532.09,0.9044,5.5815,0,0,0.725,1.031,0.724,61643300,0.723,93156700,0.722,86903900,0.721,45460400,0.720,31863000,0.725,103772100,0.726,76683100,0.727,59714900,0.728,33689700,0.729,30396800,58,0,0
sh513130,09:36:38,1766367401688,09:37:40,1766367400513,0.725,0.7251,-0.0138,5532.09,0.9044,5.0237,0,0,0.725,1.116,0.724,61643300,0.723,93156700,0.722,86903900,0.721,45460400,0.720,31863000,0.725,103772100,0.726,76683100,0.727,59714900,0.728,33689700,0.729,30396800,1174,0,0
sh513130,09:36:41,1766367402535,09:37:42,1766367402456,0.725,0.7251,-0.0138,5532.39,0.9044,5.0101,833300,603443,0.7242,0.847,0.724,48786500,0.723,93655800,0.722,86964800,0.721,57835400,0.720,31920300,0.725,104652800,0.726,77076600,0.727,59914900,0.728,33695900,0.729,30403800,78,0,0
sh513130,09:36:41,1766367403690,09:37:42,1766367402456,0.725,0.7251,-0.0138,5532.39,0.9044,4.9271,0,0,0.725,1.155,0.724,48786500,0.723,93655800,0.722,86964800,0.721,57835400,0.720,31920300,0.725,104652800,0.726,77076600,0.727,59914900,0.728,33695900,0.729,30403800,1234,0,0
sh513130,09:36:41,1766367404535,09:37:44,1766367404468,0.725,0.7251,-0.0138,5532.59,0.9044,5.0311,0,0,0.725,0.845,0.724,48786500,0.723,93655800,0.722,86964800,0.721,57835400,0.720,31920300,0.725,104652800,0.726,77076600,0.727,59914900,0.728,33695900,0.729,30403800,66,0,0
sh513130,09:36:41,1766367405769,09:37:44,1766367404468,0.725,0.7251,-0.0138,5532.59,0.9044,4.4182,0,0,0.725,1.234,0.724,48786500,0.723,93655800,0.722,86964800,0.721,57835400,0.720,31920300,0.725,104652800,0.726,77076600,0.727,59914900,0.728,33695900,0.729,30403800,1300,0,0
sh513130,09:36:44,1766367406558,09:37:46,1766367406439,0.725,0.7251,-0.0138,5532.27,0.9044,4.3638,507000,367519,0.7249,0.788,0.724,49447800,0.723,93656600,0.722,86963300,0.721,57835400,0.720,31952800,0.725,104573200,0.726,77297800,0.727,59919900,0.728,33745900,0.729,30403800,118,0,0
sh513130,09:36:44,1766367407734,09:37:46,1766367406439,0.725,0.7251,-0.0138,5532.27,0.9044,4.3909,0,0,0.725,1.176,0.724,49447800,0.723,93656600,0.722,86963300,0.721,57835400,0.720,31952800,0.725,104573200,0.726,77297800,0.727,59919900,0.728,33745900,0.729,30403800,1294,0,0
sh513130,09:36:44,1766367408550,09:37:48,1766367408449,0.725,0.7251,-0.0138,5532.01,0.9044,4.3909,0,0,0.725,0.817,0.724,49447800,0.723,93656600,0.722,86963300,0.721,57835400,0.720,31952800,0.725,104573200,0.726,77297800,0.727,59919900,0.728,33745900,0.729,30403800,101,0,0
sh513130,09:36:47,1766367409550,09:37:48,1766367408449,0.725,0.7251,-0.0138,5532.01,0.9044,3.7636,819700,594224,0.7249,0.999,0.724,49432500,0.723,93518100,0.722,86943300,0.721,57835400,0.720,31952800,0.725,104159700,0.726,77739900,0.727,60012700,0.728,33747900,0.729,30403800,1100,0,0
sh513130,09:36:47,1766367410695,09:37:50,1766367410695,0.725,0.7251,-0.0138,5532.47,0.9044,3.6954,0,0,0.725,1.146,0.724,49432500,0.723,93518100,0.722,86943300,0.721,57835400,0.720,31952800,0.725,104159700,0.726,77739900,0.727,60012700,0.728,33747900,0.729,30403800,0,0,0
sh513130,09:36:50,1766367411646,09:37:50,1766367410695,0.724,0.725,-0.1379,5532.47,0.9044,3.6954,179400,130044,0.7249,0.95,0.724,42219500,0.723,93514700,0.722,86948200,0.721,57827800,0.720,31952800,0.725,104308200,0.726,77791400,0.727,60012700,0.728,33784900,0.729,30403800,951,0,0
sh513130,09:36:50,1766367412567,09:37:52,1766367412455,0.724,0.725,-0.1379,5532.76,0.9044,3.4848,0,0,0.724,0.921,0.724,42219500,0.723,93514700,0.722,86948200,0.721,57827800,0.720,31952800,0.725,104308200,0.726,77791400,0.727,60012700,0.728,33784900,0.729,30403800,112,0,0
sh513130,09:36:50,1766367413788,09:37:52,1766367412798,0.724,0.725,-0.1379,5532.76,0.9044,3.4686,0,0,0.724,1.221,0.724,42219500,0.723,93514700,0.722,86948200,0.721,57827800,0.720,31952800,0.725,104308200,0.726,77791400,0.727,60012700,0.728,33784900,0.729,30403800,989,0,0
sh513130,09:36:53,1766367414551,09:37:54,1766367414422,0.725,0.725,0.0,5532.94,0.9044,2.5166,492900,357332,0.725,0.763,0.724,48730500,0.723,93866600,0.722,87083200,0.721,57817800,0.720,31952800,0.725,104928100,0.726,77890200,0.727,59992700,0.728,33804900,0.729,30403800,128,0,0
sh513130,09:36:50,1766367415783,09:37:54,1766367414983,0.724,0.725,-0.1379,5532.94,0.9044,2.1482,0,0,0.724,1.232,0.724,42219500,0.723,93514700,0.722,86948200,0.721,57827800,0.720,31952800,0.725,104308200,0.726,77791400,0.727,60012700,0.728,33784900,0.729,30403800,799,0,1
sh513130,09:36:53,1766367416770,09:37:56,1766367416608,0.725,0.725,0.0,5531.59,0.9044,2.1082,492900,357332,0.725,0.987,0.724,48730500,0.723,93866600,0.722,87083200,0.721,57817800,0.720,31952800,0.725,104928100,0.726,77890200,0.727,59992700,0.728,33804900,0.729,30403800,162,0,0
sh513130,09:36:53,1766367417557,09:37:56,1766367417175,0.725,0.725,0.0,5531.59,0.9044,2.083,0,0,0.725,0.786,0.724,48730500,0.723,93866600,0.722,87083200,0.721,57817800,0.720,31952800,0.725,104928100,0.726,77890200,0.727,59992700,0.728,33804900,0.729,30403800,381,0,0
sh513130,09:36:56,1766367418799,09:37:58,1766367418418,0.725,0.7251,-0.0138,5532.79,0.9044,1.83,578300,418717,0.724,1.243,0.724,42916600,0.723,93758400,0.722,87083200,0.721,57817800,0.720,31957800,0.725,106211700,0.726,77675200,0.727,59045700,0.728,33817000,0.729,30523800,380,0,0
sh513130,09:36:56,1766367419568,09:37:58,1766367419458,0.725,0.7251,-0.0138,5532.79,0.9044,4.2196,0,0,0.725,0.769,0.724,42916600,0.723,93758400,0.722,87083200,0.721,57817800,0.720,31957800,0.725,106211700,0.726,77675200,0.727,59045700,0.728,33817000,0.729,30523800,110,0,0
sh513130,09:36:59,1766367420686,09:38:00,1766367420510,0.724,0.7251,-0.1517,5531.39,0.9044,4.2183,1108600,803120,0.7244,1.117,0.724,48043800,0.723,94699800,0.722,87216400,0.721,57817800,0.720,31957800,0.725,104891800,0.726,77775200,0.727,59050300,0.728,33844000,0.729,30523800,176,0,0
sh513130,09:36:59,1766367421588,09:38:00,1766367421581,0.724,0.7251,-0.1517,5531.39,0.9044,4.1633,0,0,0.724,0.902,0.724,48043800,0.723,94699800,0.722,87216400,0.721,57817800,0.720,31957800,0.725,104891800,0.726,77775200,0.727,59050300,0.728,33844000,0.729,30523800,6,0,0
sh513130,09:36:59,1766367422664,09:38:02,1766367422467,0.724,0.7251,-0.1517,5531.6,0.9044,3.8004,0,0,0.724,1.076,0.724,48043800,0.723,94699800,0.722,87216400,0.721,57817800,0.720,31957800,0.725,104891800,0.726,77775200,0.727,59050300,0.728,33844000,0.729,30523800,197,0,0
sh513130,09:36:59,1766367423583,09:38:02,1766367422467,0.724,0.7251,-0.1517,5531.6,0.9044,3.0814,0,0,0.724,0.918,0.724,48043800,0.723,94699800,0.722,87216400,0.721,57817800,0.720,31957800,0.725,104891800,0.726,77775200,0.727,59050300,0.728,33844000,0.729,30523800,1115,0,0
sh513130,09:37:02,1766367424828,09:38:04,1766367424471,0.724,0.7251,-0.1517,5532.91,0.9044,3.4008,126300,91552,0.7249,1.245,0.724,48253000,0.723,96109700,0.722,87240300,0.721,57747600,0.720,31989400,0.725,105559000,0.726,77775200,0.727,59051300,0.728,34131400,0.729,30524300,357,0,0
sh513130,09:37:02,1766367425567,09:38:04,1766367424471,0.724,0.7251,-0.1517,5532.91,0.9044,3.6154,0,0,0.724,0.739,0.724,48253000,0.723,96109700,0.722,87240300,0.721,57747600,0.720,31989400,0.725,105559000,0.726,77775200,0.727,59051300,0.728,34131400,0.729,30524300,1096,0,0
sh513130,09:37:05,1766367426669,09:38:06,1766367426468,0.724,0.7251,-0.1517,5532.92,0.9044,3.5818,81900,59336,0.7245,1.102,0.724,48996600,0.723,97941500,0.722,87240300,0.721,57747600,0.720,31988400,0.725,105861800,0.726,77851300,0.727,59147600,0.728,34227300,0.729,30524300,201,0,0
sh513130,09:37:05,1766367427583,09:38:06,1766367426468,0.724,0.7251,-0.1517,5532.92,0.9044,3.5818,0,0,0.724,0.914,0.724,48996600,0.723,97941500,0.722,87240300,0.721,57747600,0.720,31988400,0.725,105861800,0.726,77851300,0.727,59147600,0.728,34227300,0.729,30524300,1115,0,0
sh513130,09:37:05,1766367428583,09:38:08,1766367428417,0.724,0.7251,-0.1517,5534.87,0.9044,6.3525,0,0,0.724,1.0,0.724,48996600,0.723,97941500,0.722,87240300,0.721,57747600,0.720,31988400,0.725,105861800,0.726,77851300,0.727,59147600,0.728,34227300,0.729,30524300,165,0,0
sh513130,09:37:05,1766367429575,09:38:08,1766367428417,0.724,0.7251,-0.1517,5534.87,0.9044,6.3525,0,0,0.724,0.992,0.724,48996600,0.723,97941500,0.722,87240300,0.721,57747600,0.720,31988400,0.725,105861800,0.726,77851300,0.727,59147600,0.728,34227300,0.729,30524300,1158,0,0
sh513130,09:37:08,1766367430589,09:38:10,1766367430481,0.725,0.7251,-0.0138,5533.72,0.9044,6.1719,101600,73627,0.7247,1.014,0.724,70061600,0.723,91531600,0.722,87222200,0.721,42732200,0.720,32062500,0.725,105250200,0.726,77793400,0.727,60161600,0.728,34227300,0.729,30551800,107,0,0
sh513130,09:37:08,1766367431584,09:38:10,1766367430481,0.725,0.7251,-0.0138,5533.72,0.9044,6.0819,0,0,0.725,0.995,0.724,70061600,0.723,91531600,0.722,87222200,0.721,42732200,0.720,32062500,0.725,105250200,0.726,77793400,0.727,60161600,0.728,34227300,0.729,30551800,1102,0,0
sh513130,09:37:08,1766367432823,09:38:12,1766367432646,0.725,0.7251,-0.0138,5534.8,0.9044,5.9922,0,0,0.725,1.239,0.724,70061600,0.723,91531600,0.722,87222200,0.721,42732200,0.720,32062500,0.725,105250200,0.726,77793400,0.727,60161600,0.728,34227300,0.729,30551800,176,0,0
sh513130,09:37:11,1766367433617,09:38:12,1766367432646,0.725,0.7251,-0.0138,5534.8,0.9044,4.8025,32600,23622,0.7246,0.794,0.724,70116700,0.723,92622600,0.722,87208100,0.721,35407800,0.720,32076500,0.725,105291900,0.726,77793400,0.727,60176600,0.728,34280200,0.729,30551800,970,0,0
sh513130,09:37:11,1766367434597,09:38:14,1766367434414,0.725,0.7251,-0.0138,5534.79,0.9044,4.3225,0,0,0.725,0.98,0.724,70116700,0.723,92622600,0.722,87208100,0.721,35407800,0.720,32076500,0.725,105291900,0.726,77793400,0.727,60176600,0.728,34280200,0.729,30551800,183,0,0
sh513130,09:37:11,1766367435606,09:38:14,1766367434818,0.725,0.7251,-0.0138,5534.79,0.9044,4.7741,0,0,0.725,1.009,0.724,70116700,0.723,92622600,0.722,87208100,0.721,35407800,0.720,32076500,0.725,105291900,0.726,77793400,0.727,60176600,0.728,34280200,0.729,30551800,787,0,0
sh513130,09:37:14,1766367436589,09:38:16,1766367436436,0.725,0.7251,-0.0138,5535.11,0.9044,4.3886,215500,156221,0.7249,0.984,0.724,70774100,0.723,93554500,0.722,87373200,0.721,35407800,0.720,32076500,0.725,105668600,0.726,79051400,0.727,61176800,0.728,34280200,0.729,30551800,152,0,0
sh513130,09:37:14,1766367437591,09:38:16,1766367437041,0.725,0.7251,-0.0138,5535.11,0.9044,6.9228,0,0,0.725,1.002,0.724,70774100,0.723,93554500,0.722,87373200,0.721,35407800,0.720,32076500,0.725,105668600,0.726,79051400,0.727,61176800,0.728,34280200,0.729,30551800,550,0,0
sh513130,09:37:14,1766367438604,09:38:18,1766367438485,0.725,0.7251,-0.0138,5534.98,0.9044,6.9185,0,0,0.725,1.013,0.724,70774100,0.723,93554500,0.722,87373200,0.721,35407800,0.720,32076500,0.725,105668600,0.726,79051400,0.727,61176800,0.728,34280200,0.729,30551800,118,0,0
sh513130,09:37:17,1766367439661,09:38:18,1766367439247,0.725,0.7251,-0.0138,5534.98,0.9044,8.1236,4542200,3293051,0.725,1.057,0.724,71108600,0.723,94842500,0.722,87391800,0.721,35608900,0.720,32108300,0.725,101295700,0.726,79051500,0.727,61216800,0.728,34280200,0.729,30651800,413,0,0
sh513130,09:37:17,1766367440593,09:38:20,1766367440458,0.725,0.7251,-0.0138,5534.6,0.9044,8.0127,0,0,0.725,0.932,0.724,71108600,0.723,94842500,0.722,87391800,0.721,35608900,0.720,32108300,0.725,101295700,0.726,79051500,0.727,61216800,0.728,34280200,0.729,30651800,135,0,0
sh513130,09:37:20,1766367441612,09:38:20,1766367441464,0.725,0.725,0.0,5534.6,0.9044,7.9324,2122500,1538363,0.7248,1.019,0.724,70644000,0.723,95718500,0.722,88453900,0.721,35641700,0.720,32223600,0.725,101670800,0.726,79223100,0.727,61726800,0.728,34387200,0.729,30741500,148,0,0
sh513130,09:37:17,1766367442625,09:38:22,1766367442583,0.725,0.7251,-0.0138,5534.26,0.9044,7.8903,0,0,0.725,1.013,0.724,71108600,0.723,94842500,0.722,87391800,0.721,35608900,0.720,32108300,0.725,101295700,0.726,79051500,0.727,61216800,0.728,34280200,0.729,30651800,41,0,1
sh513130,09:37:20,1766367443605,09:38:22,1766367442583,0.725,0.725,0.0,5534.26,0.9044,7.8887,2122500,1538363,0.7248,0.98,0.724,70644000,0.723,95718500,0.722,88453900,0.721,35641700,0.720,32223600,0.725,101670800,0.726,79223100,0.727,61726800,0.728,34387200,0.729,30741500,1021,0,0
sh513130,09:37:20,1766367444602,09:38:24,1766367444397,0.725,0.725,0.0,5534.61,0.9044,9.253,0,0,0.725,0.997,0.724,70644000,0.723,95718500,0.722,88453900,0.721,35641700,0.720,32223600,0.725,101670800,0.726,79223100,0.727,61726800,0.728,34387200,0.729,30741500,204,0,0
sh513130,09:37:23,1766367445606,09:38:24,1766367444397,0.725,0.725,0.0,5534.61,0.9044,8.5125,1952100,1415231,0.725,1.004,0.724,71079700,0.723,96638600,0.722,90428900,0.721,35651700,0.720,32173500,0.725,100065500,0.726,79231100,0.727,61734200,0.728,34443600,0.729,30741500,1208,0,0
sh513130,09:37:23,1766367446604,09:38:26,1766367446440,0.725,0.725,0.0,5534.48,0.9044,7.5311,0,0,0.725,0.998,0.724,71079700,0.723,96638600,0.722,90428900,0.721,35651700,0.720,32173500,0.725,100065500,0.726,79231100,0.727,61734200,0.728,34443600,0.729,30741500,164,0,0
sh513130,09:37:23,1766367447623,09:38:26,1766367446440,0.725,0.725,0.0,5534.48,0.9044,7.7706,0,0,0.725,1.019,0.724,71079700,0.723,96638600,0.722,90428900,0.721,35651700,0.720,32173500,0.725,100065500,0.726,79231100,0.727,61734200,0.728,34443600,0.729,30741500,1183,0,0
sh513130,09:37:26,1766367448627,09:38:28,1766367448398,0.724,0.725,-0.1379,5535.43,0.9044,7.4751,155000,112353,0.7249,1.005,0.724,71130500,0.723,97278000,0.722,92215600,0.721,35651700,0.720,32173500,0.725,100074300,0.726,79220200,0.727,62736700,0.728,34448800,0.729,30742500,229,0,0
sh513130,09:37:26,1766367449622,09:38:28,1766367448398,0.724,0.725,-0.1379,5535.43,0.9044,6.7841,0,0,0.724,0.995,0.724,71130500,0.723,97278000,0.722,92215600,0.721,35651700,0.720,32173500,0.725,100074300,0.726,79220200,0.727,62736700,0.728,34448800,0.729,30742500,1223,0,0
sh513130,09:37:26,1766367450615,09:38:30,1766367450458,0.724,0.725,-0.1379,5533.68,0.9044,6.6939,0,0,0.724,0.993,0.724,71130500,0.723,97278000,0.722,92215600,0.721,35651700,0.720,32173500,0.725,100074300,0.726,79220200,0.727,62736700,0.728,34448800,0.729,30742500,157,0,0
sh513130,09:37:29,1766367451623,09:38:30,1766367450458,0.725,0.7257,-0.0965,5533.68,0.9044,5.842,185300,134334,0.725,1.007,0.724,71139700,0.723,97978500,0.722,92221900,0.721,35651700,0.720,32163500,0.725,100188000,0.726,79339100,0.727,62800400,0.728,34448800,0.729,30742500,1164,0,0
sh513130,09:37:29,1766367452619,09:38:32,1766367452480,0.725,0.7257,-0.0965,5533.0,0.9044,5.8195,0,0,0.725,0.996,0.724,71139700,0.723,97978500,0.722,92221900,0.721,35651700,0.720,32163500,0.725,100188000,0.726,79339100,0.727,62800400,0.728,34448800,0.729,30742500,138,0,0
sh513130,09:37:29,1766367453635,09:38:32,1766367452480,0.725,0.7257,-0.0965,5533.0,0.9044,5.757,0,0,0.725,1.016,0.724,71139700,0.723,97978500,0.722,92221900,0.721,35651700,0.720,32163500,0.725,100188000,0.726,79339100,0.727,62800400,0.728,34448800,0.729,30742500,1154,0,0
sh513130,09:37:32,1766367454617,09:38:34,1766367454533,0.724,0.7257,-0.2343,5533.03,0.9044,5.7181,483100,350070,0.7246,0.983,0.724,57358100,0.723,100069100,0.722,92224900,0.721,40761900,0.720,32170500,0.725,100188800,0.726,79427000,0.727,61847200,0.728,34459300,0.729,30742500,84,0,0
sh513130,09:37:32,1766367455700,09:38:34,1766367454673,0.724,0.7257,-0.2343,5533.03,0.9044,4.9106,0,0,0.724,1.083,0.724,57358100,0.723,100069100,0.722,92224900,0.721,40761900,0.720,32170500,0.725,100188800,0.726,79427000,0.727,61847200,0.728,34459300,0.729,30742500,1027,0,0
sh513130,09:37:32,1766367456615,09:38:36,1766367456462,0.724,0.7257,-0.2343,5531.98,0.9044,4.4498,0,0,0.724,0.915,0.724,57358100,0.723,100069100,0.722,92224900,0.721,40761900,0.720,32170500,0.725,100188800,0.726,79427000,0.727,61847200,0.728,34459300,0.729,30742500,153,0,0
sh513130,09:37:35,1766367457635,09:38:36,1766367456880,0.724,0.7257,-0.2343,5531.98,0.9044,3.5774,186100,134797,0.7243,1.02,0.724,54777800,0.723,100079100,0.722,92224200,0.721,43657700,0.720,32220500,0.725,101285400,0.726,79477100,0.727,61862200,0.728,34553300,0.729,30742500,755,0,0
sh513130,09:37:35,1766367458618,09:38:38,1766367458432,0.724,0.7257,-0.2343,5530.36,0.9044,3.5119,0,0,0.724,0.982,0.724,54777800,0.723,100079100,0.722,92224200,0.721,43657700,0.720,32220500,0.725,101285400,0.726,79477100,0.727,61862200,0.728,34553300,0.729,30742500,185,0,0
sh513130,09:37:35,1766367459634,09:38:38,1766367459085,0.724,0.7257,-0.2343,5530.36,0.9044,2.5327,0,0,0.724,1.016,0.724,54777800,0.723,100079100,0.722,92224200,0.721,43657700,0.720,32220500,0.725,101285400,0.726,79477100,0.727,61862200,0.728,34553300,0.729,30742500,549,0,0
sh513130,09:37:38,1766367460617,09:38:40,1766367460432,0.724,0.7257,-0.2343,5531.97,0.9044,3.7353,1148000,832068,0.7248,0.983,0.724,46265200,0.723,100115400,0.722,92245800,0.721,49903700,0.720,32253400,0.725,101803500,0.726,79476700,0.727,60872200,0.728,34573300,0.729,30732500,184,0,0
sh513130,09:37:38,1766367461644,09:38:40,1766367461282,0.724,0.7257,-0.2343,5531.97,0.9044,2.6376,0,0,0.724,1.027,0.724,46265200,0.723,100115400,0.722,92245800,0.721,49903700,0.720,32253400,0.725,101803500,0.726,79476700,0.727,60872200,0.728,34573300,0.729,30732500,362,0,0
sh513130,09:37:41,1766367462737,09:38:42,1766367462736,0.725,0.7257,-0.0965,5530.37,0.9044,2.5872,284300,206018,0.7247,1.093,0.724,56404100,0.723,97625300,0.722,92227800,0.721,43407200,0.720,32251400,0.725,101728800,0.726,79487700,0.727,61863200,0.728,34832100,0.729,30829200,1,0,0
sh513130,09:37:41,1766367463632,09:38:42,1766367463477,0.725,0.7257,-0.0965,5530.37,0.9044,1.4931,0,0,0.725,0.895,0.724,56404100,0.723,97625300,0.722,92227800,0.721,43407200,0.720,32251400,0.725,101728800,0.726,79487700,0.727,61863200,0.728,34832100,0.729,30829200,154,0,0
sh513130,09:37:41,1766367464619,09:38:44,1766367464583,0.725,0.7257,-0.0965,5531.99,0.9044,1.4838,0,0,0.725,0.987,0.724,56404100,0.723,97625300,0.722,92227800,0.721,43407200,0.720,32251400,0.725,101728800,0.726,79487700,0.727,61863200,0.728,34832100,0.729,30829200,35,0,0
sh513130,09:37:41,1766367465632,09:38:44,1766367464583,0.725,0.7257,-0.0965,5531.99,0.9044,1.2539,0,0,0.725,1.014,0.724,56404100,0.723,97625300,0.722,92227800,0.721,43407200,0.720,32251400,0.725,101728800,0.726,79487700,0.727,61863200,0.728,34832100,0.729,30829200,1048,0,0
sh513130,09:37:44,1766367466631,09:38:46,1766367466464,0.725,0.725,0.0,5532.65,0.9044,1.1688,327200,237091,0.7246,0.998,0.724,61365200,0.723,97525300,0.722,92227800,0.721,39278700,0.720,32251400,0.725,101994600,0.726,79497700,0.727,61863700,0.728,34925400,0.729,31095000,166,0,0
sh513130,09:37:44,1766367467639,09:38:46,1766367466464,0.725,0.725,0.0,5532.65,0.9044,1.1167,0,0,0.725,1.008,0.724,61365200,0.723,97525300,0.722,92227800,0.721,39278700,0.720,32251400,0.725,101994600,0.726,79497700,0.727,61863700,0.728,34925400,0.729,31095000,1174,0,0
sh513130,09:37:44,1766367468843,09:38:48,1766367468533,0.725,0.725,0.0,5533.03,0.9044,1.4727,0,0,0.725,1.205,0.724,61365200,0.723,97525300,0.722,92227800,0.721,39278700,0.720,32251400,0.725,101994600,0.726,79497700,0.727,61863700,0.728,34925400,0.729,31095000,310,0,0
sh513130,09:37:47,1766367469630,09:38:48,1766367468533,0.724,0.725,-0.1379,5533.03,0.9044,1.58,259800,188176,0.7243,0.786,0.724,72728500,0.723,90087100,0.722,92207800,0.721,35764500,0.720,31865700,0.725,86501000,0.726,79520300,0.727,62859400,0.728,35041800,0.729,31596800,1096,0,0
sh513130,09:37:47,1766367470639,09:38:50,1766367470490,0.724,0.725,-0.1379,5533.37,0.9044,1.5585,0,0,0.724,1.009,0.724,72728500,0.723,90087100,0.722,92207800,0.721,35764500,0.720,31865700,0.725,86501000,0.726,79520300,0.727,62859400,0.728,35041800,0.729,31596800,148,0,0
sh513130,09:37:50,1766367471636,09:38:50,1766367470490,0.724,0.725,-0.1379,5533.37,0.9044,1.8744,584900,424031,0.725,0.997,0.724,73237300,0.723,90974800,0.722,92136700,0.721,35772500,0.720,31901100,0.725,102654600,0.726,79870800,0.727,61861400,0.728,35042800,0.729,31704300,1145,0,0
sh513130,09:37:50,1766367472638,09:38:52,1766367472401,0.724,0.725,-0.1379,5533.79,0.9044,2.0034,0,0,0.724,1.002,0.724,73237300,0.723,90974800,0.722,92136700,0.721,35772500,0.720,31901100,0.725,102654600,0.726,79870800,0.727,61861400,0.728,35042800,0.729,31704300,236,0,0
sh513130,09:37:50,1766367473649,09:38:52,1766367472401,0.724,0.725,-0.1379,5533.79,0.9044,3.6725,0,0,0.724,1.011,0.724,73237300,0.723,90974800,0.722,92136700,0.721,35772500,0.720,31901100,0.725,102654600,0.726,79870800,0.727,61861400,0.728,35042800,0.729,31704300,1247,0,0
sh513130,09:37:50,1766367474644,09:38:54,1766367474496,0.724,0.725,-0.1379,5533.87,0.9044,3.7232,0,0,0.724,0.995,0.724,73237300,0.723,90974800,0.722,92136700,0.721,35772500,0.720,31901100,0.725,102654600,0.726,79870800,0.727,61861400,0.728,35042800,0.729,31704300,147,0,0
sh513130,09:37:53,1766367475646,09:38:54,1766367474496,0.725,0.725,0.0,5533.87,0.9044,3.6556,89000,64474,0.7244,1.002,0.724,65123800,0.723,97710600,0.722,92136700,0.721,35772500,0.720,31968200,0.725,103032100,0.726,79891000,0.727,61861400,0.728,35079300,0.729,31771500,1149,0,0
sh513130,09:37:53,1766367476925,09:38:56,1766367476750,0.725,0.725,0.0,5533.75,0.9044,3.281,0,0,0.725,1.279,0.724,65123800,0.723,97710600,0.722,92136700,0.721,35772500,0.720,31968200,0.725,103032100,0.726,79891000,0.727,61861400,0.728,35079300,0.729,31771500,174,0,0
sh513130,09:37:56,1766367477650,09:38:56,1766367476750,0.725,0.7257,-0.0965,5533.75,0.9044,2.8316,47000,34074,0.725,0.725,0.724,74371900,0.723,89419200,0.722,92136700,0.721,35782500,0.720,31968200,0.725,103148900,0.726,79882500,0.727,61861700,0.728,35081300,0.729,32338500,899,0,0
sh513130,09:37:56,1766367478801,09:38:58,1766367478450,0.725,0.7257,-0.0965,5533.21,0.9044,2.8083,0,0,0.725,1.151,0.724,74371900,0.723,89419200,0.722,92136700,0.721,35782500,0.720,31968200,0.725,103148900,0.726,79882500,0.727,61861700,0.728,35081300,0.729,32338500,350,0,0
sh513130,09:37:56,1766367479645,09:38:58,1766367478974,0.725,0.7257,-0.0965,5533.21,0.9044,2.8695,0,0,0.725,0.844,0.724,74371900,0.723,89419200,0.722,92136700,0.721,35782500,0.720,31968200,0.725,103148900,0.726,79882500,0.727,61861700,0.728,35081300,0.729,32338500,670,0,0
sh513130,09:37:56,1766367481007,09:39:00,1766367480557,0.725,0.7257,-0.0965,5534.55,0.9044,5.8481,0,0,0.725,1.363,0.724,74371900,0.723,89419200,0.722,92136700,0.721,35782500,0.720,31968200,0.725,103148900,0.726,79882500,0.727,61861700,0.728,35081300,0.729,32338500,449,0,0
sh513130,09:37:59,1766367481660,09:39:00,1766367481180,0.725,0.7257,-0.0965,5534.55,0.9044,5.817,465000,336790,0.7243,0.653,0.724,72853900,0.723,90325800,0.722,92168600,0.721,35782500,0.720,32133100,0.725,87915900,0.726,80170500,0.727,62861700,0.728,50091500,0.729,32338500,480,0,0
sh513130,09:37:59,1766367482665,09:39:02,1766367482482,0.725,0.7257,-0.0965,5534.54,0.9044,5.7283,0,0,0.725,1.005,0.724,72853900,0.723,90325800,0.722,92168600,0.721,35782500,0.720,32133100,0.725,87915900,0.726,80170500,0.727,62861700,0.728,50091500,0.729,32338500,182,0,0
sh513130,09:38:02,1766367483656,09:39:02,1766367483561,0.725,0.7257,-0.0965,5534.54,0.9044,5.9557,366000,265332,0.725,0.991,0.724,72970600,0.723,91311200,0.722,92275000,0.721,35782500,0.720,32106100,0.725,73827400,0.726,84091900,0.727,64910700,0.728,50183700,0.729,32338700,94,0,0
sh513130,09:38:02,1766367485048,09:39:04,1766367484571,0.725,0.7257,-0.0965,5535.46,0.9044,5.8661,0,0,0.725,1.393,0.724,72970600,0.723,91311200,0.722,92275000,0.721,35782500,0.720,32106100,0.725,73827400,0.726,84091900,0.727,64910700,0.728,50183700,0.729,32338700,477,0,0
sh513130,09:38:02,1766367485658,09:39:04,1766367485515,0.725,0.7257,-0.0965,5535.46,0.9044,5.4496,0,0,0.725,0.609,0.724,72970600,0.723,91311200,0.722,92275000,0.721,35782500,0.720,32106100,0.725,73827400,0.726,84091900,0.727,64910700,0.728,50183700,0.729,32338700,143,0,0
sh513130,09:38:05,1766367486684,09:39:06,1766367486474,0.724,0.7257,-0.2343,5536.5,0.9044,5.3386,207300,150152,0.7243,1.026,0.724,72873900,0.723,92322600,0.722,91984800,0.721,35782500,0.720,32113900,0.725,78594300,0.726,80218000,0.727,64918700,0.728,55249000,0.729,32537600,209,0,0
sh513130,09:38:05,1766367487662,09:39:06,1766367486474,0.724,0.7257,-0.2343,5536.5,0.9044,4.5148,0,0,0.724,0.978,0.724,72873900,0.723,92322600,0.722,91984800,0.721,35782500,0.720,32113900,0.725,78594300,0.726,80218000,0.727,64918700,0.728,55249000,0.729,32537600,1187,0,0
sh513130,09:38:05,1766367488667,09:39:08,1766367488451,0.724,0.7257,-0.2343,5536.38,0.9044,6.6237,0,0,0.724,1.005,0.724,72873900,0.723,92322600,0.722,91984800,0.721,35782500,0.720,32113900,0.725,78594300,0.726,80218000,0.727,64918700,0.728,55249000,0.729,32537600,215,0,0
sh513130,09:38:05,1766367489698,09:39:08,1766367488451,0.724,0.7257,-0.2343,5536.38,0.9044,6.8868,0,0,0.724,1.031,0.724,72873900,0.723,92322600,0.722,91984800,0.721,35782500,0.720,32113900,0.725,78594300,0.726,80218000,0.727,64918700,0.728,55249000,0.729,32537600,1247,0,0
sh513130,09:38:08,1766367490866,09:39:10,1766367490621,0.725,0.7257,-0.0965,5536.02,0.9044,6.789,1122700,813873,0.7249,1.167,0.724,74124400,0.723,93248700,0.722,91200200,0.721,35709400,0.720,32113900,0.725,73252300,0.726,84282300,0.727,64918700,0.728,55366200,0.729,32537600,245,0,0
sh513130,09:38:08,1766367491679,09:39:10,1766367490621,0.725,0.7257,-0.0965,5536.02,0.9044,6.7819,0,0,0.725,0.813,0.724,74124400,0.723,93248700,0.722,91200200,0.721,35709400,0.720,32113900,0.725,73252300,0.726,84282300,0.727,64918700,0.728,55366200,0.729,32537600,1058,0,0
sh513130,09:38:08,1766367492666,09:39:12,1766367492477,0.725,0.7257,-0.0965,5536.77,0.9044,8.3711,0,0,0.725,0.987,0.724,74124400,0.723,93248700,0.722,91200200,0.721,35709400,0.720,32113900,0.725,73252300,0.726,84282300,0.727,64918700,0.728,55366200,0.729,32537600,188,0,0
sh513130,09:38:11,1766367493693,09:39:12,1766367492477,0.725,0.7257,-0.0965,5536.77,0.9044,7.5959,436100,316145,0.7249,1.027,0.724,75580600,0.723,94096800,0.722,91366400,0.721,35681600,0.720,31834000,0.725,73419800,0.726,84271100,0.727,64952300,0.728,55371400,0.729,32537600,1215,0,0
sh513130,09:38:11,1766367494666,09:39:14,1766367494463,0.725,0.7257,-0.0965,5537.84,0.9044,6.6888,0,0,0.725,0.973,0.724,75580600,0.723,94096800,0.722,91366400,0.721,35681600,0.720,31834000,0.725,73419800,0.726,84271100,0.727,64952300,0.728,55371400,0.729,32537600,202,0,0
sh513130,09:38:11,1766367495678,09:39:14,1766367494463,0.725,0.7257,-0.0965,5537.84,0.9044,4.8174,0,0,0.725,1.013,0.724,75580600,0.723,94096800,0.722,91366400,0.721,35681600,0.720,31834000,0.725,73419800,0.726,84271100,0.727,64952300,0.728,55371400,0.729,32537600,1215,0,0
sh513130,09:38:14,1766367496674,09:39:16,1766367496515,0.725,0.7257,-0.0965,5538.55,0.9044,6.3433,21325800,15461205,0.725,0.995,0.724,77078500,0.723,94938600,0.722,90376400,0.721,35110300,0.720,31854000,0.725,33141800,0.726,89185600,0.727,65793900,0.728,55776400,0.729,32552600,158,0,0
sh513130,09:38:14,1766367497685,09:39:16,1766367496515,0.725,0.7257,-0.0965,5538.55,0.9044,6.1533,0,0,0.725,1.011,0.724,77078500,0.723,94938600,0.722,90376400,0.721,35110300,0.720,31854000,0.725,33141800,0.726,89185600,0.727,65793900,0.728,55776400,0.729,32552600,1169,0,0
sh513130,09:38:14,1766367498683,09:39:18,1766367498440,0.725,0.7257,-0.0965,5537.83,0.9044,5.3024,0,0,0.725,0.999,0.724,77078500,0.723,94938600,0.722,90376400,0.721,35110300,0.720,31854000,0.725,33141800,0.726,89185600,0.727,65793900,0.728,55776400,0.729,32552600,242,0,0
sh513130,09:38:17,1766367499785,09:39:18,1766367498717,0.725,0.7257,-0.0965,5537.83,0.9044,5.2203,34027700,24670082,0.725,1.101,0.725,27899100,0.724,73252000,0.723,92472800,0.722,83384000,0.721,35110300,0.726,93069700,0.727,66893900,0.728,55786400,0.729,32578600,0.730,45042200,1068,0,0
sh513130,09:38:17,1766367500674,09:39:20,1766367500399,0.725,0.7257,-0.0965,5538.24,0.9044,5.2012,0,0,0.725,0.889,0.725,27899100,0.724,73252000,0.723,92472800,0.722,83384000,0.721,35110300,0.726,93069700,0.727,66893900,0.728,55786400,0.729,32578600,0.730,45042200,274,0,0
sh513130,09:38:20,1766367501681,09:39:20,1766367500923,0.725,0.7257,-0.0965,5538.24,0.9044,5.0224,20913500,15162288,0.725,1.007,0.724,74366400,0.723,94121000,0.722,85923000,0.721,35090300,0.720,31858000,0.725,16271700,0.726,94202900,0.727,67771400,0.728,55786400,0.729,32578600,757,0,0
sh513130,09:38:20,1766367502705,09:39:22,1766367502475,0.725,0.7257,-0.0965,5537.71,0.9044,4.507,0,0,0.725,1.024,0.724,74366400,0.723,94121000,0.722,85923000,0.721,35090300,0.720,31858000,0.725,16271700,0.726,94202900,0.727,67771400,0.728,55786400,0.729,32578600,229,0,0
sh513130,09:38:20,1766367503761,09:39:22,1766367503130,0.725,0.7257,-0.0965,5537.71,0.9044,4.3054,0,0,0.725,1.056,0.724,74366400,0.723,94121000,0.722,85923000,0.721,35090300,0.720,31858000,0.725,16271700,0.726,94202900,0.727,67771400,0.728,55786400,0.729,32578600,631,0,0
sh513130,09:38:23,1766367504689,09:39:24,1766367504447,0.725,0.7257,-0.0965,5537.61,0.9044,4.23,6956800,5043697,0.725,0.927,0.725,1127400,0.724,72590000,0.723,95000600,0.722,87940900,0.721,35133300,0.726,93466300,0.727,68643600,0.728,55379100,0.729,32668600,0.730,45110000,241,0,0
sh513130,09:38:23,1766367505787,09:39:24,1766367505400,0.725,0.7257,-0.0965,5537.61,0.9044,4.1707,0,0,0.725,1.098,0.725,1127400,0.724,72590000,0.723,95000600,0.722,87940900,0.721,35133300,0.726,93466300,0.727,68643600,0.728,55379100,0.729,32668600,0.730,45110000,386,0,0
sh513130,09:38:23,1766367506692,09:39:26,1766367506447,0.725,0.7257,-0.0965,5538.37,0.9044,4.0202,0,0,0.725,0.906,0.725,1127400,0.724,72590000,0.723,95000600,0.722,87940900,0.721,35133300,0.726,93466300,0.727,68643600,0.728,55379100,0.729,32668600,0.730,45110000,244,0,0
sh513130,09:38:23,1766367507961,09:39:26,1766367507602,0.725,0.7257,-0.0965,5538.37,0.9044,3.713,0,0,0.725,1.268,0.725,1127400,0.724,72590000,0.723,95000600,0.722,87940900,0.721,35133300,0.726,93466300,0.727,68643600,0.728,55379100,0.729,32668600,0.730,45110000,358,0,0
sh513130,09:38:26,1766367508748,09:39:28,1766367508417,0.725,0.7257,-0.0965,5537.44,0.9044,3.667,295900,214529,0.725,0.787,0.725,4657500,0.724,75015500,0.723,95142500,0.722,85653200,0.721,35133300,0.726,93543100,0.727,69534500,0.728,55834500,0.729,32868600,0.730,45289200,330,0,0
sh513130,09:38:26,1766367509705,09:39:28,1766367508417,0.725,0.7257,-0.0965,5537.44,0.9044,3.6002,0,0,0.725,0.957,0.725,4657500,0.724,75015500,0.723,95142500,0.722,85653200,0.721,35133300,0.726,93543100,0.727,69534500,0.728,55834500,0.729,32868600,0.730,45289200,1287,0,0
sh513130,09:38:26,1766367510700,09:39:30,1766367510439,0.725,0.7257,-0.0965,5536.48,0.9044,1.6725,0,0,0.725,0.995,0.725,4657500,0.724,75015500,0.723,95142500,0.722,85653200,0.721,35133300,0.726,93543100,0.727,69534500,0.728,55834500,0.729,32868600,0.730,45289200,261,0,0
sh513130,09:38:29,1766367511716,09:39:30,1766367510439,0.725,0.7257,-0.0965,5536.48,0.9044,1.6227,6616200,4797021,0.725,1.016,0.724,74833900,0.723,96209900,0.722,86112100,0.721,35133400,0.720,31865000,0.725,20386000,0.726,89460300,0.727,68530800,0.728,55844500,0.729,32868600,1277,0,0
sh513130,09:38:29,1766367512702,09:39:32,1766367512484,0.725,0.7257,-0.0965,5536.2,0.9044,2.8054,0,0,0.725,0.985,0.724,74833900,0.723,96209900,0.722,86112100,0.721,35133400,0.720,31865000,0.725,20386000,0.726,89460300,0.727,68530800,0.728,55844500,0.729,32868600,217,0,0
sh513130,09:38:32,1766367513708,09:39:32,1766367512484,0.725,0.7257,-0.0965,5536.2,0.9044,1.5259,653600,473860,0.725,1.006,0.724,73265000,0.723,96504100,0.722,89287000,0.721,35138500,0.720,31835000,0.725,49885900,0.726,83316400,0.727,65445600,0.728,40339600,0.729,32868600,1223,0,0
sh513130,09:38:32,1766367514895,09:39:34,1766367514495,0.725,0.7257,-0.0965,5535.75,0.9044,1.5899,0,0,0.725,1.187,0.724,73265000,0.723,96504100,0.722,89287000,0.721,35138500,0.720,31835000,0.725,49885900,0.726,83316400,0.727,65445600,0.728,40339600,0.729,32868600,400,0,0
sh513130,09:38:32,1766367515716,09:39:34,1766367514495,0.725,0.7257,-0.0965,5535.75,0.9044,1.5587,0,0,0.725,0.821,0.724,73265000,0.723,96504100,0.722,89287000,0.721,35138500,0.720,31835000,0.725,49885900,0.726,83316400,0.727,65445600,0.728,40339600,0.729,32868600,1220,0,0
sh513130,09:38:32,1766367516697,09:39:36,1766367516447,0.725,0.7257,-0.0965,5535.66,0.9044,1.5587,0,0,0.725,0.981,0.724,73265000,0.723,96504100,0.722,89287000,0.721,35138500,0.720,31835000,0.725,49885900,0.726,83316400,0.727,65445600,0.728,40339600,0.729,32868600,249,0,0
sh513130,09:38:35,1766367517713,09:39:36,1766367516447,0.725,0.7257,-0.0965,5535.66,0.9044,1.9886,821400,595513,0.725,1.016,0.724,76055900,0.723,97319300,0.722,89267000,0.721,35637100,0.720,31765000,0.725,30517200,0.726,87465500,0.727,66353600,0.728,50379600,0.729,32888600,1265,0,0
sh513130,09:38:35,1766367518717,09:39:38,1766367518511,0.725,0.7257,-0.0965,5534.78,0.9044,2.3854,0,0,0.725,1.004,0.724,76055900,0.723,97319300,0.722,89267000,0.721,35637100,0.720,31765000,0.725,30517200,0.726,87465500,0.727,66353600,0.728,50379600,0.729,32888600,205,0,0
sh513130,09:38:35,1766367519704,09:39:38,1766367518511,0.725,0.7257,-0.0965,5534.78,0.9044,2.3633,0,0,0.725,0.988,0.724,76055900,0.723,97319300,0.722,89267000,0.721,35637100,0.720,31765000,0.725,30517200,0.726,87465500,0.727,66353600,0.728,50379600,0.729,32888600,1193,0,0
sh513130,09:38:38,1766367520717,09:39:40,1766367520716,0.725,0.7257,-0.0965,5536.72,0.9044,2.3452,85100,61677,0.7248,1.013,0.724,75823100,0.723,97312700,0.722,89267000,0.721,35637100,0.720,31765000,0.725,33941800,0.726,83715100,0.727,66352600,0.728,50379600,0.729,32890000,0,0,0
sh513130,09:38:38,1766367521740,09:39:40,1766367520716,0.725,0.7257,-0.0965,5536.72,0.9044,2.299,0,0,0.725,1.023,0.724,75823100,0.723,97312700,0.722,89267000,0.721,35637100,0.720,31765000,0.725,33941800,0.726,83715100,0.727,66352600,0.728,50379600,0.729,32890000,1023,0,0
sh513130,09:38:38,1766367522718,09:39:42,1766367522507,0.725,0.7257,-0.0965,5538.33,0.9044,4.5227,0,0,0.725,0.978,0.724,75823100,0.723,97312700,0.722,89267000,0.721,35637100,0.720,31765000,0.725,33941800,0.726,83715100,0.727,66352600,0.728,50379600,0.729,32890000,211,0,0
sh513130,09:38:38,1766367523844,09:39:42,1766367522906,0.725,0.7257,-0.0965,5538.33,0.9044,4.5645,0,0,0.725,1.126,0.724,75823100,0.723,97312700,0.722,89267000,0.721,35637100,0.720,31765000,0.725,33941800,0.726,83715100,0.727,66352600,0.728,50379600,0.729,32890000,938,0,0
sh513130,09:38:41,1766367524981,09:39:44,1766367524439,0.725,0.725,0.0,5537.83,0.9044,4.5645,480600,348162,0.7244,1.137,0.724,76636900,0.723,97422900,0.722,88277400,0.721,35637200,0.720,31838400,0.725,14755300,0.726,87831300,0.727,67203900,0.728,51381600,0.729,32943700,542,0,0
sh513130,09:38:44,1766367525714,09:39:44,1766367525115,0.726,0.725,0.1379,5537.83,0.9044,4.3448,11669600,8463482,0.7253,0.733,0.725,19543600,0.724,79374300,0.723,90676800,0.722,87349000,0.721,35651000,0.726,88205300,0.727,69340800,0.728,56734600,0.729,32943700,0.730,45705100,599,0,0
sh513130,09:38:44,1766367526720,09:39:46,1766367526398,0.726,0.725,0.1379,5539.3,0.9044,3.5591,0,0,0.726,1.007,0.725,19543600,0.724,79374300,0.723,90676800,0.722,87349000,0.721,35651000,0.726,88205300,0.727,69340800,0.728,56734600,0.729,32943700,0.730,45705100,322,0,0
sh513130,09:38:44,1766367527742,09:39:46,1766367527330,0.726,0.725,0.1379,5539.3,0.9044,3.4939,0,0,0.726,1.021,0.725,19543600,0.724,79374300,0.723,90676800,0.722,87349000,0.721,35651000,0.726,88205300,0.727,69340800,0.728,56734600,0.729,32943700,0.730,45705100,411,0,0
sh513130,09:38:44,1766367528715,09:39:48,1766367528460,0.726,0.725,0.1379,5539.92,0.9044,3.4297,0,0,0.726,0.973,0.725,19543600,0.724,79374300,0.723,90676800,0.722,87349000,0.721,35651000,0.726,88205300,0.727,69340800,0.728,56734600,0.729,32943700,0.730,45705100,254,0,0
sh513130,09:38:47,1766367529905,09:39:48,1766367529548,0.725,0.725,0.0,5539.92,0.9044,3.4297,2657500,1927698,0.7254,1.19,0.725,48062200,0.724,78704100,0.723,90708300,0.722,66644000,0.721,35221600,0.726,86774100,0.727,70251400,0.728,57775700,0.729,32965500,0.730,45705200,356,0,0
sh513130,09:38:47,1766367530748,09:39:50,1766367530443,0.725,0.725,0.0,5541.59,0.9044,5.3346,0,0,0.725,0.843,0.725,48062200,0.724,78704100,0.723,90708300,0.722,66644000,0.721,35221600,0.726,86774100,0.727,70251400,0.728,57775700,0.729,32965500,0.730,45705200,305,0,0
sh513130,09:38:47,1766367531728,09:39:50,1766367530443,0.725,0.725,0.0,5541.59,0.9044,5.3268,0,0,0.725,0.98,0.725,48062200,0.724,78704100,0.723,90708300,0.722,66644000,0.721,35221600,0.726,86774100,0.727,70251400,0.728,57775700,0.729,32965500,0.730,45705200,1284,0,0
sh513130,09:38:50,1766367532751,09:39:52,1766367532448,0.726,0.7257,0.0413,5542.81,0.9044,6.2153,209400,151855,0.7252,1.023,0.725,68287900,0.724,69714100,0.723,90727900,0.722,60644200,0.721,35641800,0.726,84919600,0.727,71133600,0.728,59795100,0.729,32973500,0.730,46367800,302,0,0
sh513130,09:38:50,1766367533896,09:39:52,1766367532448,0.726,0.7257,0.0413,5542.81,0.9044,6.2089,0,0,0.726,1.145,0.725,68287900,0.724,69714100,0.723,90727900,0.722,60644200,0.721,35641800,0.726,84919600,0.727,71133600,0.728,59795100,0.729,32973500,0.730,46367800,1447,0,0
sh513130,09:38:50,1766367534735,09:39:54,1766367534475,0.726,0.7257,0.0413,5542.12,0.9044,6.1929,0,0,0.726,0.839,0.725,68287900,0.724,69714100,0.723,90727900,0.722,60644200,0.721,35641800,0.726,84919600,0.727,71133600,0.728,59795100,0.729,32973500,0.730,46367800,260,0,0
sh513130,09:38:53,1766367535738,09:39:54,1766367534475,0.725,0.7257,-0.0965,5542.12,0.9044,6.1353,352400,255772,0.7258,1.003,0.725,70846600,0.724,70383800,0.723,90716200,0.722,50644200,0.721,35631800,0.726,84212300,0.727,71059100,0.728,59803300,0.729,32973500,0.730,47072900,1262,0,0
sh513130,09:38:53,1766367536905,09:39:56,1766367536462,0.725,0.7257,-0.0965,5541.62,0.9044,6.0454,0,0,0.725,1.167,0.725,70846600,0.724,70383800,0.723,90716200,0.722,50644200,0.721,35631800,0.726,84212300,0.727,71059100,0.728,59803300,0.729,32973500,0.730,47072900,442,0,0
sh513130,09:38:56,1766367537737,09:39:56,1766367536462,0.726,0.7264,-0.0551,5541.62,0.9044,5.0853,2165000,1571221,0.7257,0.832,0.725,70997800,0.724,71544200,0.723,90515600,0.722,51146500,0.721,35653800,0.726,82791800,0.727,71124100,0.728,58489300,0.729,32968500,0.730,47062600,1274,0,0
sh513130,09:38:56,1766367538750,09:39:58,1766367538449,0.726,0.7264,-0.0551,5541.87,0.9044,6.9561,0,0,0.726,1.013,0.725,70997800,0.724,71544200,0.723,90515600,0.722,51146500,0.721,35653800,0.726,82791800,0.727,71124100,0.728,58489300,0.729,32968500,0.730,47062600,300,0,0
sh513130,09:38:56,1766367539806,09:39:58,1766367538449,0.726,0.7264,-0.0551,5541.87,0.9044,6.5369,0,0,0.726,1.056,0.725,70997800,0.724,71544200,0.723,90515600,0.722,51146500,0.721,35653800,0.726,82791800,0.727,71124100,0.728,58489300,0.729,32968500,0.730,47062600,1355,0,0
sh513130,09:38:59,1766367540754,09:40:00,1766367540500,0.726,0.7264,-0.0551,5541.85,0.9044,5.3911,399400,289886,0.7258,0.949,0.725,63655100,0.724,77801700,0.723,90425700,0.722,51095800,0.721,35658800,0.726,82882900,0.727,71530400,0.728,59524500,0.729,32986500,0.730,47252100,254,0,0
sh513130,09:38:59,1766367541738,09:40:00,1766367540500,0.726,0.7264,-0.0551,5541.85,0.9044,5.2859,0,0,0.726,0.984,0.725,63655100,0.724,77801700,0.723,90425700,0.722,51095800,0.721,35658800,0.726,82882900,0.727,71530400,0.728,59524500,0.729,32986500,0.730,47252100,1238,0,0
sh513130,09:38:59,1766367542751,09:40:02,1766367542715,0.726,0.7264,-0.0551,5541.08,0.9044,5.5731,0,0,0.726,1.013,0.725,63655100,0.724,77801700,0.723,90425700,0.722,51095800,0.721,35658800,0.726,82882900,0.727,71530400,0.728,59524500,0.729,32986500,0.730,47252100,35,0,0
sh513130,09:39:02,1766367543735,09:40:02,1766367543562,0.726,0.7264,-0.0551,5541.08,0.9044,4.4999,709500,515076,0.726,0.984,0.725,60226900,0.724,77925200,0.723,89463700,0.722,55904100,0.721,35702800,0.726,83610400,0.727,72680000,0.728,58687200,0.729,33004800,0.730,47313800,172,0,0
sh513130,09:39:02,1766367544744,09:40:04,1766367544460,0.726,0.7264,-0.0551,5541.93,0.9044,4.4999,0,0,0.726,1.008,0.725,60226900,0.724,77925200,0.723,89463700,0.722,55904100,0.721,35702800,0.726,83610400,0.727,72680000,0.728,58687200,0.729,33004800,0.730,47313800,283,0,0
sh513130,09:39:02,1766367545757,09:40:04,1766367544915,0.726,0.7264,-0.0551,5541.93,0.9044,4.5482,0,0,0.726,1.013,0.725,60226900,0.724,77925200,0.723,89463700,0.722,55904100,0.721,35702800,0.726,83610400,0.727,72680000,0.728,58687200,0.729,33004800,0.730,47313800,841,0,0
sh513130,09:39:05,1766367546751,09:40:06,1766367546416,0.725,0.7264,-0.1927,5542.0,0.9044,4.4097,460100,333892,0.7257,0.995,0.725,77092800,0.724,68812300,0.723,89530300,0.722,51771200,0.721,35688200,0.726,84379600,0.727,72703600,0.728,58704700,0.729,33023900,0.730,47324200,335,0,0
sh513130,09:39:05,1766367547757,09:40:06,1766367547116,0.725,0.7264,-0.1927,5542.0,0.9044,3.3927,0,0,0.725,1.005,0.725,77092800,0.724,68812300,0.723,89530300,0.722,51771200,0.721,35688200,0.726,84379600,0.727,72703600,0.728,58704700,0.729,33023900,0.730,47324200,640,0,0
sh513130,09:39:05,1766367548757,09:40:08,1766367548463,0.725,0.7264,-0.1927,5541.36,0.9044,3.2855,0,0,0.725,1.0,0.725,77092800,0.724,68812300,0.723,89530300,0.722,51771200,0.721,35688200,0.726,84379600,0.727,72703600,0.728,58704700,0.729,33023900,0.730,47324200,294,0,0
sh513130,09:39:05,1766367549855,09:40:08,1766367549317,0.725,0.7264,-0.1927,5541.36,0.9044,2.8426,0,0,0.725,1.098,0.725,77092800,0.724,68812300,0.723,89530300,0.722,51771200,0.721,35688200,0.726,84379600,0.727,72703600,0.728,58704700,0.729,33023900,0.730,47324200,537,0,0
sh513130,09:39:05,1766367550745,09:40:10,1766367550520,0.725,0.7264,-0.1927,5540.94,0.9044,2.8426,0,0,0.725,0.89,0.725,77092800,0.724,68812300,0.723,89530300,0.722,51771200,0.721,35688200,0.726,84379600,0.727,72703600,0.728,58704700,0.729,33023900,0.730,47324200,224,0,0
sh513130,09:39:08,1766367551763,09:40:10,1766367551518,0.725,0.7264,-0.1927,5540.94,0.9044,2.4548,332800,241608,0.726,1.018,0.725,55746900,0.724,77428300,0.723,89078300,0.722,65054500,0.721,35690500,0.726,84403700,0.727,74484400,0.728,58822900,0.729,33037900,0.730,47339700,245,0,0
sh513130,09:39:08,1766367552762,09:40:12,1766367552475,0.725,0.7264,-0.1927,5540.9,0.9044,2.0675,0,0,0.725,0.999,0.725,55746900,0.724,77428300,0.723,89078300,0.722,65054500,0.721,35690500,0.726,84403700,0.727,74484400,0.728,58822900,0.729,33037900,0.730,47339700,286,0,0
sh513130,09:39:11,1766367553763,09:40:12,1766367553713,0.726,0.7264,-0.0551,5540.9,0.9044,1.9059,369000,267892,0.726,1.002,0.725,60605200,0.724,77332100,0.723,88776300,0.722,63993600,0.721,35690500,0.726,84520800,0.727,76146200,0.728,58955200,0.729,33079600,0.730,47368900,50,0,0
sh513130,09:39:11,1766367554762,09:40:14,1766367554411,0.726,0.7264,-0.0551,5540.24,0.9044,2.0293,0,0,0.726,0.999,0.725,60605200,0.724,77332100,0.723,88776300,0.722,63993600,0.721,35690500,0.726,84520800,0.727,76146200,0.728,58955200,0.729,33079600,0.730,47368900,350,0,0
sh513130,09:39:14,1766367555756,09:40:14,1766367554411,0.725,0.7264,-0.1927,5540.24,0.9044,2.0635,404400,293426,0.7256,0.994,0.725,36341000,0.724,78020000,0.723,88856300,0.722,72074600,0.721,35690500,0.726,86822600,0.727,77077200,0.728,57965200,0.729,33213400,0.730,47412300,1344,0,0
sh513130,09:39:14,1766367556754,09:40:16,1766367556461,0.725,0.7264,-0.1927,5539.89,0.9044,2.0234,0,0,0.725,0.999,0.725,36341000,0.724,78020000,0.723,88856300,0.722,72074600,0.721,35690500,0.726,86822600,0.727,77077200,0.728,57965200,0.729,33213400,0.730,47412300,293,0,0
sh513130,09:39:14,1766367557758,09:40:16,1766367556461,0.725,0.7264,-0.1927,5539.89,0.9044,-0.3265,0,0,0.725,1.003,0.725,36341000,0.724,78020000,0.723,88856300,0.722,72074600,0.721,35690500,0.726,86822600,0.727,77077200,0.728,57965200,0.729,33213400,0.730,47412300,1296,0,0
sh513130,09:39:14,1766367558757,09:40:18,1766367558417,0.725,0.7264,-0.1927,5539.97,0.9044,2.6168,0,0,0.725,0.999,0.725,36341000,0.724,78020000,0.723,88856300,0.722,72074600,0.721,35690500,0.726,86822600,0.727,77077200,0.728,57965200,0.729,33213400,0.730,47412300,339,0,0
sh513130,09:39:17,1766367559762,09:40:18,1766367558417,0.725,0.7264,-0.1927,5539.97,0.9044,2.5668,471600,341980,0.7251,1.006,0.725,41214400,0.724,78186500,0.723,88630300,0.722,72975600,0.721,35690500,0.726,87861500,0.727,78072200,0.728,57803900,0.729,33223400,0.730,47137700,1344,0,0
sh513130,09:39:17,1766367560762,09:40:20,1766367560440,0.725,0.7264,-0.1927,5540.68,0.9044,2.5668,0,0,0.725,1.0,0.725,41214400,0.724,78186500,0.723,88630300,0.722,72975600,0.721,35690500,0.726,87861500,0.727,78072200,0.728,57803900,0.729,33223400,0.730,47137700,322,0,0
sh513130,09:39:17,1766367561772,09:40:20,1766367560440,0.725,0.7264,-0.1927,5540.68,0.9044,1.684,0,0,0.725,1.01,0.725,41214400,0.724,78186500,0.723,88630300,0.722,72975600,0.721,35690500,0.726,87861500,0.727,78072200,0.728,57803900,0.729,33223400,0.730,47137700,1331,0,0
sh513130,09:39:20,1766367562764,09:40:22,1766367562484,0.725,0.7264,-0.1927,5539.59,0.9044,1.6535,1138900,825805,0.7251,0.993,0.725,50996400,0.724,78199000,0.723,88620300,0.722,68872900,0.721,35813500,0.726,89046800,0.727,78214000,0.728,57798900,0.729,33230300,0.730,47149700,280,0,0
sh513130,09:39:20,1766367563788,09:40:22,1766367562484,0.725,0.7264,-0.1927,5539.59,0.9044,1.8244,0,0,0.725,1.024,0.725,50996400,0.724,78199000,0.723,88620300,0.722,68872900,0.721,35813500,0.726,89046800,0.727,78214000,0.728,57798900,0.729,33230300,0.730,47149700,1304,0,0
sh513130,09:39:20,1766367564782,09:40:24,1766367564681,0.725,0.7264,-0.1927,5539.89,0.9044,2.4095,0,0,0.725,0.994,0.725,50996400,0.724,78199000,0.723,88620300,0.722,68872900,0.721,35813500,0.726,89046800,0.727,78214000,0.728,57798900,0.729,33230300,0.730,47149700,100,0,0
sh513130,09:39:23,1766367565912,09:40:24,1766367564681,0.725,0.7264,-0.1927,5539.89,0.9044,2.6247,157100,113946,0.7253,1.13,0.725,46833300,0.724,78007500,0.723,88269700,0.722,69720300,0.721,35813500,0.726,89159600,0.727,78235200,0.728,59190200,0.729,33230300,0.730,47178600,1231,0,0
sh513130,09:39:23,1766367566779,09:40:26,1766367566432,0.725,0.7264,-0.1927,5539.59,0.9044,2.5238,0,0,0.725,0.866,0.725,46833300,0.724,78007500,0.723,88269700,0.722,69720300,0.721,35813500,0.726,89159600,0.727,78235200,0.728,59190200,0.729,33230300,0.730,47178600,346,0,0
sh513130,09:39:23,1766367567772,09:40:26,1766367566873,0.725,0.7264,-0.1927,5539.59,0.9044,3.0082,0,0,0.725,0.993,0.725,46833300,0.724,78007500,0.723,88269700,0.722,69720300,0.721,35813500,0.726,89159600,0.727,78235200,0.728,59190200,0.729,33230300,0.730,47178600,898,0,0
sh513130,09:39:23,1766367568770,09:40:28,1766367568445,0.725,0.7264,-0.1927,5539.56,0.9044,2.9311,0,0,0.725,0.999,0.725,46833300,0.724,78007500,0.723,88269700,0.722,69720300,0.721,35813500,0.726,89159600,0.727,78235200,0.728,59190200,0.729,33230300,0.730,47178600,324,0,0
sh513130,09:39:26,1766367569781,09:40:28,1766367569068,0.725,0.7264,-0.1927,5539.56,0.9044,2.9311,401100,290902,0.7253,1.011,0.725,63920900,0.724,78082500,0.723,88538500,0.722,58320600,0.721,35808500,0.726,89317900,0.727,78470000,0.728,60200200,0.729,33595300,0.730,47206100,712,0,0
sh513130,09:39:29,1766367571089,09:40:30,1766367570462,0.726,0.7264,-0.0551,5540.22,0.9044,1.937,295500,214255,0.7251,1.308,0.725,72959000,0.724,69682100,0.723,88568900,0.722,59170600,0.721,35838200,0.726,89537200,0.727,78373000,0.728,60207200,0.729,33748100,0.730,47253200,626,0,0
sh513130,09:39:29,1766367571782,09:40:30,1766367571411,0.726,0.7264,-0.0551,5540.22,0.9044,1.5731,0,0,0.726,0.693,0.725,72959000,0.724,69682100,0.723,88568900,0.722,59170600,0.721,35838200,0.726,89537200,0.727,78373000,0.728,60207200,0.729,33748100,0.730,47253200,371,0,0
sh513130,09:39:29,1766367572787,09:40:32,1766367572449,0.726,0.7264,-0.0551,5541.67,0.9044,1.5859,0,0,0.726,1.005,0.725,72959000,0.724,69682100,0.723,88568900,0.722,59170600,0.721,35838200,0.726,89537200,0.727,78373000,0.728,60207200,0.729,33748100,0.730,47253200,338,0,0
sh513130,09:39:32,1766367573784,09:40:32,1766367573461,0.726,0.7264,-0.0551,5541.67,0.9044,1.5859,194200,140886,0.7255,0.996,0.725,73764000,0.724,69925000,0.723,88863300,0.722,51826200,0.721,35838200,0.726,88228200,0.727,78699000,0.728,62190200,0.729,33836700,0.730,47518200,322,0,0
sh513130,09:39:29,1766367574778,09:40:34,1766367574461,0.726,0.7264,-0.0551,5541.47,0.9044,4.1696,0,0,0.726,0.994,0.725,72959000,0.724,69682100,0.723,88568900,0.722,59170600,0.721,35838200,0.726,89537200,0.727,78373000,0.728,60207200,0.729,33748100,0.730,47253200,316,0,1
sh513130,09:39:32,1766367575779,09:40:34,1766367575658,0.726,0.7264,-0.0551,5541.47,0.9044,4.1433,194200,140886,0.7255,1.002,0.725,73764000,0.724,69925000,0.723,88863300,0.722,51826200,0.721,35838200,0.726,88228200,0.727,78699000,0.728,62190200,0.729,33836700,0.730,47518200,120,0,0
sh513130,09:39:35,1766367576786,09:40:36,1766367576446,0.726,0.7264,-0.0551,5541.27,0.9044,4.1205,208100,151047,0.7258,1.006,0.725,73812400,0.724,70962800,0.723,88745000,0.722,51716700,0.721,35838200,0.726,86482900,0.727,79729000,0.728,63194200,0.729,33336700,0.730,47558200,339,0,0
sh513130,09:39:32,1766367577783,09:40:36,1766367576446,0.726,0.7264,-0.0551,5541.27,0.9044,5.7338,0,0,0.726,0.997,0.725,73764000,0.724,69925000,0.723,88863300,0.722,51826200,0.721,35838200,0.726,88228200,0.727,78699000,0.728,62190200,0.729,33836700,0.730,47518200,1336,0,1
sh513130,09:39:35,1766367578800,09:40:38,1766367578426,0.726,0.7264,-0.0551,5541.94,0.9044,5.3314,208100,151047,0.7258,1.017,0.725,73812400,0.724,70962800,0.723,88745000,0.722,51716700,0.721,35838200,0.726,86482900,0.727,79729000,0.728,63194200,0.729,33336700,0.730,47558200,374,0,0
sh513130,09:39:38,1766367579854,09:40:38,1766367578426,0.725,0.7264,-0.1927,5541.94,0.9044,4.6473,1167200,846479,0.7252,1.054,0.725,72957400,0.724,71984600,0.723,88771000,0.722,52718900,0.721,35855600,0.726,88683800,0.727,79800100,0.728,62204200,0.729,33838700,0.730,48703200,1428,0,0
sh513130,09:39:38,1766367580794,09:40:40,1766367580453,0.725,0.7264,-0.1927,5542.37,0.9044,4.7726,0,0,0.725,0.94,0.725,72957400,0.724,71984600,0.723,88771000,0.722,52718900,0.721,35855600,0.726,88683800,0.727,79800100,0.728,62204200,0.729,33838700,0.730,48703200,341,0,0
sh513130,09:39:38,1766367581785,09:40:40,1766367580453,0.725,0.7264,-0.1927,5542.37,0.9044,6.2358,0,0,0.725,0.991,0.725,72957400,0.724,71984600,0.723,88771000,0.722,52718900,0.721,35855600,0.726,88683800,0.727,79800100,0.728,62204200,0.729,33838700,0.730,48703200,1331,0,0
sh513130,09:39:41,1766367582777,09:40:42,1766367582410,0.726,0.7263,-0.0413,5541.96,0.9044,6.2358,436400,316721,0.7258,0.993,0.725,73842700,0.724,73667500,0.723,88657300,0.722,53246700,0.721,35761400,0.726,88556100,0.727,79860200,0.728,62336600,0.729,34008700,0.730,48926500,367,0,0
sh513130,09:39:41,1766367583787,09:40:42,1766367582410,0.726,0.7263,-0.0413,5541.96,0.9044,6.1456,0,0,0.726,1.009,0.725,73842700,0.724,73667500,0.723,88657300,0.722,53246700,0.721,35761400,0.726,88556100,0.727,79860200,0.728,62336600,0.729,34008700,0.730,48926500,1376,0,0
sh513130,09:39:41,1766367584799,09:40:44,1766367584490,0.726,0.7263,-0.0413,5542.03,0.9044,6.1253,0,0,0.726,1.012,0.725,73842700,0.724,73667500,0.723,88657300,0.722,53246700,0.721,35761400,0.726,88556100,0.727,79860200,0.728,62336600,0.729,34008700,0.730,48926500,309,0,0
sh513130,09:39:41,1766367585788,09:40:44,1766367584490,0.726,0.7263,-0.0413,5542.03,0.9044,6.1253,0,0,0.726,0.989,0.725,73842700,0.724,73667500,0.723,88657300,0.722,53246700,0.721,35761400,0.726,88556100,0.727,79860200,0.728,62336600,0.729,34008700,0.730,48926500,1298,0,0
sh513130,09:39:44,1766367586838,09:40:46,1766367586801,0.726,0.7263,-0.0413,5541.81,0.9044,4.9362,111700,81042,0.7255,1.05,0.725,74250100,0.724,74638800,0.723,88666800,0.722,53293500,0.721,36050200,0.726,87558000,0.727,80872800,0.728,63391600,0.729,34019700,0.730,50009900,37,0,0
sh513130,09:39:44,1766367587798,09:40:46,1766367586801,0.726,0.7263,-0.0413,5541.81,0.9044,4.8539,0,0,0.726,0.96,0.725,74250100,0.724,74638800,0.723,88666800,0.722,53293500,0.721,36050200,0.726,87558000,0.727,80872800,0.728,63391600,0.729,34019700,0.730,50009900,997,0,0
sh513130,09:39:44,1766367588796,09:40:48,1766367588479,0.726,0.7263,-0.0413,5541.7,0.9044,4.7725,0,0,0.726,0.998,0.725,74250100,0.724,74638800,0.723,88666800,0.722,53293500,0.721,36050200,0.726,87558000,0.727,80872800,0.728,63391600,0.729,34019700,0.730,50009900,316,0,0
sh513130,09:39:44,1766367589872,09:40:48,1766367588902,0.726,0.7263,-0.0413,5541.7,0.9044,4.7725,0,0,0.726,1.075,0.725,74250100,0.724,74638800,0.723,88666800,0.722,53293500,0.721,36050200,0.726,87558000,0.727,80872800,0.728,63391600,0.729,34019700,0.730,50009900,969,0,0
sh513130,09:39:47,1766367590800,09:40:50,1766367590436,0.726,0.7263,-0.0413,5541.85,0.9044,3.9183,746600,541810,0.7257,0.928,0.725,60918000,0.724,78254700,0.723,88672200,0.722,58293500,0.721,36050200,0.726,88308700,0.727,81777500,0.728,62327900,0.729,34034700,0.730,51031900,363,0,0
sh513130,09:39:47,1766367591809,09:40:50,1766367591098,0.726,0.7263,-0.0413,5541.85,0.9044,3.0686,0,0,0.726,1.009,0.725,60918000,0.724,78254700,0.723,88672200,0.722,58293500,0.721,36050200,0.726,88308700,0.727,81777500,0.728,62327900,0.729,34034700,0.730,51031900,710,0,0
sh513130,09:39:50,1766367592829,09:40:52,1766367592440,0.725,0.7263,-0.179,5542.37,0.9044,2.8444,1160500,842107,0.7256,1.02,0.725,68962700,0.724,69794700,0.723,88672200,0.722,54131400,0.721,36055200,0.726,87745100,0.727,82507500,0.728,62349900,0.729,34034700,0.730,51037900,389,0,0
sh513130,09:39:50,1766367593825,09:40:52,1766367593300,0.725,0.7263,-0.179,5542.37,0.9044,2.8444,0,0,0.725,0.996,0.725,68962700,0.724,69794700,0.723,88672200,0.722,54131400,0.721,36055200,0.726,87745100,0.727,82507500,0.728,62349900,0.729,34034700,0.730,51037900,524,0,0
sh513130,09:39:53,1766367594823,09:40:54,1766367594462,0.726,0.7263,-0.0413,5542.2,0.9044,3.5944,236700,171697,0.7254,0.998,0.725,73714200,0.724,69779600,0.723,88565800,0.722,54908600,0.721,36055200,0.726,88427000,0.727,83557400,0.728,62400200,0.729,34033500,0.730,53353300,361,0,0
sh513130,09:39:53,1766367596084,09:40:54,1766367595503,0.726,0.7263,-0.0413,5542.2,0.9044,2.9952,0,0,0.726,1.261,0.725,73714200,0.724,69779600,0.723,88565800,0.722,54908600,0.721,36055200,0.726,88427000,0.727,83557400,0.728,62400200,0.729,34033500,0.730,53353300,580,0,0
sh513130,09:39:53,1766367596829,09:40:56,1766367596443,0.726,0.7263,-0.0413,5541.77,0.9044,2.9388,0,0,0.726,0.746,0.725,73714200,0.724,69779600,0.723,88565800,0.722,54908600,0.721,36055200,0.726,88427000,0.727,83557400,0.728,62400200,0.729,34033500,0.730,53353300,386,0,0
sh513130,09:39:56,1766367597840,09:40:56,1766367597703,0.726,0.7257,0.0413,5541.77,0.9044,2.8834,189400,137433,0.7256,1.01,0.725,73785800,0.724,69500100,0.723,88881800,0.722,53343500,0.721,36055200,0.726,70272900,0.727,87540200,0.728,62409600,0.729,49067500,0.730,53574500,136,0,0
sh513130,09:39:56,1766367598837,09:40:58,1766367598507,0.726,0.7257,0.0413,5541.81,0.9044,2.8834,0,0,0.726,0.997,0.725,73785800,0.724,69500100,0.723,88881800,0.722,53343500,0.721,36055200,0.726,70272900,0.727,87540200,0.728,62409600,0.729,49067500,0.730,53574500,328,0,0
sh513130,09:39:56,1766367599832,09:40:58,1766367598507,0.726,0.7257,0.0413,5541.81,0.9044,4.8899,0,0,0.726,0.995,0.725,73785800,0.724,69500100,0.723,88881800,0.722,53343500,0.721,36055200,0.726,70272900,0.727,87540200,0.728,62409600,0.729,49067500,0.730,53574500,1324,0,0
sh513130,09:39:59,1766367600845,09:41:00,1766367600411,0.726,0.7263,-0.0413,5542.29,0.9044,4.8081,244200,177282,0.726,1.014,0.725,77132000,0.724,73456300,0.723,91971300,0.722,53343500,0.721,36050200,0.726,69133400,0.727,87626800,0.728,63384600,0.729,49185500,0.730,54657900,434,0,0
sh513130,09:39:59,1766367601915,09:41:00,1766367600411,0.726,0.7263,-0.0413,5542.29,0.9044,4.0442,0,0,0.726,1.07,0.725,77132000,0.724,73456300,0.723,91971300,0.722,53343500,0.721,36050200,0.726,69133400,0.727,87626800,0.728,63384600,0.729,49185500,0.730,54657900,1504,0,0
sh513130,09:39:59,1766367602847,09:41:02,1766367602441,0.726,0.7263,-0.0413,5542.81,0.9044,4.0108,0,0,0.726,0.932,0.725,77132000,0.724,73456300,0.723,91971300,0.722,53343500,0.721,36050200,0.726,69133400,0.727,87626800,0.728,63384600,0.729,49185500,0.730,54657900,406,0,0
sh513130,09:39:59,1766367603849,09:41:02,1766367603540,0.726,0.7263,-0.0413,5542.81,0.9044,4.0108,0,0,0.726,1.002,0.725,77132000,0.724,73456300,0.723,91971300,0.722,53343500,0.721,36050200,0.726,69133400,0.727,87626800,0.728,63384600,0.729,49185500,0.730,54657900,309,0,0
sh513130,09:40:02,1766367604852,09:41:04,1766367604408,0.726,0.7263,-0.0413,5544.43,0.9044,3.5036,413700,300062,0.7253,1.003,0.725,77939200,0.724,74080900,0.723,92212300,0.722,53343500,0.721,36550200,0.726,53471700,0.727,87843000,0.728,65432700,0.729,49209600,0.730,54791400,444,0,0
sh513130,09:40:02,1766367606060,09:41:04,1766367604408,0.726,0.7263,-0.0413,5544.43,0.9044,7.762,0,0,0.726,1.208,0.725,77939200,0.724,74080900,0.723,92212300,0.722,53343500,0.721,36550200,0.726,53471700,0.727,87843000,0.728,65432700,0.729,49209600,0.730,54791400,1652,0,0
sh513130,09:40:02,1766367606849,09:41:06,1766367606557,0.726,0.7263,-0.0413,5545.09,0.9044,7.6783,0,0,0.726,0.789,0.725,77939200,0.724,74080900,0.723,92212300,0.722,53343500,0.721,36550200,0.726,53471700,0.727,87843000,0.728,65432700,0.729,49209600,0.730,54791400,292,0,0
sh513130,09:40:05,1766367607850,09:41:06,1766367606557,0.725,0.7263,-0.179,5545.09,0.9044,7.5516,930600,675605,0.726,1.0,0.725,79255200,0.724,74933600,0.723,91242100,0.722,53256900,0.721,36555200,0.726,47282100,0.727,91778800,0.728,65447800,0.729,54249600,0.730,54811400,1292,0,0
sh513130,09:40:05,1766367609042,09:41:08,1766367608794,0.725,0.7263,-0.179,5545.64,0.9044,6.8671,0,0,0.725,1.192,0.725,79255200,0.724,74933600,0.723,91242100,0.722,53256900,0.721,36555200,0.726,47282100,0.727,91778800,0.728,65447800,0.729,54249600,0.730,54811400,247,0,0
sh513130,09:40:05,1766367609853,09:41:08,1766367608794,0.725,0.7263,-0.179,5545.64,0.9044,6.868,0,0,0.725,0.811,0.725,79255200,0.724,74933600,0.723,91242100,0.722,53256900,0.721,36555200,0.726,47282100,0.727,91778800,0.728,65447800,0.729,54249600,0.730,54811400,1059,0,0
sh513130,09:40:08,1766367610852,09:41:10,1766367610435,0.726,0.7263,-0.0413,5545.0,0.9044,6.4157,8388100,6089687,0.726,0.998,0.725,80431200,0.724,76097200,0.723,91173900,0.722,53281900,0.721,36548200,0.726,39673400,0.727,91729400,0.728,65495700,0.729,54275500,0.730,55010300,416,0,0
sh513130,09:40:08,1766367611864,09:41:10,1766367610952,0.726,0.7263,-0.0413,5545.0,0.9044,6.1481,0,0,0.726,1.013,0.725,80431200,0.724,76097200,0.723,91173900,0.722,53281900,0.721,36548200,0.726,39673400,0.727,91729400,0.728,65495700,0.729,54275500,0.730,55010300,912,0,0
sh513130,09:40:11,1766367612861,09:41:12,1766367612460,0.726,0.727,-0.1376,5545.83,0.9044,5.0287,495200,359364,0.7257,0.997,0.725,74173400,0.724,74564700,0.723,91726400,0.722,53305300,0.721,36555200,0.726,41563500,0.727,92479200,0.728,65588600,0.729,54451300,0.730,55137800,401,0,0
sh513130,09:40:11,1766367613989,09:41:12,1766367613157,0.726,0.727,-0.1376,5545.83,0.9044,4.9456,0,0,0.726,1.128,0.725,74173400,0.724,74564700,0.723,91726400,0.722,53305300,0.721,36555200,0.726,41563500,0.727,92479200,0.728,65588600,0.729,54451300,0.730,55137800,831,0,0
sh513130,09:40:11,1766367614857,09:41:14,1766367614513,0.726,0.727,-0.1376,5544.88,0.9044,4.9456,0,0,0.726,0.868,0.725,74173400,0.724,74564700,0.723,91726400,0.722,53305300,0.721,36555200,0.726,41563500,0.727,92479200,0.728,65588600,0.729,54451300,0.730,55137800,343,0,0
sh513130,09:40:14,1766367615869,09:41:14,1766367615361,0.726,0.7263,-0.0413,5544.88,0.9044,4.7749,517500,375629,0.7259,1.013,0.725,75802500,0.724,74933100,0.723,91810400,0.722,53286000,0.721,36555200,0.726,46880600,0.727,89018900,0.728,65254500,0.729,54556300,0.730,55593500,507,0,0
