symbol,tx_server_time,tx_local_time,index_price,fx_rate,sentiment,price,iopv,premium_rate,tick_vol,tick_amt,tick_vwap,bp1,bv1,bp2,bv2,bp3,bv3,bp4,bv4,bp5,bv5,sp1,sv1,sp2,sv2,sp3,sv3,sp4,sv4,sp5,sv5,idx_delay_ms,fut_delay_ms,data_flags
sh513130,09:30:02,1766971807872,5547.97,0.9012,4.0111,0.724,0.7216,0.3326,0,0,0.724,0.723,21790200,0.722,32193000,0.721,29974100,0.72,25392300,0.719,24439200,0.724,17166800,0.725,17493200,0.726,24954900,0.727,21947300,0.728,18015500,599,100,1
sh513130,09:30:05,1766971808858,5547.97,0.9012,2.3888,0.723,0.7216,0.194,3389600,2453565,0.7239,0.723,25201400,0.722,32878400,0.721,30786300,0.72,27038100,0.719,23867900,0.724,19447500,0.725,19754800,0.726,24652400,0.727,22886400,0.728,18214200,1585,100,0
sh513130,09:30:08,1766971811852,5550.35,0.9012,4.7811,0.724,0.7236,0.0553,4724000,3418481,0.7236,0.723,24654500,0.722,34312900,0.721,32126400,0.72,29126400,0.719,25519300,0.724,18765700,0.725,22118400,0.726,26125500,0.727,26566500,0.728,20038400,272,100,0
sh513130,09:30:11,1766971814850,5549.64,0.9012,5.7982,0.724,0.7236,0.0553,6442200,4663702,0.7239,0.723,24662800,0.722,34491300,0.721,35111600,0.72,35289200,0.719,26561500,0.724,15074600,0.725,22374700,0.726,27180300,0.727,30049300,0.728,21795000,1119,100,0
sh513130,09:30:14,1766971815853,5552.32,0.9012,5.6073,0.724,0.7236,0.0553,2884100,2087615,0.7238,0.723,25060100,0.722,34059100,0.721,35851500,0.72,36432600,0.719,26745100,0.724,15204700,0.725,22799900,0.726,27510300,0.727,32465100,0.728,22061800,618,100,0
sh513130,09:30:17,1766971819853,5557.66,0.9012,3.5634,0.724,0.7243,-0.0414,2755300,1994696,0.7239,0.723,25389100,0.722,34346400,0.721,36685700,0.72,36957900,0.719,27067300,0.724,13857400,0.725,23013700,0.726,29118800,0.727,33221600,0.728,25191000,110,100,0
sh513130,09:30:20,1766971822850,5561.4,0.9012,4.0586,0.724,0.7243,-0.0414,8792700,6365844,0.724,0.723,25995500,0.722,37713400,0.721,39374800,0.72,35662500,0.719,26084300,0.724,7755800,0.725,23031700,0.726,28457300,0.727,34282600,0.728,26718900,519,100,0
sh513130,09:30:23,1766971825848,5560.77,0.9012,1.5497,0.724,0.7256,-0.2205,8011400,5800263,0.724,0.724,23955800,0.723,29953000,0.722,37884100,0.721,33142500,0.72,36776900,0.725,22596000,0.726,27770900,0.727,32116500,0.728,28133100,0.729,31158300,625,100,0
sh513130,09:30:26,1766971828833,5560.78,0.9012,0.4312,0.724,0.7256,-0.2205,5188900,3761367,0.7249,0.724,38795000,0.723,32049400,0.722,33544200,0.721,31765200,0.72,39621600,0.725,19036100,0.726,27906400,0.727,33209600,0.728,34553100,0.729,33461900,55,100,0
sh513130,09:30:23,1766971829847,5561.17,0.9012,0.4226,0.724,0.7256,-0.2205,0,0,0.724,0.724,23955800,0.723,29953000,0.722,37884100,0.721,33142500,0.72,36776900,0.725,22596000,0.726,27770900,0.727,32116500,0.728,28133100,0.729,31158300,577,100,1
sh513130,09:30:29,1766971830853,5561.17,0.9012,1.552,0.724,0.7256,-0.2205,9312700,6749025,0.7247,0.724,36151700,0.723,37368200,0.722,29504300,0.721,32299000,0.72,39065400,0.725,17476100,0.726,24647200,0.727,31348200,0.728,33918800,0.729,34921700,1583,100,0
sh513130,09:30:32,1766971834856,5557.51,0.9012,-1.0814,0.724,0.7256,-0.2205,7842700,5685286,0.7249,0.724,27052400,0.723,44861400,0.722,30542300,0.721,31556900,0.72,39277200,0.725,10758200,0.726,24688100,0.727,32395200,0.728,42791200,0.729,35843000,1621,100,0
sh513130,09:30:35,1766971837864,5557.89,0.9012,0.4348,0.724,0.7256,-0.2205,6848500,4964182,0.7249,0.724,25914300,0.723,45471800,0.722,30780300,0.721,31595700,0.72,39284300,0.725,5052400,0.726,24728800,0.727,37645600,0.728,38085000,0.729,35605400,444,100,0
sh513130,09:30:38,1766971840866,5556.22,0.9012,0.9736,0.724,0.7256,-0.2205,12375300,8973030,0.7251,0.724,27064900,0.723,45437500,0.722,31375600,0.721,31077700,0.72,39316300,0.725,651500,0.726,23796100,0.727,42062700,0.728,39137600,0.729,35605400,1298,100,0
sh513130,09:30:41,1766971843868,5558.72,0.9012,5.7736,0.725,0.7256,-0.0827,1305600,946560,0.725,0.725,4770000,0.724,27863600,0.723,50437500,0.722,36048400,0.721,31077700,0.726,23806700,0.727,41326600,0.728,39143000,0.729,35635400,0.73,26266600,0,100,0
sh513130,09:30:44,1766971846868,5559.58,0.9012,5.485,0.725,0.7256,-0.0827,1947200,1412249,0.7253,0.725,6572300,0.724,25820200,0.723,50551000,0.722,42296800,0.721,31076300,0.726,25541800,0.727,37183700,0.728,39148700,0.729,35835400,0.73,31684700,843,100,0
sh513130,09:30:47,1766971849871,5557.73,0.9012,2.8844,0.725,0.7256,-0.0827,881100,639600,0.7259,0.725,6886900,0.724,37336200,0.723,50884500,0.722,42296800,0.721,31076300,0.726,25265700,0.727,38203700,0.728,39158700,0.729,35870400,0.73,31740600,642,100,0
sh513130,09:30:50,1766971852877,5558.03,0.9012,3.4866,0.726,0.7256,0.0551,583500,423582,0.7259,0.725,17435400,0.724,47941600,0.723,61901500,0.722,42320600,0.721,31131300,0.726,24996500,0.727,53203700,0.728,54158700,0.729,50873400,0.73,31740600,389,100,0
sh513130,09:30:53,1766971856882,5561.56,0.9012,2.1221,0.726,0.7256,0.0551,1207000,875152,0.7251,0.725,34359100,0.724,48413300,0.723,60383900,0.722,40321300,0.721,32081400,0.726,23377800,0.727,53216700,0.728,53518300,0.729,50873400,0.73,31740700,87,100,0
sh513130,09:30:56,1766971857889,5560.7,0.9012,2.0809,0.726,0.7256,0.0551,2235400,1620878,0.7251,0.725,33308800,0.724,49285100,0.723,60184600,0.722,40397900,0.721,32089400,0.726,29587300,0.727,50528700,0.728,52315500,0.729,51637200,0.73,32789100,655,100,0
sh513130,09:30:59,1766971862888,5564.51,0.9012,1.6202,0.726,0.7263,-0.0413,1583900,1149698,0.7259,0.725,36098000,0.724,51533600,0.723,60159600,0.722,40351300,0.721,32089400,0.726,26945300,0.727,50558700,0.728,52328600,0.729,51637600,0.73,32789100,1615,100,0
sh513130,09:31:02,1766971864892,5564.83,0.9012,1.6032,0.726,0.7263,-0.0413,23706900,17211219,0.726,0.726,7090100,0.725,36430300,0.724,50273900,0.723,59955100,0.722,40003900,0.727,51950000,0.728,52369500,0.729,51741600,0.73,34556900,0.731,10969300,1619,100,0
sh513130,09:31:05,1766971868879,5566.76,0.9012,7.561,0.726,0.7263,-0.0413,3147900,2287036,0.7265,0.726,24935000,0.725,36266700,0.724,51398900,0.723,42550000,0.722,39882500,0.727,35053200,0.728,42132300,0.729,50826500,0.73,50542600,0.731,19269600,1299,100,0
sh513130,09:31:08,1766971871884,5568.86,0.9012,5.011,0.727,0.7263,0.0964,2731800,1985391,0.7268,0.726,27154900,0.725,44352200,0.724,51221200,0.723,42400000,0.722,34804500,0.727,33601400,0.728,44552900,0.729,50854500,0.73,51620900,0.731,19329600,609,100,0
sh513130,09:31:11,1766971873886,5566.03,0.9012,2.189,0.727,0.7263,0.0964,1867600,1356597,0.7264,0.726,26364600,0.725,45600100,0.724,50628500,0.723,42254900,0.722,34809700,0.727,33837400,0.728,43776800,0.729,50867300,0.73,36727500,0.731,19757900,575,100,0
sh513130,09:31:14,1766971876887,5568.21,0.9012,6.1798,0.726,0.7271,-0.1513,565600,411106,0.7268,0.726,23347100,0.725,50065200,0.724,50628500,0.723,42169500,0.722,34809700,0.727,34425900,0.728,43806800,0.729,51061800,0.73,51763500,0.731,19870000,657,100,0
sh513130,09:31:17,1766971879879,5568.88,0.9012,3.4681,0.726,0.7271,-0.1513,887000,644501,0.7266,0.726,23166700,0.725,50620700,0.724,50495000,0.723,42111200,0.722,34809700,0.727,35309300,0.728,45141600,0.729,52088700,0.73,51798500,0.731,20564900,585,100,0
sh513130,09:31:20,1766971883887,5568.55,0.9012,6.0097,0.727,0.7271,-0.0138,2059900,1497345,0.7269,0.726,36676000,0.725,49843900,0.724,49094500,0.723,34077000,0.722,34399100,0.727,50562900,0.728,46142400,0.729,52152700,0.73,37604200,0.731,20676800,656,100,0
sh513130,09:31:23,1766971885882,5568.81,0.9012,3.8968,0.726,0.7271,-0.1513,2185100,1587920,0.7267,0.726,44558200,0.725,50872200,0.724,48987900,0.723,33881100,0.722,34407400,0.727,35006500,0.728,45177700,0.729,57091800,0.73,54207700,0.731,21211800,594,100,0
sh513130,09:31:26,1766971888883,5570.45,0.9012,4.4637,0.727,0.7271,-0.0138,454600,330455,0.7269,0.726,45295600,0.725,50842600,0.724,55744500,0.723,33896200,0.722,34337300,0.727,33927400,0.728,42772700,0.729,54593100,0.73,53015800,0.731,20540700,1647,100,0
sh513130,09:31:29,1766971892889,5571.47,0.9012,2.125,0.727,0.7271,-0.0138,30856000,22432031,0.727,0.726,46507800,0.725,50858400,0.724,55557800,0.723,33839200,0.722,34342100,0.727,2256000,0.728,44584000,0.729,55442200,0.73,53203400,0.731,20548700,1596,100,0
sh513130,09:31:32,1766971894887,5571.62,0.9012,2.8085,0.727,0.7278,-0.1099,3147100,2287935,0.727,0.727,11046500,0.726,46394400,0.725,50771100,0.724,55443900,0.723,33734300,0.728,44890600,0.729,59467400,0.73,53364000,0.731,20548700,0.732,14148200,1442,100,0
sh513130,09:31:35,1766971896895,5570.26,0.9012,1.3187,0.727,0.7278,-0.1099,9469300,6886316,0.7272,0.727,5769500,0.726,46076100,0.725,51776800,0.724,55433100,0.723,33735800,0.728,43833100,0.729,57703200,0.73,53639000,0.731,20775300,0.732,14222300,1304,100,0
sh513130,09:31:32,1766971897905,5569.93,0.9012,1.2125,0.727,0.7278,-0.1099,0,0,0.727,0.727,11046500,0.726,46394400,0.725,50771100,0.724,55443900,0.723,33734300,0.728,44890600,0.729,59467400,0.73,53364000,0.731,20548700,0.732,14148200,163,100,1
sh513130,09:31:35,1766971898898,5569.93,0.9012,1.2386,0.727,0.7278,-0.1099,9469300,6886316,0.7272,0.727,5769500,0.726,46076100,0.725,51776800,0.724,55433100,0.723,33735800,0.728,43833100,0.729,57703200,0.73,53639000,0.731,20775300,0.732,14222300,1156,100,0
sh513130,09:31:38,1766971901904,5568.83,0.9012,0.5308,0.726,0.7278,-0.2473,11514000,8367514,0.7267,0.726,43829400,0.725,51790600,0.724,54271000,0.723,32952100,0.722,34470800,0.728,41091300,0.729,57083500,0.73,55103900,0.731,20741300,0.732,14322300,671,100,0
sh513130,09:31:41,1766971903891,5568.83,0.9012,2.1307,0.727,0.7278,-0.1099,5387100,3912045,0.7262,0.726,39705800,0.725,51959000,0.724,54230700,0.723,32949400,0.722,34468800,0.727,10333600,0.728,41729500,0.729,57191200,0.73,40234500,0.731,20791100,1854,100,0
sh513130,09:31:44,1766971905879,5569.12,0.9012,2.7213,0.727,0.7278,-0.1099,5365900,3901020,0.727,0.726,40338300,0.725,52000200,0.724,54195700,0.723,33043200,0.722,34503300,0.727,6068600,0.728,41062000,0.729,57243400,0.73,56340200,0.731,20935300,633,100,0
sh513130,09:31:47,1766971910865,5568.26,0.9012,2.1366,0.727,0.7278,-0.1099,10276300,7463367,0.7263,0.726,32952200,0.725,51848700,0.724,54198900,0.723,32989600,0.722,34433100,0.727,26667200,0.728,43682600,0.729,58581500,0.73,41383200,0.731,20023900,234,100,0
sh513130,09:31:50,1766971912872,5566.91,0.9012,3.4014,0.727,0.7278,-0.1099,2474700,1796880,0.7261,0.726,30938300,0.725,44723900,0.724,54271900,0.723,43022500,0.722,34433100,0.727,34641600,0.728,44237100,0.729,59019900,0.73,41521500,0.731,20023900,83,100,0
sh513130,09:31:53,1766971916871,5566.69,0.9012,1.7012,0.727,0.7278,-0.1099,3835300,2787122,0.7267,0.726,37560600,0.725,51733600,0.724,54308300,0.723,33023000,0.722,34433100,0.727,20695000,0.728,45251100,0.729,59112900,0.73,52591500,0.731,20035400,1634,100,0
sh513130,09:31:56,1766971918864,5567.61,0.9012,1.3045,0.727,0.7278,-0.1099,4767500,3461705,0.7261,0.726,35589300,0.725,51734200,0.724,54058000,0.723,33015100,0.722,34413100,0.727,24985900,0.728,45954600,0.729,56361500,0.73,57607200,0.731,20600000,1626,100,0
sh513130,09:31:59,1766971921868,5567.96,0.9012,5.8735,0.726,0.7271,-0.1513,14094300,10245088,0.7269,0.726,40483300,0.725,52037400,0.724,52138200,0.723,33015100,0.722,33407000,0.727,13910000,0.728,46068100,0.729,57456100,0.73,57890700,0.731,20615500,452,100,0
sh513130,09:32:02,1766971925856,5568.14,0.9012,1.0213,0.727,0.7278,-0.1099,6930300,5036787,0.7268,0.726,39617400,0.725,52054800,0.724,46758200,0.723,32815100,0.722,33429200,0.727,13436100,0.728,45425800,0.729,60528300,0.73,57935400,0.731,22125500,143,100,0
sh513130,09:32:05,1766971927853,5570.48,0.9012,0.9023,0.727,0.7278,-0.1099,9474800,6886938,0.7269,0.727,12905600,0.726,40934000,0.725,52384800,0.724,46759600,0.723,32814100,0.728,50593500,0.729,63283400,0.73,58216300,0.731,22133400,0.732,15352000,606,100,0
sh513130,09:32:08,1766971931826,5572.85,0.9012,0.448,0.727,0.7278,-0.1099,2434000,1769549,0.727,0.727,14904800,0.726,39931100,0.725,41531600,0.724,36873200,0.723,27814100,0.728,37447000,0.729,38608400,0.73,43429300,0.731,22229000,0.732,25171700,597,100,0
sh513130,09:32:11,1766971933830,5571.71,0.9012,0.7251,0.727,0.7278,-0.1099,2977700,2164827,0.727,0.727,24629100,0.726,40235600,0.725,39266900,0.724,28904000,0.723,27901100,0.728,38664500,0.729,38689800,0.73,43455000,0.731,22358000,0.732,25437100,615,100,0
sh513130,09:32:14,1766971936824,5572.28,0.9012,0.5983,0.727,0.7277,-0.0962,3422300,2489772,0.7275,0.727,22631100,0.726,41657400,0.725,40332500,0.724,28819500,0.723,27901100,0.728,37823000,0.729,36168800,0.73,43536700,0.731,22362000,0.732,25437100,358,100,0
sh513130,09:32:17,1766971939810,5574.53,0.9012,2.536,0.727,0.7277,-0.0962,1673400,1217042,0.7273,0.727,30586900,0.726,41900700,0.725,39667400,0.724,28874700,0.723,27018900,0.728,37328900,0.729,37168900,0.73,43781400,0.731,24849000,0.732,25500400,543,100,0
sh513130,09:32:20,1766971942806,5573.35,0.9012,1.9531,0.728,0.7277,0.0412,2012100,1462871,0.727,0.727,8286900,0.726,36031700,0.725,40667400,0.724,32454700,0.723,27018900,0.728,37439600,0.729,42491300,0.73,44017200,0.731,26505900,0.732,20244400,1538,100,0
sh513130,09:32:23,1766971946780,5572.72,0.9012,0.3694,0.727,0.7277,-0.0962,9439800,6862014,0.7269,0.726,35307800,0.725,40752800,0.724,32691500,0.723,31951800,0.722,34406800,0.727,26499400,0.728,35881300,0.729,45270000,0.73,44135800,0.731,25528000,1519,100,0
sh513130,09:32:26,1766971948778,5571.54,0.9012,2.582,0.727,0.7277,-0.0962,1546500,1123147,0.7263,0.726,34484200,0.725,41827800,0.724,32630800,0.723,31951800,0.722,34406800,0.727,29500600,0.728,39849800,0.729,45289000,0.73,44186700,0.731,25516100,1526,100,0
sh513130,09:32:29,1766971951774,5569.52,0.9012,2.3297,0.727,0.7277,-0.0962,1839400,1336062,0.7264,0.726,33052200,0.725,41827800,0.724,32667000,0.723,31943800,0.722,34396800,0.727,31506100,0.728,39118600,0.729,45344400,0.73,44295100,0.731,25603600,204,100,0
sh513130,09:32:32,1766971954761,5570.98,0.9012,4.5541,0.727,0.7277,-0.0962,1522900,1106760,0.7267,0.726,33297500,0.725,41827800,0.724,32698000,0.723,31903800,0.722,34289200,0.727,31358900,0.728,37080100,0.729,45553900,0.73,44401300,0.731,25995000,1047,100,0
sh513130,09:32:35,1766971958758,5572.17,0.9012,6.0973,0.727,0.7277,-0.0962,1109800,806017,0.7263,0.726,49790400,0.725,41862900,0.724,32745400,0.723,31791200,0.722,34289700,0.727,15792700,0.728,37095000,0.729,43063800,0.73,44459700,0.731,25598700,738,100,0
sh513130,09:32:38,1766971960754,5572.73,0.9012,4.6543,0.727,0.7277,-0.0962,11406000,8292044,0.727,0.727,37414100,0.726,58662100,0.725,46867400,0.724,34265400,0.723,26818800,0.728,54541600,0.729,58539100,0.73,59554700,0.731,25850500,0.732,17745100,585,100,0
sh513130,09:32:41,1766971963746,5575.11,0.9012,3.4518,0.727,0.7277,-0.0962,3002900,2183432,0.7271,0.727,42239200,0.726,59567800,0.725,45889200,0.724,29380700,0.723,26741500,0.728,54466500,0.729,52684500,0.73,59780400,0.731,25861200,0.732,26001100,442,100,0
sh513130,09:32:44,1766971966750,5574.22,0.9012,4.2819,0.727,0.7277,-0.0962,2062500,1499437,0.727,0.727,42141000,0.726,60423800,0.725,46019900,0.724,29628800,0.723,26772500,0.728,56146900,0.729,51787100,0.73,60385800,0.731,26683400,0.732,26021100,120,100,0
sh513130,09:32:47,1766971969732,5575.03,0.9012,3.1203,0.727,0.7284,-0.1922,585200,425464,0.727,0.727,43510000,0.726,59434500,0.725,46004800,0.724,29819900,0.723,26792100,0.728,56782700,0.729,52949700,0.73,60729300,0.731,25693400,0.732,26077900,422,100,0
sh513130,09:32:50,1766971972736,5575.75,0.9012,1.9584,0.727,0.7284,-0.1922,552300,401598,0.7271,0.727,43118000,0.726,59455600,0.725,46119000,0.724,29850900,0.723,26845900,0.728,42728300,0.729,52119400,0.73,61907700,0.731,41683400,0.732,26255700,1458,100,0
sh513130,09:32:53,1766971975715,5576.3,0.9012,1.4271,0.727,0.7284,-0.1922,826600,601292,0.7274,0.727,40311500,0.726,55622800,0.725,45054000,0.724,29789800,0.723,26845900,0.728,43139600,0.729,50795800,0.73,61190800,0.731,41683500,0.732,26255700,14,100,0
sh513130,09:32:56,1766971978700,5575.55,0.9012,0.1693,0.727,0.7284,-0.1922,634300,461444,0.7275,0.727,40774500,0.726,55756400,0.725,44762300,0.724,29795800,0.723,29245900,0.728,44835600,0.729,52288500,0.73,62293600,0.731,41703500,0.732,26273300,1302,100,0
sh513130,09:32:59,1766971981691,5575.31,0.9012,1.5603,0.727,0.7284,-0.1922,1137000,827386,0.7277,0.727,40710200,0.726,54954100,0.725,44884100,0.724,29795800,0.723,29225100,0.728,44717200,0.729,52422900,0.73,63339400,0.731,42703500,0.732,26950800,488,100,0
sh513130,09:33:02,1766971984698,5573.68,0.9012,3.7345,0.728,0.7277,0.0412,4605000,3350608,0.7276,0.727,21949600,0.726,57986300,0.725,45879100,0.724,29846700,0.723,28537300,0.728,58904900,0.729,66195000,0.73,64647000,0.731,27716500,0.732,16398600,843,100,0
sh513130,09:33:05,1766971988698,5574.97,0.9012,3.5841,0.728,0.7277,0.0412,3338700,2429311,0.7276,0.727,51234800,0.726,57184300,0.725,45880600,0.724,24995200,0.723,28658100,0.728,42882200,0.729,62237100,0.73,65652000,0.731,27716500,0.732,20663700,517,100,0
sh513130,09:33:08,1766971990688,5575.24,0.9012,3.0469,0.728,0.7284,-0.0549,25320200,18431352,0.7279,0.727,50204000,0.726,55675500,0.725,45892600,0.724,25005200,0.723,28658100,0.728,19898500,0.729,60927100,0.73,65773800,0.731,42766500,0.732,22293700,357,100,0
sh513130,09:33:11,1766971994662,5577.9,0.9012,4.2498,0.728,0.7284,-0.0549,48753100,35492047,0.728,0.728,369800,0.727,50114600,0.726,56903600,0.725,44833100,0.724,24987700,0.729,54650000,0.73,66943700,0.731,47892000,0.732,27662000,0.733,16197800,38,100,0
sh513130,09:33:14,1766971997655,5576.35,0.9012,3.8382,0.728,0.7285,-0.0686,5231600,3807605,0.7278,0.728,15761400,0.727,51686100,0.726,56589100,0.725,46080800,0.724,24987700,0.729,54680400,0.73,66921000,0.731,47965600,0.732,30024600,0.733,16197900,423,100,0
sh513130,09:33:17,1766971999667,5577.71,0.9012,4.5364,0.729,0.7285,0.0686,6701500,4878709,0.728,0.728,5687100,0.727,48411500,0.726,56609700,0.725,41080800,0.724,25020700,0.729,54745100,0.73,67117500,0.731,48085400,0.732,29200300,0.733,16197900,267,100,0
sh513130,09:33:20,1766972002648,5577.37,0.9012,6.0756,0.728,0.7285,-0.0686,10746400,7823394,0.728,0.727,47238800,0.726,51813900,0.725,41014200,0.724,24986500,0.723,25194000,0.728,500000,0.729,55403100,0.73,67152200,0.731,48106600,0.732,29081200,1426,100,0
sh513130,09:33:23,1766972006651,5576.37,0.9012,4.6301,0.728,0.7285,-0.0686,3723000,2708293,0.7274,0.727,48299900,0.726,51753600,0.725,40964200,0.724,24986500,0.723,25193500,0.728,7333800,0.729,55023900,0.73,67914600,0.731,48135600,0.732,29143400,1218,100,0
sh513130,09:33:26,1766972009649,5575.74,0.9012,2.5785,0.728,0.7285,-0.0686,3770700,2744044,0.7277,0.727,46155100,0.726,52170200,0.725,38945400,0.724,25101500,0.723,25281400,0.728,8543000,0.729,59857700,0.73,66910500,0.731,45205700,0.732,29171900,395,100,0
sh513130,09:33:29,1766972012626,5575.93,0.9012,4.3935,0.727,0.7285,-0.2059,3522700,2561963,0.7273,0.727,47139600,0.726,51935300,0.725,39333000,0.724,25101500,0.723,25275400,0.728,15871300,0.729,65445300,0.73,67072100,0.731,45225700,0.732,23971700,755,100,0
sh513130,09:33:32,1766972015628,5575.94,0.9012,3.3731,0.727,0.7285,-0.2059,2183500,1588553,0.7275,0.727,46841800,0.726,51912200,0.725,45589900,0.724,25171600,0.723,25266200,0.728,16095400,0.729,64906800,0.73,68975400,0.731,48499200,0.732,24075800,392,100,0
sh513130,09:33:35,1766972017621,5575.72,0.9012,2.6282,0.727,0.7285,-0.2059,1700600,1237532,0.7277,0.727,48203400,0.726,51159700,0.725,45602900,0.724,25171600,0.723,25225900,0.728,17005800,0.729,68340800,0.73,69028100,0.731,45549200,0.732,24033800,362,100,0
sh513130,09:33:38,1766972020614,5575.36,0.9012,1.409,0.728,0.7285,-0.0686,1553000,1130107,0.7277,0.727,51574500,0.726,50863300,0.725,45602900,0.724,25171600,0.723,25235900,0.728,18102900,0.729,64150800,0.73,69073000,0.731,48594200,0.732,23933800,99,100,0
sh513130,09:33:41,1766972024600,5575.87,0.9012,1.7662,0.728,0.7285,-0.0686,907000,659784,0.7274,0.727,51651500,0.726,50863300,0.725,47598700,0.724,25167100,0.723,25255900,0.728,17362000,0.729,67580300,0.73,69283700,0.731,45688200,0.732,24005400,1377,100,0
sh513130,09:33:44,1766972027589,5575.8,0.9012,1.491,0.728,0.7285,-0.0686,821300,597650,0.7277,0.727,52096500,0.726,49865300,0.725,47593700,0.724,24167100,0.723,25656900,0.728,21409400,0.729,69457600,0.73,69455100,0.731,49335600,0.732,20154700,372,100,0
sh513130,09:33:47,1766972029584,5574.79,0.9012,1.1924,0.728,0.7285,-0.0686,2371000,1724965,0.7275,0.727,50048300,0.726,50940900,0.725,47706700,0.724,25176100,0.723,25658900,0.728,22571300,0.729,73742600,0.73,70976800,0.731,46165600,0.732,20138400,322,100,0
sh513130,09:33:50,1766972032575,5575.01,0.9012,3.3941,0.728,0.7285,-0.0686,1496100,1088495,0.7276,0.727,51641700,0.726,51021200,0.725,47646700,0.724,25859900,0.723,26224100,0.728,21775600,0.729,72766500,0.73,71461400,0.731,45249800,0.732,20150300,1278,100,0
sh513130,09:33:53,1766972035566,5576.52,0.9012,2.86,0.728,0.7285,-0.0686,2153500,1566230,0.7273,0.727,50897300,0.726,51021200,0.725,47710200,0.724,25859900,0.723,26224100,0.728,22998000,0.729,69876900,0.73,71448500,0.731,48231500,0.732,20175300,342,100,0
sh513130,09:33:56,1766972039554,5577.74,0.9012,3.9824,0.728,0.7285,-0.0686,2519200,1833398,0.7278,0.727,51350700,0.726,51021200,0.725,46720200,0.724,25721800,0.723,26224100,0.728,14239600,0.729,61214400,0.73,70680500,0.731,48259600,0.732,29939000,314,100,0
sh513130,09:33:59,1766972042543,5576.79,0.9012,2.4389,0.727,0.7285,-0.2059,1748900,1271589,0.7271,0.727,49696400,0.726,51536600,0.725,46790200,0.724,25782500,0.723,26224100,0.728,11833300,0.729,62782800,0.73,72162600,0.731,48757400,0.732,30089800,523,100,0
sh513130,09:34:02,1766972045530,5579.46,0.9012,3.4455,0.728,0.7285,-0.0686,17105100,12451314,0.7279,0.728,14975100,0.727,48543000,0.726,51587400,0.725,41790700,0.724,25782500,0.729,62736900,0.73,72781800,0.731,48814800,0.732,30208800,0.733,17693500,296,100,0
sh513130,09:34:05,1766972047498,5580.13,0.9012,2.4559,0.728,0.7285,-0.0686,1669700,1215591,0.728,0.728,16688200,0.727,47544900,0.726,47304100,0.725,38790700,0.724,25616100,0.729,62491000,0.73,73917700,0.731,48819200,0.732,30621600,0.733,17683500,195,100,0
sh513130,09:34:08,1766972050482,5581.37,0.9012,3.6962,0.729,0.7291,-0.0137,9923600,7224393,0.728,0.728,24282800,0.727,43099500,0.726,42993100,0.725,30804800,0.724,25636100,0.729,48030400,0.73,59280900,0.731,33852100,0.732,30660200,0.733,17688500,1210,100,0
sh513130,09:34:11,1766972053467,5581.09,0.9012,3.3871,0.728,0.7291,-0.1509,2152400,1567129,0.7281,0.728,25859800,0.727,42512600,0.726,42083100,0.725,30804800,0.724,25625600,0.729,48945800,0.73,60780700,0.731,33922100,0.732,30660200,0.733,17688500,162,100,0
sh513130,09:34:14,1766972056455,5583.33,0.9012,2.6412,0.728,0.7292,-0.1646,1947800,1418202,0.7281,0.728,29903900,0.727,40343000,0.726,42183500,0.725,30804800,0.724,25625600,0.729,49418400,0.73,56604300,0.731,33922100,0.732,31731400,0.733,20698500,1173,100,0
sh513130,09:34:17,1766972059444,5583.4,0.9012,2.0128,0.729,0.7292,-0.0274,515800,375550,0.7281,0.728,32882500,0.727,41275400,0.726,41206400,0.725,30599300,0.724,25799700,0.729,48556400,0.73,59617300,0.731,34922100,0.732,31988200,0.733,17868500,188,100,0
sh513130,09:34:20,1766972062432,5583.91,0.9012,2.3591,0.729,0.7292,-0.0274,1021200,743518,0.7281,0.728,32170800,0.727,40436100,0.726,41283400,0.725,30595300,0.724,25819700,0.729,49987900,0.73,60710800,0.731,34975600,0.732,31988200,0.733,18014500,1019,100,0
sh513130,09:34:23,1766972065410,5584.78,0.9012,0.4549,0.729,0.7299,-0.1233,2705000,1971328,0.7288,0.728,32843700,0.727,38993700,0.726,39799000,0.725,30595300,0.724,25899700,0.729,49510700,0.73,61883100,0.731,35007600,0.732,31988200,0.733,18035000,218,100,0
sh513130,09:34:26,1766972068415,5584.85,0.9012,1.3278,0.729,0.7299,-0.1233,1543000,1123761,0.7283,0.728,39572300,0.727,43498700,0.726,45789000,0.725,30645300,0.724,25937100,0.729,53709100,0.73,60668400,0.731,35011600,0.732,32004200,0.733,18130000,551,100,0
sh513130,09:34:29,1766972072406,5583.72,0.9012,1.469,0.729,0.7292,-0.0274,1844300,1343974,0.7287,0.728,42126400,0.727,46619700,0.726,48595400,0.725,30645300,0.724,25937100,0.729,54695600,0.73,75686600,0.731,49116600,0.732,47064200,0.733,19011700,236,100,0
sh513130,09:34:32,1766972075392,5585.23,0.9012,0.8936,0.729,0.7292,-0.0274,1003300,730503,0.7281,0.728,44709000,0.727,47162800,0.726,48666400,0.725,30697300,0.724,25939100,0.729,55148200,0.73,78263000,0.731,49323100,0.732,47114200,0.733,19043700,193,100,0
sh513130,09:34:35,1766972077375,5585.26,0.9012,2.2257,0.729,0.7292,-0.0274,3899600,2842477,0.7289,0.728,45582500,0.727,46646700,0.726,47656800,0.725,30677300,0.724,26072000,0.729,47633900,0.73,80330400,0.731,50340900,0.732,47114100,0.733,19559600,119,100,0
sh513130,09:34:38,1766972080362,5585.25,0.9012,1.4576,0.729,0.7292,-0.0274,1811300,1318765,0.7281,0.728,48028600,0.727,46806700,0.726,47677800,0.725,30677300,0.724,26143000,0.729,48397500,0.73,78498300,0.731,52352900,0.732,53236600,0.733,19659600,1113,100,0
sh513130,09:34:41,1766972083340,5585.11,0.9012,2.3638,0.729,0.7292,-0.0274,1778100,1296158,0.729,0.728,48149300,0.727,46497800,0.726,47677400,0.725,30677300,0.724,26407200,0.729,47081600,0.73,81768400,0.731,52371900,0.732,50319600,0.733,22696100,67,100,0
sh513130,09:34:44,1766972086328,5584.81,0.9012,2.915,0.729,0.7292,-0.0274,1053300,767720,0.7289,0.728,47779600,0.727,46947900,0.726,48577400,0.725,30697300,0.724,26408300,0.729,47396000,0.73,83566400,0.731,53095400,0.732,50319600,0.733,23029700,1118,100,0
sh513130,09:34:47,1766972090315,5583.58,0.9012,3.5649,0.728,0.7292,-0.1646,695200,506620,0.7287,0.728,48473200,0.727,47047900,0.726,48531000,0.725,31025500,0.724,25650500,0.729,51496700,0.73,83828500,0.731,53103400,0.732,50057200,0.733,23030200,931,100,0
sh513130,09:34:50,1766972093303,5584.18,0.9012,4.2182,0.729,0.7292,-0.0274,2859000,2082915,0.7285,0.728,48147200,0.727,46883800,0.726,48527000,0.725,31022500,0.724,25651000,0.729,51332000,0.73,82767000,0.731,54115400,0.732,50736200,0.733,23033200,84,100,0
sh513130,09:34:53,1766972095290,5585.53,0.9012,4.3592,0.729,0.7292,-0.0274,650400,474004,0.7288,0.728,49800600,0.727,46951300,0.726,47429600,0.725,31029500,0.724,25640700,0.729,52142100,0.73,80108800,0.731,54140900,0.732,50898300,0.733,23088700,0,100,0
sh513130,09:34:56,1766972099260,5586.17,0.9012,5.2939,0.729,0.7292,-0.0274,720800,524961,0.7283,0.728,49742200,0.727,47493300,0.726,47359600,0.725,31029500,0.724,25750700,0.729,51292500,0.73,81604700,0.731,54155000,0.732,53869300,0.733,23430600,0,100,0
sh513130,09:34:59,1766972101251,5588.07,0.9012,4.0019,0.729,0.7292,-0.0274,42947100,31307925,0.729,0.728,51947200,0.727,47589100,0.726,47465000,0.725,31975500,0.724,25753700,0.729,4210600,0.73,76178000,0.731,52955900,0.732,54352300,0.733,33414300,83,100,0
sh513130,09:34:56,1766972102245,5588.07,0.9012,5.1211,0.729,0.7292,-0.0274,0,0,0.729,0.728,49742200,0.727,47493300,0.726,47359600,0.725,31029500,0.724,25750700,0.729,51292500,0.73,81604700,0.731,54155000,0.732,53869300,0.733,23430600,967,100,1
sh513130,09:34:59,1766972103245,5587.64,0.9012,5.0372,0.729,0.7292,-0.0274,42947100,31307925,0.729,0.728,51947200,0.727,47589100,0.726,47465000,0.725,31975500,0.724,25753700,0.729,4210600,0.73,76178000,0.731,52955900,0.732,54352300,0.733,33414300,14,100,0
sh513130,09:35:02,1766972105227,5588.35,0.9012,4.5887,0.729,0.7299,-0.1233,5929900,4322893,0.729,0.729,38818600,0.728,54803000,0.727,41089500,0.726,25401400,0.725,31993000,0.73,80591700,0.731,55404600,0.732,54418100,0.733,33620500,0.734,16362800,15,100,0
sh513130,09:35:05,1766972108204,5589.05,0.9012,3.584,0.729,0.7299,-0.1233,1440000,1050761,0.7297,0.729,51390900,0.728,56009600,0.727,42213000,0.726,16946200,0.725,32174100,0.73,79952200,0.731,55464200,0.732,55414400,0.733,33520500,0.734,16362900,935,100,0
sh513130,09:35:08,1766972112178,5590.15,0.9012,4.0328,0.73,0.7299,0.0137,1388000,1012883,0.7297,0.729,52914200,0.728,55932400,0.727,41180300,0.726,17136200,0.725,32174100,0.73,78553700,0.731,55628600,0.732,55448100,0.733,33620500,0.734,16362900,984,100,0
sh513130,09:35:11,1766972113164,5590.15,0.9012,5.5035,0.73,0.7299,0.0137,2998700,2187145,0.7294,0.729,47021900,0.728,56655400,0.727,41125000,0.726,19735900,0.725,32174100,0.73,78715700,0.731,55766700,0.732,55450100,0.733,33622500,0.734,16408000,81,100,0
sh513130,09:35:14,1766972118159,5587.71,0.9012,1.0618,0.73,0.7299,0.0137,1524300,1112309,0.7297,0.729,38815500,0.728,52682200,0.727,43412500,0.726,25485900,0.725,32204100,0.73,63150300,0.731,55913500,0.732,55460400,0.733,33510100,0.734,17118300,770,100,0
sh513130,09:35:17,1766972120147,5588.28,0.9012,3.9186,0.73,0.7299,0.0137,534500,390063,0.7298,0.729,22001200,0.728,57832900,0.727,44393500,0.726,28247600,0.725,32204100,0.73,86992000,0.731,55966700,0.732,55752000,0.733,23828400,0.734,16999900,593,100,0
sh513130,09:35:20,1766972123161,5587.95,0.9012,1.8576,0.73,0.7299,0.0137,1262600,921093,0.7295,0.729,16075600,0.728,57808500,0.727,45419300,0.726,33662200,0.725,32087400,0.73,87778800,0.731,56070500,0.732,55883700,0.733,24003900,0.734,17035900,1458,100,0
sh513130,09:35:23,1766972127175,5586.98,0.9012,1.5193,0.73,0.7299,0.0137,3035200,2215316,0.7299,0.729,18251000,0.728,58054900,0.727,45408800,0.726,33644700,0.725,32037000,0.73,81051000,0.731,56137800,0.732,55898000,0.733,30807200,0.734,16988900,1175,100,0
sh513130,09:35:26,1766972129162,5586.41,0.9012,1.4448,0.729,0.7299,-0.1233,3892300,2839570,0.7295,0.729,25268000,0.728,58055900,0.727,45213000,0.726,33646700,0.725,32037000,0.73,76656000,0.731,56180700,0.732,55978300,0.733,35000200,0.734,17008900,13,100,0
sh513130,09:35:29,1766972132190,5585.62,0.9012,2.9416,0.729,0.7299,-0.1233,13892200,10127882,0.729,0.728,59247300,0.727,47091000,0.726,35489100,0.725,33987000,0.724,23487000,0.729,32825700,0.73,85740900,0.731,56280200,0.732,57501800,0.733,25281800,736,100,0
sh513130,09:35:32,1766972135205,5586.84,0.9012,7.9842,0.729,0.7299,-0.1233,10316800,7520925,0.729,0.728,59440300,0.727,47110500,0.726,35581600,0.725,33989000,0.724,23497000,0.729,23373300,0.73,85277400,0.731,56355200,0.732,57201200,0.733,25378300,47,100,0
sh513130,09:35:35,1766972137196,5587.02,0.9012,5.6991,0.728,0.7299,-0.2603,1425300,1039019,0.729,0.728,59418600,0.727,47121600,0.726,35581600,0.725,33989000,0.724,23477000,0.729,16080900,0.73,85480300,0.731,56626200,0.732,56346100,0.733,24893900,46,100,0
sh513130,09:35:38,1766972141223,5584.79,0.9012,4.4334,0.729,0.7299,-0.1233,1810500,1319662,0.7289,0.728,59569900,0.727,47204500,0.726,35582300,0.725,34094000,0.724,23497600,0.729,17375200,0.73,88548800,0.731,56865900,0.732,54319600,0.733,24994500,48,100,0
sh513130,09:35:41,1766972144232,5584.17,0.9012,3.173,0.729,0.7299,-0.1233,1488700,1085199,0.729,0.728,59703700,0.727,47194900,0.726,36572300,0.725,34629600,0.724,23497600,0.729,18463000,0.73,91200700,0.731,57020900,0.732,54598600,0.733,25051700,991,100,0
sh513130,09:35:44,1766972147229,5585.13,0.9012,1.7327,0.729,0.7299,-0.1233,1064900,775986,0.7287,0.728,57770000,0.727,47243600,0.726,37631800,0.725,34636600,0.724,23996200,0.729,20013200,0.73,91706400,0.731,57073200,0.732,55675000,0.733,25186500,2,100,0
sh513130,09:35:47,1766972150227,5584.77,0.9012,2.5254,0.728,0.7299,-0.2603,593800,432848,0.7289,0.728,59205400,0.727,47350700,0.726,36646800,0.725,34636600,0.724,24003900,0.729,20503300,0.73,92010100,0.731,57257500,0.732,55766200,0.733,24238500,526,100,0
sh513130,09:35:50,1766972152225,5585.58,0.9012,2.6934,0.729,0.7299,-0.1233,2095400,1527035,0.7288,0.728,59158100,0.727,47277700,0.726,36814300,0.725,34636600,0.724,24004000,0.729,23281200,0.73,92227700,0.731,57245000,0.732,55884100,0.733,24270800,372,100,0
sh513130,09:35:47,1766972153234,5585.3,0.9012,2.6889,0.728,0.7299,-0.2603,0,0,0.728,0.728,59205400,0.727,47350700,0.726,36646800,0.725,34636600,0.724,24003900,0.729,20503300,0.73,92010100,0.731,57257500,0.732,55766200,0.733,24238500,62,100,1
sh513130,09:35:50,1766972154231,5585.3,0.9012,2.2683,0.729,0.7299,-0.1233,2095400,1527035,0.7288,0.728,59158100,0.727,47277700,0.726,36814300,0.725,34636600,0.724,24004000,0.729,23281200,0.73,92227700,0.731,57245000,0.732,55884100,0.733,24270800,141,100,0
sh513130,09:35:53,1766972155224,5583.01,0.9012,2.8505,0.728,0.7299,-0.2603,1594000,1161636,0.7288,0.728,58785600,0.727,46297000,0.726,37216500,0.725,34444800,0.724,24004000,0.729,35331700,0.73,94122400,0.731,57220000,0.732,47140400,0.733,24309800,63,100,0
sh513130,09:35:56,1766972159234,5584.8,0.9012,2.949,0.728,0.7299,-0.2603,6233900,4543581,0.7289,0.728,59793800,0.727,47167000,0.726,38167400,0.725,34483300,0.724,24086000,0.729,37620500,0.73,95870600,0.731,57244900,0.732,41957500,0.733,24364800,62,100,0
sh513130,09:35:59,1766972161233,5583.72,0.9012,2.6531,0.729,0.7293,-0.0411,205400,149631,0.7285,0.728,57968300,0.727,47188000,0.726,38179400,0.725,34494300,0.724,23807000,0.729,40983600,0.73,95449800,0.731,57197000,0.732,43078000,0.733,24505000,69,100,0
sh513130,09:36:02,1766972165234,5584.84,0.9012,2.2429,0.728,0.7293,-0.1783,2770900,2019533,0.7288,0.728,60860100,0.727,47281000,0.726,38197700,0.725,34498500,0.724,23707000,0.729,25922600,0.73,94792600,0.731,57395900,0.732,58197300,0.733,27578500,65,100,0
sh513130,09:36:05,1766972167252,5583.72,0.9012,1.2825,0.728,0.7293,-0.1783,2119400,1543622,0.7283,0.728,65572900,0.727,47322400,0.726,38307700,0.725,34598500,0.724,23807000,0.729,36308400,0.73,93758800,0.731,57899900,0.732,58208700,0.733,25279500,78,100,0
sh513130,09:36:08,1766972171241,5582.3,0.9012,3.4085,0.728,0.7293,-0.1783,285100,207694,0.7285,0.728,57410600,0.727,46317900,0.726,39345500,0.725,39595500,0.724,23807200,0.729,64557300,0.73,96766400,0.731,57944800,0.732,34452800,0.733,26016800,78,100,0
sh513130,09:36:11,1766972174250,5581.88,0.9012,3.7007,0.728,0.7293,-0.1783,591300,430869,0.7287,0.728,52824900,0.727,53341200,0.726,41574900,0.725,39735700,0.724,25787200,0.729,67115800,0.73,96885300,0.731,58674800,0.732,34461800,0.733,26255100,819,100,0
sh513130,09:36:14,1766972177247,5581.09,0.9012,2.6486,0.729,0.7292,-0.0274,185000,134684,0.728,0.728,46863200,0.727,53386800,0.726,42010700,0.725,39804900,0.724,25794900,0.729,68222200,0.73,96967300,0.731,58657000,0.732,34461900,0.733,26287800,0,100,0
sh513130,09:36:17,1766972180245,5579.93,0.9012,0.2853,0.729,0.7292,-0.0274,4583800,3337082,0.728,0.728,17246800,0.727,50440500,0.726,51003300,0.725,31869100,0.724,25794900,0.729,69082900,0.73,97353500,0.731,57656100,0.732,34429600,0.733,26158200,349,100,0
sh513130,09:36:20,1766972183244,5580.81,0.9012,2.2105,0.728,0.7292,-0.1646,17750200,12920858,0.7279,0.727,58481900,0.726,52007400,0.725,36470100,0.724,26819700,0.723,28219500,0.728,13262600,0.729,65977900,0.73,94286200,0.731,57712100,0.732,34753900,3,100,0
sh513130,09:36:23,1766972186253,5580.26,0.9012,2.2054,0.728,0.7292,-0.1646,15612500,11366029,0.728,0.728,44659000,0.727,58468700,0.726,52163400,0.725,34845100,0.724,25947800,0.729,69271400,0.73,96361300,0.731,55772100,0.732,34814400,0.733,26289200,1010,100,0
sh513130,09:36:26,1766972189250,5581.4,0.9012,2.6293,0.728,0.7292,-0.1646,845900,616080,0.7283,0.728,43551400,0.727,58640100,0.726,52163400,0.725,29558100,0.724,26061900,0.729,67561600,0.73,96460800,0.731,57986500,0.732,35180400,0.733,26318700,13,100,0
sh513130,09:36:29,1766972192250,5579.75,0.9012,2.1124,0.728,0.7292,-0.1646,1984700,1445052,0.7281,0.728,45554700,0.727,55989200,0.726,50668400,0.725,30927300,0.724,26065900,0.729,67937300,0.73,97947000,0.731,58972800,0.732,35114000,0.733,25910900,989,100,0
sh513130,09:36:32,1766972195254,5579.86,0.9012,2.7556,0.729,0.7292,-0.0274,585500,426467,0.7284,0.728,26104500,0.727,56462200,0.726,51858400,0.725,30456700,0.724,26055900,0.729,69191900,0.73,98413500,0.731,58122800,0.732,35114000,0.733,25910900,10,100,0
sh513130,09:36:35,1766972198256,5579.74,0.9012,2.6995,0.729,0.7292,-0.0274,1127600,821240,0.7283,0.728,24126400,0.727,56550100,0.726,51786400,0.725,32456700,0.724,26060900,0.729,70538200,0.73,99458800,0.731,57122800,0.732,36083100,0.733,25972200,991,100,0
sh513130,09:36:38,1766972201258,5578.27,0.9012,0.5142,0.729,0.7292,-0.0274,1464600,1066292,0.728,0.728,44201300,0.727,56604900,0.726,51786500,0.725,30156700,0.724,26060900,0.729,73802500,0.73,99032100,0.731,57122800,0.732,36172300,0.733,27021100,11,100,0
sh513130,09:36:41,1766972204239,5578.62,0.9012,-1.5004,0.728,0.7292,-0.1646,41600,30288,0.7281,0.728,42691400,0.727,57248700,0.726,51788500,0.725,30086700,0.724,26198900,0.729,75315400,0.73,99134400,0.731,56303100,0.732,36172300,0.733,26823100,662,100,0
sh513130,09:36:44,1766972207251,5577.97,0.9012,1.3875,0.728,0.7286,-0.0823,6167000,4495635,0.729,0.728,47821800,0.727,59167000,0.726,51740500,0.725,30086700,0.724,26233900,0.729,56577300,0.73,99946400,0.731,56303100,0.732,36222600,0.733,26869000,64,100,0
sh513130,09:36:47,1766972211231,5577.33,0.9012,2.3393,0.728,0.7292,-0.1646,11588500,8436514,0.728,0.727,58189000,0.726,51830500,0.725,32443700,0.724,26235900,0.723,28288400,0.728,649300,0.729,70626600,0.73,102552300,0.731,56296100,0.732,36368700,64,100,0
sh513130,09:36:50,1766972212228,5577.33,0.9012,1.0568,0.728,0.7292,-0.1646,1040000,757120,0.728,0.727,58186600,0.726,52832600,0.725,37853700,0.724,30550600,0.723,28155500,0.728,4975700,0.729,70303900,0.73,101735200,0.731,55309700,0.732,36348700,34,100,0
sh513130,09:36:53,1766972216216,5577.25,0.9012,2.933,0.727,0.7293,-0.3154,1798000,1308710,0.7279,0.727,58001100,0.726,52838600,0.725,37612900,0.724,31850700,0.723,31549000,0.728,13316600,0.729,66170800,0.73,103150200,0.731,55539700,0.732,36203000,935,100,0
sh513130,09:36:56,1766972219212,5577.32,0.9012,1.8391,0.727,0.7293,-0.3154,820800,596913,0.7272,0.727,57662400,0.726,52886300,0.725,38721200,0.724,32647100,0.723,31579200,0.728,13977700,0.729,66189500,0.73,102235000,0.731,55527400,0.732,36478100,46,100,0
sh513130,09:36:59,1766972222215,5576.07,0.9012,1.8499,0.728,0.7286,-0.0823,2059900,1498989,0.7277,0.727,58049500,0.726,52899600,0.725,37751600,0.724,33519000,0.723,31579200,0.728,13541700,0.729,66328000,0.73,102589500,0.731,55547400,0.732,36453200,1003,100,0
sh513130,09:37:02,1766972225220,5576.36,0.9012,1.9879,0.728,0.7293,-0.1783,2563300,1866056,0.728,0.727,58127200,0.726,53021000,0.725,37811600,0.724,34390900,0.723,31579200,0.728,4250900,0.729,68694600,0.73,102783800,0.731,55547600,0.732,36553200,3,100,0
sh513130,09:37:05,1766972228215,5577.74,0.9012,3.2019,0.727,0.7293,-0.3154,3662900,2666567,0.728,0.727,58597600,0.726,53020100,0.725,38111600,0.724,35230700,0.723,31712300,0.728,7000800,0.729,70265300,0.73,103227300,0.731,56085400,0.732,36632500,933,100,0
sh513130,09:37:08,1766972230231,5577.98,0.9012,4.4087,0.728,0.7286,-0.0823,4732500,3445260,0.728,0.728,28610400,0.727,58835000,0.726,52066900,0.725,39721600,0.724,30061500,0.729,75033800,0.73,104697500,0.731,56163700,0.732,36680200,0.733,30742100,796,100,0
sh513130,09:37:11,1766972234231,5577.75,0.9012,2.8007,0.728,0.7286,-0.0823,1423200,1036137,0.728,0.728,13642300,0.727,59378100,0.726,52060900,0.725,41433000,0.724,30075600,0.729,75570200,0.73,104896100,0.731,56180200,0.732,36714800,0.733,30752500,491,100,0
sh513130,09:37:14,1766972237225,5576.19,0.9012,3.3111,0.728,0.7286,-0.0823,4187700,3048649,0.728,0.728,21173100,0.727,59410400,0.726,52518500,0.725,42493700,0.724,30048400,0.729,74060100,0.73,113404700,0.731,56180200,0.732,36696500,0.733,30767900,48,100,0
sh513130,09:37:17,1766972240237,5577.06,0.9012,3.2689,0.728,0.7286,-0.0823,33371900,24294744,0.728,0.727,60929600,0.726,53518500,0.725,42150700,0.724,31166900,0.723,31830400,0.728,7142700,0.729,80390200,0.73,104750300,0.731,56183200,0.732,36747100,47,100,0
sh513130,09:37:20,1766972242236,5576.57,0.9012,4.9438,0.728,0.7286,-0.0823,383900,279479,0.728,0.727,69374400,0.726,53691300,0.725,42129200,0.724,32140800,0.723,31830400,0.728,7015000,0.729,82106400,0.73,104779800,0.731,55744200,0.732,36752600,956,100,0
sh513130,09:37:23,1766972247237,5578.23,0.9012,4.3543,0.728,0.7286,-0.0823,4864300,3541200,0.728,0.727,65348300,0.726,53710600,0.725,42120200,0.724,32140800,0.723,31834700,0.728,2699900,0.729,82360600,0.73,106341700,0.731,56375300,0.732,36712600,64,100,0
sh513130,09:37:26,1766972250251,5577.43,0.9012,2.3717,0.728,0.7286,-0.0823,410400,298611,0.7276,0.727,65323000,0.726,53760600,0.725,41719500,0.724,32889200,0.723,31894700,0.728,2090300,0.729,82344500,0.73,108334900,0.731,56395300,0.732,36759900,1065,100,0
sh513130,09:37:29,1766972252251,5577.02,0.9012,1.5826,0.728,0.7286,-0.0823,5542200,4034682,0.728,0.727,62512700,0.726,53760600,0.725,41875500,0.724,31126600,0.723,31899700,0.728,522900,0.729,84814300,0.73,108348200,0.731,56752400,0.732,36856600,955,100,0
sh513130,09:37:32,1766972255250,5578.57,0.9012,2.6504,0.728,0.7286,-0.0823,1066100,776062,0.7279,0.727,70867600,0.726,53780600,0.725,41908700,0.724,31176600,0.723,31899700,0.728,474600,0.729,85641300,0.73,107685200,0.731,56800900,0.732,36783600,47,100,0
sh513130,09:37:35,1766972257243,5578.57,0.9012,6.3719,0.728,0.7286,-0.0823,2847400,2072639,0.7279,0.728,30576500,0.727,63285400,0.726,53666300,0.725,42991700,0.724,31176600,0.729,85711600,0.73,108851900,0.731,56824400,0.732,36917100,0.733,28097600,1897,100,0
sh513130,09:37:38,1766972260227,5579.99,0.9012,4.1937,0.728,0.7286,-0.0823,503200,366330,0.728,0.728,45147800,0.727,63503200,0.726,52687800,0.725,39605700,0.724,31176600,0.729,81522600,0.73,109013000,0.731,57935400,0.732,36933400,0.733,28098200,577,100,0
sh513130,09:37:41,1766972264237,5581.66,0.9012,3.7212,0.728,0.7286,-0.0823,433900,315879,0.728,0.728,48090000,0.727,64524800,0.726,51697800,0.725,35603600,0.724,31177800,0.729,54695300,0.73,109368000,0.731,58875400,0.732,55006100,0.733,28122400,280,100,0
sh513130,09:37:44,1766972267231,5583.07,0.9012,3.7372,0.728,0.7292,-0.1646,337400,245652,0.7281,0.728,49804200,0.727,64524800,0.726,50730600,0.725,36605600,0.724,31177800,0.729,46813300,0.73,109489600,0.731,59870400,0.732,62167100,0.733,28115300,56,100,0
sh513130,09:37:47,1766972270234,5583.3,0.9012,4.4445,0.728,0.7292,-0.1646,150100,109278,0.728,0.728,52035900,0.727,64530800,0.726,50250600,0.725,37682300,0.724,31191900,0.729,44507000,0.73,108325500,0.731,59912300,0.732,62237400,0.733,28104900,1002,100,0
sh513130,09:37:50,1766972274235,5584.6,0.9012,4.6563,0.728,0.7292,-0.1646,59500,43319,0.7281,0.728,52307100,0.727,64938600,0.726,50290600,0.725,38553000,0.724,33309600,0.729,43930300,0.73,109205200,0.731,60412300,0.732,62247400,0.733,28169900,956,100,0
sh513130,09:37:53,1766972276228,5585.9,0.9012,3.128,0.728,0.7293,-0.1783,3256500,2373382,0.7288,0.728,52012300,0.727,64934400,0.726,50272500,0.725,39460300,0.724,33309600,0.729,42898100,0.73,110416500,0.731,60526600,0.732,63248900,0.733,28169900,938,100,0
sh513130,09:37:56,1766972278234,5585.44,0.9012,0.7956,0.728,0.7293,-0.1783,1764900,1284945,0.7281,0.728,54105900,0.727,65212700,0.726,50342500,0.725,40381000,0.724,33309600,0.729,45412700,0.73,111552900,0.731,60526600,0.732,63193500,0.733,29070400,950,100,0
sh513130,09:37:59,1766972283210,5584.72,0.9012,0.3175,0.728,0.7299,-0.2603,174400,127006,0.7282,0.728,54047600,0.727,65262700,0.726,50342500,0.725,44055100,0.724,33531400,0.729,47617700,0.73,112469800,0.731,60526600,0.732,63193500,0.733,29180400,31,100,0
sh513130,09:38:02,1766972285214,5587.23,0.9012,3.1395,0.729,0.7299,-0.1233,306900,223602,0.7286,0.728,59805800,0.727,65232700,0.726,50342500,0.725,44467300,0.724,33532800,0.729,47723400,0.73,118513200,0.731,61389500,0.732,63108900,0.733,29208400,52,100,0
sh513130,09:38:05,1766972288198,5585.78,0.9012,4.1803,0.728,0.7299,-0.2603,8014700,5842304,0.7289,0.728,54326300,0.727,65224200,0.726,50342500,0.725,45338000,0.724,32532800,0.729,38024900,0.73,120695100,0.731,60396500,0.732,62250000,0.733,29208400,529,100,0
sh513130,09:38:08,1766972290199,5587.38,0.9012,3.5336,0.728,0.7299,-0.2603,4937800,3599259,0.7289,0.728,62536600,0.727,65180400,0.726,50354000,0.725,46258300,0.724,33536000,0.729,32704100,0.73,120737700,0.731,60501700,0.732,63255700,0.733,28956900,374,100,0
sh513130,09:38:11,1766972295193,5585.38,0.9012,3.4553,0.728,0.7299,-0.2603,6765000,4931351,0.729,0.728,60519200,0.727,65156000,0.726,51325700,0.725,47129000,0.724,33536000,0.729,28074300,0.73,120790200,0.731,61515400,0.732,63249400,0.733,28966900,45,100,0
sh513130,09:38:14,1766972297196,5586.12,0.9012,2.4705,0.728,0.7299,-0.2603,384100,279851,0.7286,0.728,60037200,0.727,65186300,0.726,51300900,0.725,47551300,0.724,33539000,0.729,31682800,0.73,122511100,0.731,61509900,0.732,63320500,0.733,29119900,30,100,0
sh513130,09:38:17,1766972300187,5585.83,0.9012,2.0457,0.729,0.7299,-0.1233,328400,239219,0.7284,0.728,60805000,0.727,65286300,0.726,52290900,0.725,47553300,0.724,33689000,0.729,34288000,0.73,122476200,0.731,60604400,0.732,63320500,0.733,29269900,978,100,0
sh513130,09:38:20,1766972302181,5587.37,0.9012,3.8244,0.729,0.7299,-0.1233,266400,194098,0.7286,0.728,61074700,0.727,65336000,0.726,52325300,0.725,47553300,0.724,33689000,0.729,34459600,0.73,123178600,0.731,60627500,0.732,64323500,0.733,29279900,953,100,0
sh513130,09:38:23,1766972306147,5587.0,0.9012,2.4561,0.729,0.7299,-0.1233,333300,242967,0.729,0.728,61407700,0.727,65973900,0.726,52325300,0.725,47653300,0.724,33717200,0.729,34717500,0.73,122078500,0.731,61482500,0.732,64413500,0.733,29249600,923,100,0
sh513130,09:38:26,1766972310157,5586.52,0.9012,2.2074,0.729,0.7299,-0.1233,1195900,871776,0.729,0.728,61415300,0.727,65985000,0.726,52502300,0.725,46737500,0.724,33717200,0.729,34533800,0.73,122076200,0.731,62346000,0.732,64427500,0.733,29399200,888,100,0
sh513130,09:38:29,1766972311154,5586.52,0.9012,1.7859,0.729,0.7299,-0.1233,84500,61600,0.729,0.728,61574900,0.727,65986100,0.726,52500800,0.725,46737500,0.724,33717200,0.729,35844700,0.73,122650100,0.731,63188400,0.732,64960300,0.733,29399200,1886,100,0
sh513130,09:38:32,1766972315156,5586.81,0.9012,1.16,0.729,0.7292,-0.0274,158100,115215,0.7287,0.728,63159100,0.727,66000100,0.726,52500800,0.725,46737500,0.724,33778700,0.729,36928000,0.73,123370500,0.731,64166100,0.732,64960300,0.733,29399200,1610,100,0
sh513130,09:38:35,1766972319159,5587.0,0.9012,2.1215,0.729,0.7292,-0.0274,103900,75738,0.729,0.728,63234100,0.727,65908800,0.726,52509200,0.725,46737500,0.724,33792500,0.729,36046500,0.73,124532800,0.731,65035600,0.732,64960300,0.733,29399200,1305,100,0
sh513130,09:38:38,1766972321170,5587.18,0.9012,2.0398,0.729,0.7292,-0.0274,2117800,1543815,0.729,0.728,65410300,0.727,65943300,0.726,51519200,0.725,46737500,0.724,33792500,0.729,31737700,0.73,124652300,0.731,65887100,0.732,64963300,0.733,29428600,1160,100,0
sh513130,09:38:41,1766972324185,5587.33,0.9012,2.9619,0.728,0.7292,-0.1646,259900,189339,0.7285,0.728,65569200,0.727,66565500,0.726,53383700,0.725,46738500,0.724,33779500,0.729,34222300,0.73,125289700,0.731,64898300,0.732,65063300,0.733,29618700,965,100,0
sh513130,09:38:44,1766972326192,5587.76,0.9012,3.7258,0.729,0.7299,-0.1233,21709900,15826480,0.729,0.728,65748300,0.727,66567000,0.726,54300200,0.725,46738500,0.724,33779500,0.729,8639600,0.73,115391900,0.731,65005300,0.732,65063300,0.733,29619000,926,100,0
sh513130,09:38:47,1766972330203,5587.66,0.9012,7.6547,0.729,0.7299,-0.1233,10753000,7838937,0.729,0.729,32537600,0.728,67804700,0.727,55217900,0.726,40190700,0.725,36730500,0.73,118413000,0.731,67010400,0.732,65151200,0.733,30146000,0.734,20014100,987,100,0
sh513130,09:38:50,1766972333190,5588.92,0.9012,6.4148,0.729,0.7299,-0.1233,1668800,1216556,0.729,0.729,46897300,0.728,63304000,0.727,55217900,0.726,38754000,0.725,36627000,0.73,119511000,0.731,67010400,0.732,65271200,0.733,30156000,0.734,20044100,31,100,0
sh513130,09:38:53,1766972336185,5589.27,0.9012,4.9079,0.729,0.7299,-0.1233,634700,462714,0.729,0.729,47981900,0.728,66236600,0.727,55180100,0.726,39673500,0.725,36589800,0.73,119597200,0.731,67180400,0.732,65305200,0.733,30169600,0.734,20272400,963,100,0
sh513130,09:38:56,1766972339198,5589.97,0.9012,5.7337,0.729,0.7299,-0.1233,298600,217739,0.7292,0.729,54585100,0.728,61024600,0.727,55490100,0.726,40550300,0.725,36609800,0.73,120448600,0.731,67550700,0.732,65380900,0.733,30169600,0.734,20272500,12,100,0
sh513130,09:38:59,1766972342193,5589.31,0.9012,5.9766,0.729,0.7299,-0.1233,86700,63220,0.7292,0.729,54421200,0.728,61737500,0.727,55456100,0.726,40562300,0.725,36611800,0.73,119858500,0.731,67530700,0.732,65380900,0.733,30172600,0.734,20274300,605,100,0
sh513130,09:39:02,1766972344205,5589.83,0.9012,3.9893,0.729,0.7306,-0.219,280500,204609,0.7294,0.729,44027600,0.728,67395200,0.727,55637100,0.726,42211300,0.725,36611800,0.73,120071200,0.731,67530700,0.732,65436700,0.733,30373600,0.734,20396100,470,100,0
sh513130,09:38:59,1766972345196,5589.36,0.9012,4.8289,0.729,0.7299,-0.1233,0,0,0.729,0.729,54421200,0.728,61737500,0.727,55456100,0.726,40562300,0.725,36611800,0.73,119858500,0.731,67530700,0.732,65380900,0.733,30172600,0.734,20274300,31,100,1
sh513130,09:39:02,1766972346198,5589.36,0.9012,3.4084,0.729,0.7306,-0.219,280500,204609,0.7294,0.729,44027600,0.728,67395200,0.727,55637100,0.726,42211300,0.725,36611800,0.73,120071200,0.731,67530700,0.732,65436700,0.733,30373600,0.734,20396100,305,100,0
sh513130,09:39:05,1766972348198,5588.64,0.9012,2.1594,0.73,0.7306,-0.0821,484200,353164,0.7294,0.729,45702600,0.728,67019100,0.727,55597100,0.726,42240800,0.725,36664800,0.73,120536900,0.731,67487700,0.732,66122700,0.733,31387100,0.734,20396100,151,100,0
sh513130,09:39:08,1766972350201,5589.65,0.9012,5.5835,0.73,0.7306,-0.0821,710600,518172,0.7292,0.729,45142000,0.728,66033500,0.727,55748200,0.726,43979800,0.725,36601300,0.73,120795900,0.731,67487800,0.732,66522800,0.733,31448300,0.734,20401100,0,100,0
sh513130,09:39:11,1766972354215,5588.23,0.9012,4.724,0.73,0.7306,-0.0821,908800,663369,0.7299,0.729,43097500,0.728,66856900,0.727,55748200,0.726,44415300,0.725,36608500,0.73,120368600,0.731,67513700,0.732,66641200,0.733,31448300,0.734,20401100,973,100,0
sh513130,09:39:14,1766972357212,5588.25,0.9012,4.9223,0.73,0.7299,0.0137,940600,685826,0.7291,0.729,44157700,0.728,64701800,0.727,55325900,0.726,44615300,0.725,36617000,0.73,121042200,0.731,68514300,0.732,66791200,0.733,31536800,0.734,20401100,47,100,0
sh513130,09:39:17,1766972360217,5587.79,0.9012,3.2608,0.73,0.7306,-0.0821,234700,171141,0.7292,0.729,46076300,0.728,68745200,0.727,55356800,0.726,44715300,0.725,36617000,0.73,121037100,0.731,69407800,0.732,66792500,0.733,31546900,0.734,20401100,995,100,0
sh513130,09:39:20,1766972364210,5588.56,0.9012,2.7418,0.73,0.7306,-0.0821,1943700,1417378,0.7292,0.729,44682800,0.728,68907500,0.727,55363000,0.726,44706300,0.725,36624000,0.73,121011600,0.731,70399800,0.732,66847800,0.733,31456900,0.734,20401100,972,100,0
sh513130,09:39:23,1766972367211,5588.52,0.9012,3.4414,0.729,0.7299,-0.1233,1252800,914397,0.7299,0.729,44893300,0.728,68307700,0.727,55167900,0.726,44747700,0.725,36624000,0.73,120103500,0.731,71370200,0.732,66864600,0.733,31486900,0.734,20424800,67,100,0
sh513130,09:39:26,1766972369221,5588.99,0.9012,5.0199,0.729,0.7299,-0.1233,10297700,7507155,0.729,0.728,67990300,0.727,54764400,0.726,46107700,0.725,36620300,0.724,33527900,0.729,11509600,0.73,119077300,0.731,72750100,0.732,66866600,0.733,31500200,64,100,0
sh513130,09:39:29,1766972372234,5588.13,0.9012,5.3789,0.729,0.7299,-0.1233,501000,365229,0.729,0.728,66412600,0.727,55764400,0.726,47137700,0.725,36627100,0.724,33527900,0.729,3095900,0.73,121333400,0.731,73694600,0.732,66502600,0.733,31562400,485,100,0
sh513130,09:39:32,1766972374231,5587.64,0.9012,5.3627,0.729,0.7299,-0.1233,1732700,1263130,0.729,0.728,65781200,0.727,54760400,0.726,52133500,0.725,40047800,0.724,33530700,0.729,2003600,0.73,122232600,0.731,73690000,0.732,66413400,0.733,31572400,326,100,0
sh513130,09:39:29,1766972375222,5586.3,0.9012,5.1798,0.729,0.7299,-0.1233,0,0,0.729,0.728,66412600,0.727,55764400,0.726,47137700,0.725,36627100,0.724,33527900,0.729,3095900,0.73,121333400,0.731,73694600,0.732,66502600,0.733,31562400,59,100,1
sh513130,09:39:32,1766972376225,5586.3,0.9012,4.5219,0.729,0.7299,-0.1233,1732700,1263130,0.729,0.728,65781200,0.727,54760400,0.726,52133500,0.725,40047800,0.724,33530700,0.729,2003600,0.73,122232600,0.731,73690000,0.732,66413400,0.733,31572400,165,100,0
sh513130,09:39:35,1766972378223,5587.23,0.9012,2.7125,0.729,0.7299,-0.1233,2537200,1849664,0.729,0.729,799200,0.728,66268800,0.727,54770400,0.726,51851900,0.725,38450700,0.73,122249100,0.731,75221500,0.732,66870800,0.733,31605600,0.734,20506800,6,100,0
sh513130,09:39:38,1766972381232,5583.6,0.9012,3.0668,0.729,0.7299,-0.1233,8747700,6377073,0.729,0.728,67371100,0.727,55287600,0.726,50811900,0.725,39321500,0.724,33548500,0.729,5876000,0.73,119260500,0.731,74230400,0.732,66905300,0.733,31725000,86,100,0
sh513130,09:39:41,1766972383236,5583.32,0.9012,2.3658,0.728,0.7299,-0.2603,472200,344234,0.729,0.728,64336200,0.727,55248700,0.726,44845100,0.725,39531700,0.724,33748500,0.729,35483100,0.73,115659100,0.731,74323300,0.732,57730400,0.733,31747100,9,100,0
sh513130,09:39:44,1766972386251,5582.79,0.9012,1.6355,0.728,0.7292,-0.1646,1571000,1145229,0.729,0.728,64293200,0.727,55509000,0.726,44850100,0.725,40388300,0.724,33848700,0.729,49809900,0.73,116742200,0.731,73398700,0.732,42742300,0.733,32032400,1002,100,0
sh513130,09:39:47,1766972391241,5583.15,0.9012,3.3123,0.729,0.7292,-0.0274,131000,95441,0.7286,0.728,64044600,0.727,55820000,0.726,44850100,0.725,41315700,0.724,33848700,0.729,50571400,0.73,117504700,0.731,74012200,0.732,42802300,0.733,31968400,56,100,0
sh513130,09:39:50,1766972393250,5583.36,0.9012,5.6078,0.729,0.7292,-0.0274,874000,637115,0.729,0.728,65086600,0.727,55833000,0.726,43863200,0.725,42186400,0.724,33848700,0.729,46882900,0.73,118261800,0.731,75035800,0.732,45802300,0.733,32089600,45,100,0
sh513130,09:39:53,1766972396254,5583.51,0.9012,3.2741,0.729,0.7292,-0.0274,75800,55250,0.7289,0.728,64447200,0.727,55886700,0.726,44853200,0.725,43057100,0.724,33848700,0.729,51364800,0.73,119289200,0.731,74046000,0.732,42838600,0.733,32239600,735,100,0
sh513130,09:39:50,1766972397265,5584.3,0.9012,2.7864,0.729,0.7292,-0.0274,0,0,0.729,0.728,65086600,0.727,55833000,0.726,43863200,0.725,42186400,0.724,33848700,0.729,46882900,0.73,118261800,0.731,75035800,0.732,45802300,0.733,32089600,44,100,1
sh513130,09:39:53,1766972398265,5584.3,0.9012,5.6296,0.729,0.7292,-0.0274,75800,55250,0.7289,0.728,64447200,0.727,55886700,0.726,44853200,0.725,43057100,0.724,33848700,0.729,51364800,0.73,119289200,0.731,74046000,0.732,42838600,0.733,32239600,598,100,0
sh513130,09:39:56,1766972399257,5582.77,0.9012,4.3809,0.729,0.7292,-0.0274,919900,670594,0.729,0.728,64548600,0.727,55895900,0.726,44943300,0.725,43928800,0.724,33848700,0.729,52150100,0.73,119637800,0.731,74239400,0.732,42939600,0.733,32249600,78,100,0
sh513130,09:39:59,1766972402241,5582.75,0.9012,2.9789,0.729,0.7299,-0.1233,335100,244126,0.7285,0.728,64289000,0.727,55910900,0.726,44969300,0.725,44754500,0.724,33847000,0.729,53922400,0.73,120259600,0.731,74214400,0.732,42952100,0.733,31761200,260,100,0
sh513130,09:40:02,1766972405248,5585.28,0.9012,6.1423,0.729,0.7299,-0.1233,2096900,1526748,0.7281,0.728,63369900,0.727,55877200,0.726,45684300,0.725,44754500,0.724,33847000,0.729,23078200,0.73,120084800,0.731,73227100,0.732,67737700,0.733,31761200,31,100,0
sh513130,09:40:05,1766972407259,5586.35,0.9012,7.2483,0.729,0.7299,-0.1233,16851500,12284743,0.729,0.729,42322100,0.728,66854900,0.727,53888000,0.726,44573800,0.725,38651500,0.73,131693300,0.731,75270300,0.732,68157700,0.733,31761400,0.734,20891700,18,100,0
sh513130,09:40:08,1766972411248,5589.71,0.9012,7.4796,0.729,0.7299,-0.1233,283400,206599,0.729,0.729,52774400,0.728,61778600,0.727,54077100,0.726,42013600,0.725,38651500,0.73,131252100,0.731,75305000,0.732,69166000,0.733,31761400,0.734,20891700,14,100,0
sh513130,09:40:11,1766972414242,5591.92,0.9012,4.3257,0.729,0.7299,-0.1233,1267700,924823,0.7295,0.729,61260700,0.728,61841500,0.727,53087100,0.726,37852500,0.725,37663500,0.73,99797500,0.731,75984200,0.732,74076000,0.733,61929900,0.734,20891700,1048,100,0
sh513130,09:40:14,1766972417253,5591.26,0.9012,3.3142,0.729,0.7299,-0.1233,1364400,994663,0.729,0.729,63413900,0.728,62388500,0.727,51121200,0.726,40341400,0.725,37668500,0.73,106678200,0.731,70569800,0.732,76112200,0.733,61929900,0.734,20898700,77,100,0
sh513130,09:40:17,1766972419254,5591.28,0.9012,2.9038,0.729,0.7299,-0.1233,659600,480986,0.7292,0.729,62591200,0.728,62475400,0.727,51614900,0.726,40348200,0.725,37696500,0.73,101264000,0.731,76389800,0.732,75341200,0.733,61979900,0.734,20898700,1,100,0
sh513130,09:40:20,1766972422252,5591.26,0.9012,3.3921,0.73,0.7299,0.0137,367400,267933,0.7293,0.729,62388300,0.728,63040300,0.727,51614900,0.726,41217700,0.725,37698500,0.73,108269600,0.731,70919800,0.732,76764200,0.733,61999900,0.734,20972000,842,100,0
sh513130,09:40:23,1766972425260,5589.89,0.9012,2.8288,0.729,0.7306,-0.219,480000,349937,0.729,0.729,62023400,0.728,63051800,0.727,51584400,0.726,42187200,0.725,37698500,0.73,133785200,0.731,71398200,0.732,75774200,0.733,36840700,0.734,20947800,77,100,0
sh513130,09:40:26,1766972429267,5591.0,0.9012,1.2276,0.729,0.7306,-0.219,784100,571709,0.7291,0.729,56833900,0.728,63073600,0.727,51584400,0.726,43062500,0.725,37698500,0.73,135864800,0.731,71348200,0.732,75870400,0.733,36830700,0.734,20957800,48,100,0
sh513130,09:40:29,1766972431260,5589.6,0.9012,2.501,0.729,0.7306,-0.219,373000,272124,0.7296,0.729,40346500,0.728,66218900,0.727,51699400,0.726,41783300,0.725,37698500,0.73,136249200,0.731,71298200,0.732,75929000,0.733,36844700,0.734,20967800,93,100,0
sh513130,09:40:32,1766972435283,5589.09,0.9012,2.6774,0.729,0.7299,-0.1233,11940600,8704756,0.729,0.729,39094900,0.728,68442700,0.727,51699400,0.726,42652800,0.725,37698600,0.73,143777900,0.731,71308200,0.732,74946000,0.733,31844700,0.734,20897800,79,100,0
sh513130,09:40:35,1766972438285,5589.2,0.9012,4.8115,0.729,0.7299,-0.1233,1401100,1021488,0.7291,0.729,33884900,0.728,69541700,0.727,51699400,0.726,43526200,0.725,37698600,0.73,147878400,0.731,71393900,0.732,75001700,0.733,31894700,0.734,20897800,1055,100,0
sh513130,09:40:38,1766972441282,5588.96,0.9012,4.3406,0.729,0.7299,-0.1233,221100,161195,0.7291,0.729,33702200,0.728,69543700,0.727,51699400,0.726,43961700,0.725,37698600,0.73,148391300,0.731,71662000,0.732,76095700,0.733,31896200,0.734,20733900,13,100,0
sh513130,09:40:41,1766972444276,5590.21,0.9012,4.7235,0.729,0.7299,-0.1233,433500,316044,0.7291,0.729,36776000,0.728,69613700,0.727,51784400,0.726,43968500,0.725,37699600,0.73,149777500,0.731,72602400,0.732,75154700,0.733,31976200,0.734,20763900,1019,100,0
sh513130,09:40:44,1766972447286,5588.81,0.9012,5.1088,0.729,0.7299,-0.1233,263700,192360,0.7295,0.729,42326300,0.728,68831700,0.727,51889900,0.726,44735300,0.725,37699600,0.73,145404500,0.731,73555900,0.732,76144700,0.733,32199400,0.734,20816200,47,100,0
sh513130,09:40:47,1766972449285,5588.63,0.9012,5.055,0.729,0.7299,-0.1233,820000,597797,0.729,0.729,39814400,0.728,69444500,0.727,51945700,0.726,44735300,0.725,37699600,0.73,146898300,0.731,74459400,0.732,75168500,0.733,32265100,0.734,20871200,44,100,0
sh513130,09:40:50,1766972452292,5589.22,0.9012,4.6206,0.729,0.7299,-0.1233,703900,513178,0.729,0.729,42806000,0.728,69544500,0.727,52735800,0.726,44740800,0.725,37708600,0.73,147560700,0.731,75363200,0.732,75164000,0.733,32317100,0.734,20871200,669,100,0
sh513130,09:40:53,1766972456281,5590.04,0.9012,4.3984,0.73,0.7299,0.0137,573700,418246,0.729,0.729,49981100,0.728,63969500,0.727,51745800,0.726,44740800,0.725,37708600,0.73,143330900,0.731,76342200,0.732,75334000,0.733,32644400,0.734,20874600,350,100,0
sh513130,09:40:56,1766972459286,5589.84,0.9012,2.9844,0.729,0.7299,-0.1233,1233400,899182,0.729,0.729,59450300,0.728,69629500,0.727,50272500,0.726,44740800,0.725,37708800,0.73,143540000,0.731,77205700,0.732,76402900,0.733,37644400,0.734,20876600,13,100,0
sh513130,09:40:59,1766972461292,5590.56,0.9012,4.1985,0.73,0.7299,0.0137,880100,642252,0.7297,0.729,58271800,0.728,69629500,0.727,51284100,0.726,44690900,0.725,37708800,0.73,142973800,0.731,78249200,0.732,76596500,0.733,37679400,0.734,20876600,94,100,0
sh513130,09:41:02,1766972465280,5590.15,0.9012,5.2864,0.73,0.7299,0.0137,306600,223678,0.7295,0.729,57577700,0.728,69643300,0.727,51277100,0.726,44690900,0.725,37698800,0.73,144259000,0.731,79644600,0.732,75829400,0.733,37679400,0.734,20876600,78,100,0
sh513130,09:41:05,1766972468281,5589.12,0.9012,5.9486,0.73,0.7299,0.0137,3039000,2215760,0.7291,0.729,10418400,0.728,71555100,0.727,62163300,0.726,50690900,0.725,38658900,0.73,149643700,0.731,80513100,0.732,75819400,0.733,32681200,0.734,21111100,1021,100,0
sh513130,09:41:08,1766972470270,5588.81,0.9012,4.9486,0.73,0.7299,0.0137,1178100,858949,0.7291,0.729,50686000,0.728,71687300,0.727,63318900,0.726,49677600,0.725,38658900,0.73,144394900,0.731,81884700,0.732,75849400,0.733,32711200,0.734,21111100,942,100,0
sh513130,09:41:11,1766972473275,5589.31,0.9012,3.4412,0.73,0.7299,0.0137,247500,180537,0.7294,0.729,60447500,0.728,71721800,0.727,63284500,0.726,44677600,0.725,38658900,0.73,144018900,0.731,83039100,0.732,76329400,0.733,37721200,0.734,21413100,44,100,0
sh513130,09:41:14,1766972477286,5590.58,0.9012,4.6138,0.73,0.7299,0.0137,268400,195884,0.7298,0.729,69006100,0.728,66277000,0.727,63284500,0.726,44677600,0.725,38660400,0.73,128868400,0.731,83314200,0.732,76374400,0.733,52731200,0.734,21413100,14,100,0
sh513130,09:41:17,1766972479285,5590.44,0.9012,4.9962,0.73,0.7299,0.0137,80800,58954,0.7296,0.729,51337900,0.728,71155000,0.727,62266600,0.726,45712100,0.725,38663800,0.73,142952600,0.731,84024200,0.732,78232700,0.733,37731200,0.734,21414100,77,100,0
sh513130,09:41:14,1766972480297,5590.44,0.9012,3.9117,0.73,0.7299,0.0137,0,0,0.73,0.729,69006100,0.728,66277000,0.727,63284500,0.726,44677600,0.725,38660400,0.73,128868400,0.731,83314200,0.732,76374400,0.733,52731200,0.734,21413100,645,100,1
sh513130,09:41:17,1766972481297,5591.56,0.9012,3.8414,0.73,0.7299,0.0137,80800,58954,0.7296,0.729,51337900,0.728,71155000,0.727,62266600,0.726,45712100,0.725,38663800,0.73,142952600,0.731,84024200,0.732,78232700,0.733,37731200,0.734,21414100,77,100,0
sh513130,09:41:20,1766972482296,5591.56,0.9012,6.4246,0.73,0.7299,0.0137,239600,174877,0.7299,0.729,70006400,0.728,66656000,0.727,62388600,0.726,44681800,0.725,39092000,0.73,143694300,0.731,84305000,0.732,78108700,0.733,37716200,0.734,21462100,483,100,0
sh513130,09:41:23,1766972485292,5590.99,0.9012,5.8956,0.73,0.7299,0.0137,578100,421901,0.7298,0.729,63330300,0.728,71283100,0.727,62418600,0.726,44481800,0.725,39095000,0.73,143963600,0.731,84305000,0.732,78971000,0.733,37736200,0.734,21486000,79,100,0
sh513130,09:41:26,1766972489284,5592.4,0.9012,4.6795,0.729,0.7299,-0.1233,542600,395561,0.729,0.729,69453200,0.728,65602600,0.727,62418600,0.726,44512600,0.725,39271000,0.73,142990600,0.731,84284300,0.732,80875600,0.733,37716200,0.734,21486000,44,100,0
sh513130,09:41:29,1766972492281,5592.44,0.9012,2.8478,0.73,0.7299,0.0137,739800,539642,0.7294,0.729,69096200,0.728,67581400,0.727,62418600,0.726,44582300,0.725,39271000,0.73,118502900,0.731,84322700,0.732,82016300,0.733,62521200,0.734,21469800,1017,100,0
sh513130,09:41:32,1766972495284,5592.98,0.9012,4.108,0.73,0.7299,0.0137,199200,145252,0.7292,0.729,69430600,0.728,67581400,0.727,62428600,0.726,44562300,0.725,39271000,0.73,128740000,0.731,84348900,0.732,82993600,0.733,52819500,0.734,21489800,93,100,0
sh513130,09:41:35,1766972498296,5592.85,0.9012,3.4404,0.73,0.7299,0.0137,688900,502836,0.7299,0.729,69399400,0.728,66632400,0.727,62428600,0.726,44561000,0.725,39284100,0.73,128359900,0.731,84358900,0.732,83241100,0.733,53320500,0.734,21589800,1049,100,0
sh513130,09:41:38,1766972501299,5593.66,0.9012,2.7845,0.73,0.7306,-0.0821,79100,57732,0.7299,0.729,69602200,0.728,66728900,0.727,62428600,0.726,44561000,0.725,39284100,0.73,119033300,0.731,84672600,0.732,84123500,0.733,48076500,0.734,21603600,13,100,0
sh513130,09:41:41,1766972503288,5593.9,0.9012,5.0088,0.73,0.7306,-0.0821,555800,405659,0.7299,0.729,69541200,0.728,66707900,0.727,62458600,0.726,44572300,0.725,39267300,0.73,128408700,0.731,84696700,0.732,84995900,0.733,53422500,0.734,21603600,0,100,0
sh513130,09:41:44,1766972507305,5592.62,0.9012,2.5532,0.73,0.7306,-0.0821,32200,23506,0.73,0.729,69743200,0.728,66742500,0.727,61089700,0.726,44572300,0.725,39267300,0.73,144911100,0.731,86302800,0.732,85466600,0.733,38522500,0.734,21604600,46,100,0
sh513130,09:41:47,1766972510296,5593.41,0.9012,2.1365,0.729,0.7306,-0.219,9000,6561,0.729,0.729,69759700,0.728,67828500,0.727,62099700,0.726,44574300,0.725,39297300,0.73,119653500,0.731,86352800,0.732,86490600,0.733,64171500,0.734,21604600,488,100,0
sh513130,09:41:50,1766972512295,5593.51,0.9012,2.6505,0.73,0.7306,-0.0821,646700,471737,0.7295,0.729,70544700,0.728,66829200,0.727,62080000,0.726,44129800,0.725,39297300,0.73,129708400,0.731,86666200,0.732,86494100,0.733,55219800,0.734,21604600,325,100,0
sh513130,09:41:53,1766972516285,5594.15,0.9012,3.3218,0.73,0.7306,-0.0821,268100,195587,0.7295,0.729,70757400,0.728,67836200,0.727,62083900,0.726,44129800,0.725,39297300,0.73,114941900,0.731,82260200,0.732,85531800,0.733,64802600,0.734,21604600,7,100,0
sh513130,09:41:56,1766972518294,5593.92,0.9012,2.6061,0.73,0.7306,-0.0821,182700,133263,0.7294,0.729,71804500,0.728,67398400,0.727,61036800,0.726,44129900,0.725,39297300,0.73,119900700,0.731,77693800,0.732,86635500,0.733,65674400,0.734,21934500,1059,100,0
sh513130,09:41:59,1766972522292,5592.34,0.9012,1.6399,0.729,0.7306,-0.219,1206100,880450,0.73,0.729,71876400,0.728,67318900,0.727,61056800,0.726,44114900,0.725,39334400,0.73,129678000,0.731,77795100,0.732,86718500,0.733,41782300,0.734,21926700,1017,100,0
sh513130,09:42:02,1766972525300,5594.15,0.9012,5.792,0.73,0.7306,-0.0821,126500,92268,0.7294,0.729,71799500,0.728,67328300,0.727,61042800,0.726,44114700,0.725,39469500,0.73,120297400,0.731,78013100,0.732,86738500,0.733,67391000,0.734,21933600,79,100,0
sh513130,09:42:05,1766972528312,5594.33,0.9012,3.7679,0.729,0.7306,-0.219,246600,179827,0.7292,0.729,71840300,0.728,67343300,0.727,61911100,0.726,44390000,0.725,39472300,0.73,112055900,0.731,82087300,0.732,86738600,0.733,67369000,0.734,22218400,1034,100,0
sh513130,09:42:08,1766972531304,5593.46,0.9012,4.1725,0.73,0.7306,-0.0821,316000,230680,0.73,0.729,71068100,0.728,67498800,0.727,62032800,0.726,44390000,0.725,39501900,0.73,128202100,0.731,78907900,0.732,86978600,0.733,42719500,0.734,22218400,64,100,0
sh513130,09:42:11,1766972533312,5594.05,0.9012,5.2323,0.73,0.7306,-0.0821,416500,303658,0.7291,0.729,70855300,0.728,67944800,0.727,62032800,0.726,44390000,0.725,39488900,0.73,125807100,0.731,79824900,0.732,86916300,0.733,60719500,0.734,22318400,93,100,0
sh513130,09:42:14,1766972537310,5591.54,0.9012,2.6198,0.73,0.7306,-0.0821,104800,76465,0.7296,0.729,64442500,0.728,73548800,0.727,62082800,0.726,44405800,0.725,39668900,0.73,144972500,0.731,81011300,0.732,85944200,0.733,43209500,0.734,22318400,1624,100,0
sh513130,09:42:17,1766972539312,5591.57,0.9012,2.1838,0.729,0.7306,-0.219,229300,167195,0.7292,0.729,64083400,0.728,73548800,0.727,63099800,0.726,44404100,0.725,39688900,0.73,145212300,0.731,81878800,0.732,85933000,0.733,43209500,0.734,22318400,109,100,0
sh513130,09:42:20,1766972544309,5590.29,0.9012,3.3472,0.73,0.7306,-0.0821,229100,167184,0.7297,0.729,64075800,0.728,67974100,0.727,66309100,0.726,44417300,0.725,39712900,0.73,145130400,0.731,82863100,0.732,85818000,0.733,43229500,0.734,22358400,1102,100,0
sh513130,09:42:23,1766972546308,5589.73,0.9012,2.1274,0.729,0.7299,-0.1233,281500,205302,0.7293,0.729,68640900,0.728,69133900,0.727,67293100,0.726,44440900,0.725,39655400,0.73,146628800,0.731,83746600,0.732,84923000,0.733,43229500,0.734,22372400,1022,100,0
sh513130,09:42:26,1766972549306,5589.55,0.9012,3.8536,0.73,0.7299,0.0137,1301900,950135,0.7298,0.729,61862300,0.728,73719100,0.727,67293100,0.726,44876600,0.725,39655400,0.73,147111100,0.731,84660100,0.732,83940000,0.733,43236400,0.734,22468300,15,100,0
sh513130,09:42:29,1766972552306,5588.82,0.9012,5.0804,0.729,0.7306,-0.219,377400,275135,0.729,0.729,7299500,0.728,73772900,0.727,67298100,0.726,47266900,0.725,39655400,0.73,147363600,0.731,86635100,0.732,83908800,0.733,43336400,0.734,22473300,1080,100,0
sh513130,09:42:32,1766972555329,5587.9,0.9012,4.5953,0.729,0.7299,-0.1233,7362900,5367604,0.729,0.728,72611600,0.727,68298100,0.726,52321900,0.725,39656400,0.724,33927400,0.729,4371200,0.73,152720800,0.731,86478000,0.732,83889300,0.733,34029800,77,100,0
sh513130,09:42:35,1766972558336,5588.26,0.9012,2.781,0.729,0.7299,-0.1233,4735500,3452083,0.729,0.729,5513100,0.728,73747700,0.727,68298100,0.726,52211900,0.725,39656400,0.73,152921800,0.731,87480000,0.732,84280300,0.733,34084800,0.734,22473300,1084,100,0
sh513130,09:42:38,1766972560343,5587.21,0.9012,2.3848,0.729,0.7299,-0.1233,2321000,1692051,0.729,0.729,4496100,0.728,73797700,0.727,68298100,0.726,52291900,0.725,39636400,0.73,151678500,0.731,88263500,0.732,84420700,0.733,34140300,0.734,22481300,937,100,0
sh513130,09:42:41,1766972563341,5588.58,0.9012,2.6624,0.729,0.7299,-0.1233,1217500,887557,0.729,0.729,58310300,0.728,74907900,0.727,67270600,0.726,45258500,0.725,39636400,0.73,147770900,0.731,88403600,0.732,84449700,0.733,39146700,0.734,22481300,125,100,0
sh513130,09:42:44,1766972567337,5589.84,0.9012,5.1336,0.729,0.7299,-0.1233,582100,424352,0.729,0.729,67628500,0.728,73900300,0.727,67790600,0.726,44458500,0.725,39636400,0.73,148217400,0.731,89267100,0.732,84514700,0.733,39168400,0.734,22631300,62,100,0
sh513130,09:42:47,1766972569347,5588.5,0.9012,4.4616,0.729,0.7306,-0.219,658200,479851,0.729,0.729,73043000,0.728,68469400,0.727,67800600,0.726,44506500,0.725,39648900,0.73,149548200,0.731,89711000,0.732,84501400,0.733,39223400,0.734,22631300,47,100,0
sh513130,09:42:50,1766972573356,5588.73,0.9012,3.4978,0.729,0.7306,-0.219,157600,114893,0.729,0.729,73442400,0.728,68619300,0.727,67800600,0.726,44506500,0.725,39648900,0.73,150570800,0.731,89671500,0.732,84602400,0.733,40545300,0.734,22636300,96,100,0
sh513130,09:42:53,1766972575357,5589.68,0.9012,3.226,0.729,0.7306,-0.219,200700,146319,0.729,0.729,73284100,0.728,68569300,0.727,67800600,0.726,44576500,0.725,39648900,0.73,151819600,0.731,89735800,0.732,84720400,0.733,41413500,0.734,22636300,139,100,0
sh513130,09:42:56,1766972578374,5589.4,0.9012,2.9497,0.729,0.7306,-0.219,333000,242969,0.7296,0.729,72072400,0.728,68674500,0.727,67801600,0.726,44576500,0.725,39668900,0.73,153814800,0.731,89935800,0.732,84678800,0.733,42274700,0.734,22636300,1144,100,0
sh513130,09:42:59,1766972581365,5589.03,0.9012,2.5937,0.729,0.7306,-0.219,1001700,730264,0.729,0.729,49552700,0.728,73276500,0.727,67801600,0.726,44576500,0.725,40209200,0.73,155447700,0.731,89955800,0.732,84738800,0.733,43155900,0.734,22646300,139,100,0
sh513130,09:43:02,1766972585393,5589.81,0.9012,6.5002,0.729,0.7299,-0.1233,528200,385058,0.729,0.729,53257400,0.728,74745400,0.727,67734300,0.726,44986500,0.725,40216000,0.73,155960900,0.731,90004600,0.732,84938600,0.733,43706500,0.734,22656300,115,100,0
sh513130,09:43:05,1766972588380,5589.82,0.9012,3.6377,0.729,0.7299,-0.1233,1125800,820743,0.729,0.729,57886000,0.728,69395400,0.727,67734300,0.726,45125400,0.725,40216000,0.73,155452600,0.731,89971700,0.732,85028100,0.733,44589700,0.734,22676300,955,100,0
sh513130,09:43:08,1766972591385,5588.8,0.9012,4.0968,0.729,0.7299,-0.1233,726500,529621,0.729,0.729,10892900,0.728,74945400,0.727,67245000,0.726,45115400,0.725,40240800,0.73,156944300,0.731,89976700,0.732,85106400,0.733,43759300,0.734,22676300,156,100,0
sh513130,09:43:11,1766972593383,5586.65,0.9012,3.3332,0.729,0.7299,-0.1233,3721500,2712975,0.729,0.728,74995500,0.727,68245000,0.726,53520700,0.725,40296800,0.724,33932600,0.729,22152300,0.73,162133900,0.731,89976700,0.732,85108100,0.733,33592100,140,100,0
sh513130,09:43:08,1766972594385,5586.65,0.9012,5.7772,0.729,0.7299,-0.1233,0,0,0.729,0.729,10892900,0.728,74945400,0.727,67245000,0.726,45115400,0.725,40240800,0.73,156944300,0.731,89976700,0.732,85106400,0.733,43759300,0.734,22676300,498,100,1
sh513130,09:43:11,1766972595380,5584.12,0.9012,5.5159,0.729,0.7299,-0.1233,3721500,2712975,0.729,0.728,74995500,0.727,68245000,0.726,53520700,0.725,40296800,0.724,33932600,0.729,22152300,0.73,162133900,0.731,89976700,0.732,85108100,0.733,33592100,123,100,0
sh513130,09:43:14,1766972596393,5584.12,0.9012,5.4391,0.729,0.7299,-0.1233,216100,157537,0.729,0.728,52187700,0.727,84871300,0.726,45500700,0.725,43597500,0.724,34732600,0.729,61521400,0.73,157880900,0.731,89052400,0.732,59957100,0.733,33602100,354,100,0
sh513130,09:43:17,1766972599390,5582.47,0.9012,1.8044,0.728,0.7292,-0.1646,992000,722325,0.7282,0.728,36570500,0.727,84871300,0.726,65508800,0.725,50469200,0.724,34732600,0.729,73637000,0.73,157790300,0.731,86606200,0.732,55098100,0.733,33653800,143,100,0
sh513130,09:43:20,1766972604397,5581.43,0.9012,3.2722,0.729,0.7292,-0.0274,301800,220010,0.729,0.728,32784900,0.727,84848300,0.726,65508800,0.725,51339900,0.724,35232600,0.729,77038400,0.73,157459100,0.731,86587800,0.732,55045600,0.733,33653800,1133,100,0
sh513130,09:43:23,1766972605399,5581.11,0.9012,3.0449,0.729,0.7292,-0.0274,2790800,2031738,0.728,0.728,24290500,0.727,86321200,0.726,66008800,0.725,52210600,0.724,36291900,0.729,79231800,0.73,156214600,0.731,87137800,0.732,55469200,0.733,32672500,123,100,0
sh513130,09:43:26,1766972608408,5580.17,0.9012,2.4248,0.728,0.7292,-0.1646,6382800,4646719,0.728,0.728,22746900,0.727,86321700,0.726,65058800,0.725,52990600,0.724,36291900,0.729,75826600,0.73,153349300,0.731,87206100,0.732,55504200,0.733,32670600,1206,100,0
sh513130,09:43:29,1766972611410,5580.97,0.9012,2.4015,0.728,0.7292,-0.1646,17612100,12821609,0.728,0.727,91013500,0.726,66068800,0.725,54361300,0.724,36382500,0.723,29801300,0.728,13229900,0.729,81875400,0.73,145244400,0.731,87266900,0.732,44578200,127,100,0
sh513130,09:43:32,1766972615391,5579.97,0.9012,2.5684,0.728,0.7286,-0.0823,54500,39676,0.728,0.727,90073500,0.726,66168800,0.725,56269300,0.724,36382500,0.723,29801300,0.728,8990000,0.729,82404200,0.73,145630900,0.731,85396900,0.732,44682000,95,100,0
sh513130,09:43:35,1766972618373,5579.01,0.9012,3.1395,0.727,0.7286,-0.2196,522900,380647,0.728,0.727,90529900,0.726,66325600,0.725,57140000,0.724,37982500,0.723,29801300,0.728,32827700,0.729,84489300,0.73,144803900,0.731,76946700,0.732,44684000,720,100,0
sh513130,09:43:38,1766972620373,5580.34,0.9012,3.4293,0.727,0.7286,-0.2196,241300,175427,0.727,0.727,90092100,0.726,66325700,0.725,58091300,0.724,37982500,0.723,31799900,0.728,23674800,0.729,84954100,0.73,143780100,0.731,86720400,0.732,44595400,545,100,0
sh513130,09:43:41,1766972623368,5578.8,0.9012,1.5962,0.727,0.7286,-0.2196,40800,29675,0.7273,0.727,90113000,0.726,66047600,0.725,58962000,0.724,37982500,0.723,31799900,0.728,24129800,0.729,85234900,0.73,143271900,0.731,86788900,0.732,44549300,172,100,0
sh513130,09:43:44,1766972626374,5578.32,0.9012,0.9423,0.727,0.7286,-0.2196,330000,239921,0.727,0.727,89495000,0.726,66067600,0.725,50374000,0.724,37982500,0.723,31799900,0.728,60689400,0.729,79394300,0.73,141597600,0.731,61851900,0.732,44522500,92,100,0
sh513130,09:43:47,1766972631376,5577.69,0.9012,1.594,0.727,0.7286,-0.2196,2157500,1568625,0.7271,0.727,86405000,0.726,66170500,0.725,51864000,0.724,37982500,0.723,31800600,0.728,64356100,0.729,81108600,0.73,143381600,0.731,61816800,0.732,44537500,171,100,0
sh513130,09:43:50,1766972632380,5577.69,0.9012,5.0406,0.727,0.7286,-0.2196,208300,151440,0.727,0.727,88205800,0.726,66170500,0.725,51786800,0.724,37992500,0.723,31800600,0.728,33491700,0.729,87454400,0.73,143967000,0.731,86712200,0.732,44400900,1175,100,0
sh513130,09:43:53,1766972635394,5578.5,0.9012,3.3032,0.727,0.7286,-0.2196,126300,91822,0.727,0.727,88140500,0.726,66159200,0.725,52656900,0.724,38001300,0.723,31810600,0.728,32217700,0.729,86324900,0.73,144823800,0.731,86662200,0.732,44381300,140,100,0
sh513130,09:43:56,1766972639397,5578.14,0.9012,3.6699,0.728,0.7286,-0.0823,391200,284415,0.727,0.727,87835800,0.726,66308200,0.725,53577000,0.724,38061400,0.723,31808100,0.728,34286400,0.729,88590500,0.73,144904900,0.731,86722600,0.732,44401300,141,100,0
sh513130,09:43:59,1766972642409,5577.57,0.9012,3.999,0.727,0.7286,-0.2196,344300,250311,0.727,0.727,86467400,0.726,66356800,0.725,55162300,0.724,38192300,0.723,32070100,0.728,44926100,0.729,90627900,0.73,146145800,0.731,77110300,0.732,44391300,1028,100,0
sh513130,09:44:02,1766972645409,5581.93,0.9012,4.9327,0.728,0.7286,-0.0823,6627600,4824685,0.728,0.727,89366100,0.726,66357800,0.725,54049900,0.724,38329000,0.723,32077100,0.728,11107900,0.729,93965100,0.73,150235500,0.731,86758900,0.732,44396300,157,100,0
sh513130,09:44:05,1766972648424,5581.25,0.9012,3.0075,0.728,0.7286,-0.0823,12320200,8969097,0.728,0.728,22006100,0.727,86503500,0.726,65424500,0.725,55089200,0.724,38329000,0.729,95378000,0.73,151283700,0.731,87159400,0.732,44503600,0.733,33141100,583,100,0
sh513130,09:44:08,1766972651406,5581.52,0.9012,3.5142,0.728,0.7286,-0.0823,439600,320029,0.728,0.728,48575200,0.727,81155500,0.726,65478000,0.725,52599800,0.724,38344000,0.729,90820500,0.73,152195600,0.731,87055400,0.732,44500500,0.733,33141100,125,100,0
sh513130,09:44:11,1766972653409,5582.45,0.9012,4.1803,0.728,0.7286,-0.0823,727200,529683,0.7284,0.728,57480200,0.727,81161500,0.726,65319600,0.725,47609800,0.724,38447600,0.729,59772800,0.73,152654000,0.731,88079300,0.732,74209300,0.733,33141100,171,100,0
sh513130,09:44:14,1766972656429,5583.32,0.9012,3.979,0.728,0.7285,-0.0686,232300,169158,0.7282,0.728,57758700,0.727,81133100,0.726,66175500,0.725,47585100,0.724,38442600,0.729,65232800,0.73,152767600,0.731,87979400,0.732,54842200,0.733,33141100,1143,100,0
sh513130,09:44:17,1766972660433,5582.67,0.9012,2.5254,0.728,0.7292,-0.1646,510800,371862,0.728,0.728,57281000,0.727,82161200,0.726,64403200,0.725,47601700,0.724,38442600,0.729,91235300,0.73,147247200,0.731,88037700,0.732,50343400,0.733,33180300,1166,100,0
sh513130,09:44:20,1766972662439,5583.68,0.9012,2.9506,0.728,0.7292,-0.1646,222300,161935,0.7285,0.728,53506800,0.727,82229600,0.726,66601800,0.725,47601700,0.724,38481600,0.729,92741200,0.73,147257800,0.731,87048700,0.732,50338400,0.733,33230300,1159,100,0
sh513130,09:44:23,1766972666440,5582.36,0.9012,2.0642,0.729,0.7292,-0.0274,279300,203579,0.7289,0.728,53614500,0.727,82668600,0.726,66693100,0.725,48472300,0.724,38481600,0.729,93390400,0.73,147226000,0.731,87965900,0.732,50388400,0.733,33232300,1157,100,0
sh513130,09:44:26,1766972668449,5582.99,0.9012,2.1247,0.729,0.7292,-0.0274,11300,8238,0.729,0.728,53609500,0.727,82529300,0.726,66762500,0.725,49342800,0.724,38481600,0.729,89402400,0.73,153491500,0.731,87745200,0.732,50418400,0.733,33257700,1184,100,0
sh513130,09:44:29,1766972671451,5583.99,0.9012,1.4049,0.728,0.7292,-0.1646,58700,42786,0.7289,0.728,54978600,0.727,84091800,0.726,65786300,0.725,50230400,0.724,38531600,0.729,89137600,0.73,154171100,0.731,88716300,0.732,50418400,0.733,33267700,215,100,0
sh513130,09:44:32,1766972674457,5584.97,0.9012,3.0423,0.728,0.7291,-0.1509,213900,155840,0.7286,0.728,55137700,0.727,84009900,0.726,65793300,0.725,51113300,0.724,38531600,0.729,96892700,0.73,150113600,0.731,87813200,0.732,50441700,0.733,33282700,753,100,0
sh513130,09:44:35,1766972678474,5583.81,0.9012,2.4532,0.728,0.7291,-0.1509,268800,195687,0.728,0.728,55392400,0.727,84009900,0.726,65839200,0.725,51163600,0.724,38449600,0.729,96379900,0.73,150383000,0.731,87813500,0.732,50441700,0.733,33604300,465,100,0
sh513130,09:44:38,1766972681480,5585.09,0.9012,4.5081,0.728,0.7291,-0.1509,1283100,934207,0.7281,0.728,55104800,0.727,84209800,0.726,66302400,0.725,51637200,0.724,38449600,0.729,97159900,0.73,151613100,0.731,87865500,0.732,50372100,0.733,33604300,235,100,0
sh513130,09:44:41,1766972684473,5584.68,0.9012,5.1443,0.728,0.7291,-0.1509,43500,31689,0.7285,0.728,55213200,0.727,84235800,0.726,66302400,0.725,51659600,0.724,38574800,0.729,97407600,0.73,152633100,0.731,88016900,0.732,50372100,0.733,33604300,1222,100,0
sh513130,09:44:44,1766972687499,5584.7,0.9012,4.7818,0.728,0.7292,-0.1646,949000,690872,0.728,0.728,54332600,0.727,84982200,0.726,66356800,0.725,51679600,0.724,38575800,0.729,97979200,0.73,153085900,0.731,88236200,0.732,50372100,0.733,33628900,215,100,0
sh513130,09:44:47,1766972689496,5585.17,0.9012,4.4533,0.729,0.7292,-0.0274,354400,258080,0.7282,0.728,63058100,0.727,85030900,0.726,66356800,0.725,51679600,0.724,38581800,0.729,98154900,0.73,154049000,0.731,88372300,0.732,50422100,0.733,33628900,297,100,0
sh513130,09:44:50,1766972692495,5585.17,0.9012,4.1293,0.729,0.7292,-0.0274,85800,62532,0.7288,0.728,64791900,0.727,84196300,0.726,66355800,0.725,51733200,0.724,38596800,0.729,97868700,0.73,155459400,0.731,88538600,0.732,50422100,0.733,33628900,1207,100,0
sh513130,09:44:53,1766972696488,5584.92,0.9012,1.2296,0.728,0.7291,-0.1509,53400,38897,0.7284,0.728,65722300,0.727,84283000,0.726,66367500,0.725,52838200,0.724,39212800,0.729,97917100,0.73,156217500,0.731,89528600,0.732,50437100,0.733,33629400,1171,100,0
sh513130,09:44:56,1766972699519,5584.61,0.9012,3.0382,0.728,0.7291,-0.1509,383900,279593,0.7283,0.728,67051300,0.727,84281500,0.726,66367500,0.725,52838200,0.724,39213100,0.729,97714600,0.73,157309500,0.731,89569400,0.732,51984800,0.733,33629400,254,100,0
sh513130,09:44:59,1766972701525,5584.55,0.9012,3.6331,0.728,0.7285,-0.0686,128500,93581,0.7283,0.728,62016900,0.727,84281400,0.726,66598800,0.725,52843200,0.724,39210700,0.729,99302700,0.73,159069600,0.731,89581500,0.732,50526800,0.733,33606400,282,100,0
sh513130,09:45:02,1766972704530,5584.5,0.9012,3.1031,0.728,0.7285,-0.0686,51700,37667,0.7286,0.728,67401700,0.727,84301400,0.726,66589300,0.725,52858200,0.724,39161100,0.729,100971400,0.73,161496500,0.731,88719700,0.732,50539500,0.733,33606400,591,100,0
sh513130,09:45:05,1766972707547,5584.8,0.9012,4.4446,0.728,0.7285,-0.0686,115300,84038,0.7289,0.728,67493500,0.727,84406800,0.726,66970000,0.725,52858200,0.724,39211100,0.729,100437400,0.73,162382000,0.731,89699700,0.732,50526500,0.733,33626400,280,100,0
sh513130,09:45:08,1766972710523,5584.24,0.9012,4.873,0.728,0.7291,-0.1509,56900,41424,0.728,0.728,67652000,0.727,84784300,0.726,66970000,0.725,52850800,0.724,39211100,0.729,101960600,0.73,162942300,0.731,89734900,0.732,50540900,0.733,33626400,108,100,0
sh513130,09:45:11,1766972714522,5586.12,0.9012,2.9264,0.728,0.7291,-0.1509,104500,76081,0.728,0.728,67574700,0.727,84743500,0.726,67010000,0.725,52569600,0.724,39182900,0.729,71800400,0.73,168897100,0.731,90234900,0.732,76159100,0.733,33626400,1256,100,0
sh513130,09:45:14,1766972717528,5588.36,0.9012,5.6524,0.728,0.7291,-0.1509,250900,182821,0.7287,0.728,70944000,0.727,84764400,0.726,65030000,0.725,52569600,0.724,40094200,0.729,54474500,0.73,157982600,0.731,91224900,0.732,76807100,0.733,34666400,292,100,0
sh513130,09:45:17,1766972719522,5589.39,0.9012,5.1073,0.728,0.7291,-0.1509,3208800,2338867,0.7289,0.728,65016500,0.727,84831600,0.726,66741600,0.725,53439000,0.724,40119100,0.729,44135700,0.73,158910000,0.731,93771900,0.732,76808100,0.733,35666400,274,100,0
sh513130,09:45:20,1766972723528,5589.75,0.9012,3.5452,0.729,0.7291,-0.0137,14420400,10512468,0.729,0.728,72955200,0.727,84877200,0.726,67613700,0.725,53449200,0.724,40136400,0.729,34191800,0.73,159426800,0.731,93813400,0.732,76808100,0.733,35672800,202,100,0
sh513130,09:45:23,1766972726534,5590.55,0.9012,2.7457,0.729,0.7298,-0.1096,9136500,6658884,0.7288,0.728,71606600,0.727,84995500,0.726,67633700,0.725,53449200,0.724,40239200,0.729,21954500,0.73,159538900,0.731,93911400,0.732,76808100,0.733,35675800,1056,100,0
sh513130,09:45:26,1766972728528,5590.64,0.9012,2.5524,0.729,0.7298,-0.1096,27135900,19782038,0.729,0.729,25423300,0.728,69430900,0.727,67280800,0.726,46641700,0.725,43444200,0.73,161861300,0.731,94911400,0.732,77620300,0.733,35718600,0.734,23386900,905,100,0
sh513130,09:45:29,1766972732551,5592.14,0.9012,1.7216,0.729,0.7298,-0.1096,8848200,6450337,0.729,0.729,15127200,0.728,70507900,0.727,69139800,0.726,47088400,0.725,43444200,0.73,162681600,0.731,94891400,0.732,79542500,0.733,35718600,0.734,23386900,600,100,0
sh513130,09:45:32,1766972734565,5592.41,0.9012,2.2629,0.729,0.7298,-0.1096,1114800,812690,0.729,0.729,16128400,0.728,71465300,0.727,69017400,0.726,42897700,0.725,43455300,0.73,162749600,0.731,94891400,0.732,81401700,0.733,35722500,0.734,23386900,446,100,0
sh513130,09:45:35,1766972739578,5591.83,0.9012,1.8888,0.73,0.7298,0.0274,838100,611141,0.7292,0.729,16574000,0.728,71600500,0.727,69024900,0.726,43773100,0.725,43441000,0.73,158701900,0.731,92495800,0.732,80722300,0.733,35083200,0.734,22820900,345,100,0
sh513130,09:45:38,1766972741582,5590.59,0.9012,3.3867,0.729,0.7298,-0.1096,1328500,968484,0.729,0.729,10733700,0.728,72148100,0.727,69134900,0.726,44623700,0.725,43444000,0.73,163943000,0.731,92557100,0.732,80798800,0.733,35145000,0.734,22820900,345,100,0
sh513130,09:45:41,1766972743591,5589.88,0.9012,2.9625,0.729,0.7298,-0.1096,11020400,8033871,0.729,0.728,75885900,0.727,70316000,0.726,45896000,0.725,43456500,0.724,40407700,0.729,12044600,0.73,160620800,0.731,91581300,0.732,79811400,0.733,35145000,308,100,0
sh513130,09:45:44,1766972746587,5590.55,0.9012,3.7969,0.728,0.7298,-0.2466,200200,145753,0.728,0.728,76212300,0.727,70246900,0.726,46765300,0.725,43511500,0.724,40721500,0.729,11292100,0.73,160333500,0.731,91583300,0.732,80273500,0.733,35195000,1332,100,0
sh513130,09:45:47,1766972750586,5591.25,0.9012,2.0226,0.729,0.7297,-0.0959,1305900,951941,0.729,0.728,76097500,0.727,69289100,0.726,53109800,0.725,43511500,0.724,40721500,0.729,8179100,0.73,160339000,0.731,91643300,0.732,80283500,0.733,35195000,1349,100,0
sh513130,09:45:50,1766972752586,5591.96,0.9012,2.6337,0.729,0.7297,-0.0959,178300,129924,0.7287,0.728,76140800,0.727,69621600,0.726,53160700,0.725,44670800,0.724,40744600,0.729,955100,0.73,160393100,0.731,91660300,0.732,80303900,0.733,35195000,1235,100,0
sh513130,09:45:53,1766972756609,5591.85,0.9012,4.0125,0.729,0.7304,-0.1917,2777700,2024933,0.729,0.728,76142200,0.727,69671600,0.726,53241300,0.725,45426300,0.724,40744600,0.729,9402000,0.73,160470000,0.731,91739300,0.732,80731900,0.733,34696300,946,100,0
sh513130,09:45:56,1766972759609,5590.64,0.9012,2.4972,0.728,0.7304,-0.3286,3261300,2377468,0.729,0.728,75851700,0.727,69866900,0.726,53530300,0.725,43676900,0.724,40744600,0.729,6394800,0.73,162825400,0.731,92819300,0.732,82575100,0.733,34699300,63,100,0
sh513130,09:45:59,1766972761605,5590.59,0.9012,2.29,0.729,0.7304,-0.1917,960400,700109,0.729,0.728,76567600,0.727,70070900,0.726,53530300,0.725,44547400,0.724,40744600,0.729,402400,0.73,163668800,0.731,92889300,0.732,82575100,0.733,38008200,362,100,0
sh513130,09:46:02,1766972764609,5592.12,0.9012,1.1464,0.729,0.7304,-0.1917,1086600,792080,0.729,0.729,425200,0.728,76536700,0.727,70390100,0.726,53530300,0.725,45417900,0.73,166411200,0.731,92900300,0.732,82595100,0.733,35128200,0.734,22820900,346,100,0
sh513130,09:46:05,1766972767605,5592.59,0.9012,2.771,0.729,0.7304,-0.1917,1106900,807714,0.7297,0.729,40079200,0.728,76623100,0.727,69492400,0.726,52930300,0.725,43676900,0.73,161781700,0.731,92900300,0.732,84676500,0.733,35143200,0.734,22820900,410,100,0
sh513130,09:46:08,1766972770607,5593.31,0.9012,2.3751,0.73,0.7298,0.0274,241600,176363,0.73,0.729,51423100,0.728,70382300,0.727,68593400,0.726,53981100,0.725,42086900,0.73,155721900,0.731,92900300,0.732,86528700,0.733,35183200,0.734,22820900,1408,100,0
sh513130,09:46:11,1766972774612,5595.95,0.9012,5.9359,0.73,0.7298,0.0274,1075700,784903,0.7297,0.729,60151800,0.728,70525500,0.727,67605900,0.726,49241600,0.725,42106900,0.73,130677600,0.731,82901300,0.732,86403700,0.733,64952500,0.734,22820900,1393,100,0
sh513130,09:46:14,1766972777621,5596.03,0.9012,8.5172,0.73,0.7298,0.0274,196400,143362,0.7299,0.729,62393100,0.728,71238400,0.727,68891000,0.726,48642800,0.725,42758700,0.73,129803200,0.731,82134500,0.732,87993700,0.733,65555500,0.734,23450900,377,100,0
sh513130,09:46:17,1766972780616,5595.48,0.9012,5.4792,0.73,0.7304,-0.0548,1110900,810272,0.7294,0.729,62638700,0.728,70936800,0.727,69882800,0.726,48613300,0.725,42758700,0.73,132150400,0.731,82135500,0.732,88003700,0.733,65583200,0.734,23551000,1271,100,0
sh513130,09:46:20,1766972783608,5596.81,0.9012,3.3652,0.73,0.7304,-0.0548,96200,70201,0.7297,0.729,64396800,0.728,70989400,0.727,70410100,0.726,48613300,0.725,42758700,0.73,132007500,0.731,85115600,0.732,88003700,0.733,65626600,0.734,23551000,391,100,0
sh513130,09:46:23,1766972785621,5595.62,0.9012,3.1056,0.73,0.7305,-0.0684,659200,481130,0.7299,0.729,64448100,0.728,71492200,0.727,71241600,0.726,48613300,0.725,42745700,0.73,131760900,0.731,83731900,0.732,89075900,0.733,65629600,0.734,23601000,436,100,0
sh513130,09:46:26,1766972789641,5596.24,0.9012,3.6502,0.73,0.7305,-0.0684,1261100,920470,0.7299,0.729,64490700,0.728,71616200,0.727,72110700,0.726,48621800,0.725,41745700,0.73,121032100,0.731,91559100,0.732,88953600,0.733,64629600,0.734,22601000,441,100,0
sh513130,09:46:29,1766972791635,5595.47,0.9012,3.1377,0.729,0.7304,-0.1917,4103400,2995396,0.73,0.729,64883600,0.728,71713400,0.727,73119300,0.726,48621800,0.725,41745700,0.73,116124700,0.731,91535000,0.732,88999600,0.733,64639600,0.734,22601000,422,100,0
sh513130,09:46:32,1766972794631,5595.77,0.9012,2.4362,0.729,0.7304,-0.1917,1112400,811938,0.7299,0.729,65022900,0.728,71756800,0.727,74017400,0.726,48661500,0.725,41745700,0.73,115462700,0.731,85782700,0.732,89066700,0.733,64664600,0.734,22703000,149,100,0
sh513130,09:46:35,1766972797620,5596.5,0.9012,1.9253,0.729,0.7304,-0.1917,531600,388033,0.7299,0.729,65083700,0.728,71873300,0.727,74875500,0.726,48501200,0.725,41938200,0.73,115489100,0.731,91462700,0.732,89073200,0.733,64721600,0.734,22703000,359,100,0
sh513130,09:46:38,1766972800632,5596.55,0.9012,3.0353,0.729,0.7304,-0.1917,341400,249140,0.7298,0.729,65166300,0.728,72087600,0.727,75743600,0.726,48292600,0.725,41943200,0.73,112322900,0.731,91362800,0.732,89673200,0.733,64837800,0.734,22703000,1379,100,0
sh513130,09:46:41,1766972803622,5597.65,0.9012,1.974,0.73,0.7304,-0.0548,520200,379515,0.7296,0.729,66396200,0.728,72220400,0.727,75846200,0.726,48342600,0.725,41943200,0.73,112803900,0.731,92412800,0.732,90194000,0.733,65249500,0.734,22703000,390,100,0
sh513130,09:46:44,1766972806642,5597.49,0.9012,4.1298,0.729,0.7305,-0.2053,142800,104202,0.7297,0.729,66597700,0.728,72255700,0.727,76138900,0.726,48342600,0.725,41953200,0.73,109659100,0.731,92553500,0.732,90275500,0.733,66140500,0.734,22703000,1396,100,0
sh513130,09:46:47,1766972809646,5597.39,0.9012,4.3915,0.73,0.7304,-0.0548,418900,305796,0.73,0.729,66927700,0.728,72350000,0.727,77415100,0.726,48277400,0.725,41959700,0.73,109455200,0.731,92554800,0.732,90340900,0.733,66140500,0.734,23703000,87,100,0
sh513130,09:46:50,1766972813654,5596.8,0.9012,5.032,0.73,0.7304,-0.0548,236200,172423,0.73,0.729,67101800,0.728,72377300,0.727,77899300,0.726,48211000,0.725,41959700,0.73,109378600,0.731,92554800,0.732,90355900,0.733,67011500,0.734,23703000,436,100,0
sh513130,09:46:53,1766972816657,5597.82,0.9012,2.6264,0.73,0.7304,-0.0548,1256700,917252,0.7299,0.729,67489600,0.728,72349400,0.727,77572400,0.726,48211000,0.725,41959700,0.73,108462000,0.731,91619100,0.732,90371900,0.733,67872500,0.734,23703000,616,100,0
sh513130,09:46:56,1766972818662,5598.6,0.9012,4.7151,0.73,0.7304,-0.0548,1097900,800745,0.7293,0.729,66883400,0.728,75378600,0.727,78273900,0.726,48212400,0.725,41959700,0.73,108117200,0.731,91653100,0.732,90413900,0.733,68733500,0.734,23703000,458,100,0
sh513130,09:46:59,1766972821658,5598.22,0.9012,5.9192,0.73,0.7304,-0.0548,656200,478794,0.7296,0.729,66571100,0.728,75362600,0.727,78375100,0.726,48318900,0.725,42101700,0.73,107877200,0.731,91656800,0.732,91445100,0.733,69590500,0.734,23713000,454,100,0
sh513130,09:47:02,1766972824653,5598.41,0.9012,4.5323,0.729,0.7311,-0.2872,212000,154677,0.7296,0.729,68591400,0.728,75634600,0.727,78840100,0.726,48316900,0.725,42089700,0.73,109307800,0.731,91623500,0.732,91773900,0.733,71334000,0.734,23713000,1380,100,0
sh513130,09:47:05,1766972827646,5599.99,0.9012,3.5295,0.729,0.7311,-0.2872,43800,31933,0.7291,0.729,68767700,0.728,75733900,0.727,78890100,0.726,48316900,0.725,42096100,0.73,109314500,0.731,91666300,0.732,91773900,0.733,72231500,0.734,23715000,406,100,0
sh513130,09:47:08,1766972830643,5598.98,0.9012,3.7712,0.73,0.7311,-0.1505,896300,654060,0.7297,0.729,68619900,0.728,75725000,0.727,79114400,0.726,48566700,0.725,42106100,0.73,108951100,0.731,91630900,0.732,91794900,0.733,73115000,0.734,23715200,1422,100,0
sh513130,09:47:11,1766972833658,5599.64,0.9012,2.4653,0.73,0.7311,-0.1505,8084300,5901528,0.73,0.729,68571300,0.728,75711000,0.727,78875800,0.726,48467700,0.725,42919300,0.73,101331000,0.731,92144900,0.732,91950900,0.733,73978300,0.734,23766500,333,100,0
sh513130,09:47:14,1766972837643,5599.13,0.9012,1.4531,0.73,0.7311,-0.1505,3668700,2677512,0.7298,0.729,68073900,0.728,76377700,0.727,79535800,0.726,48468600,0.725,42919300,0.73,96802700,0.731,92775100,0.732,93351500,0.733,74833900,0.734,23826500,12,100,0
sh513130,09:47:17,1766972839654,5599.63,0.9012,-0.5207,0.73,0.7311,-0.1505,6464400,4718932,0.73,0.729,69998400,0.728,77230900,0.727,79585800,0.726,43691400,0.725,42918300,0.73,94422100,0.731,93203200,0.732,83366500,0.733,74943900,0.734,23836700,425,100,0
sh513130,09:47:20,1766972842657,5599.97,0.9012,0.8278,0.73,0.7311,-0.1505,1021800,745873,0.73,0.729,70896800,0.728,78412800,0.727,79476400,0.726,44092700,0.725,42938300,0.73,94102800,0.731,93218200,0.732,83367600,0.733,74918900,0.734,23836700,714,100,0
sh513130,09:47:23,1766972845647,5598.86,0.9012,1.5787,0.73,0.7311,-0.1505,507000,369907,0.7296,0.729,70705900,0.728,79379400,0.727,79635900,0.726,44094800,0.725,42025000,0.73,93657600,0.731,93755200,0.732,83388400,0.733,75218900,0.734,23836700,438,100,0
sh513130,09:47:26,1766972849646,5599.45,0.9012,3.4248,0.73,0.7311,-0.1505,319700,233375,0.73,0.729,71574500,0.728,76890300,0.727,79648900,0.726,44094900,0.725,42025000,0.73,94775500,0.731,93803200,0.732,83733100,0.733,75747900,0.734,23736700,437,100,0
sh513130,09:47:29,1766972851642,5599.47,0.9012,2.9372,0.73,0.7318,-0.246,112100,81823,0.7299,0.729,71937300,0.728,76759500,0.727,79649400,0.726,43964200,0.725,42030000,0.73,94570600,0.731,93909200,0.732,83838600,0.733,75757900,0.734,24536500,424,100,0
sh513130,09:47:32,1766972854650,5598.88,0.9012,1.8463,0.73,0.7311,-0.1505,328800,239893,0.7296,0.729,73449200,0.728,76543500,0.727,79659400,0.726,44933500,0.725,42030000,0.73,94634000,0.731,94074400,0.732,83838600,0.733,75757900,0.734,24536500,1431,100,0
sh513130,09:47:35,1766972857653,5598.44,0.9012,4.3914,0.73,0.7311,-0.1505,90200,65845,0.73,0.729,73674400,0.728,77532300,0.727,79664400,0.726,45802800,0.725,42130000,0.73,94544800,0.731,94189400,0.732,84810800,0.733,75747900,0.734,24536500,407,100,0
sh513130,09:47:38,1766972860639,5598.17,0.9012,2.7261,0.73,0.7311,-0.1505,703100,513163,0.7299,0.729,75803900,0.728,76392300,0.727,79537600,0.726,46674100,0.725,42135000,0.73,94150100,0.731,94383200,0.732,83420700,0.733,75782900,0.734,24536500,1408,100,0
sh513130,09:47:41,1766972864663,5598.0,0.9012,3.6462,0.73,0.7311,-0.1505,821200,599158,0.7296,0.729,75984700,0.728,75952800,0.727,79538600,0.726,47455300,0.725,42135000,0.73,93529100,0.731,94607300,0.732,83483600,0.733,75782900,0.734,24536500,1165,100,0
sh513130,09:47:44,1766972866663,5599.06,0.9012,4.4857,0.73,0.7311,-0.1505,245300,178893,0.7293,0.729,76757100,0.728,75962800,0.727,79548600,0.726,46893000,0.725,42039200,0.73,93832800,0.731,94778300,0.732,84400800,0.733,75884900,0.734,25098700,982,100,0
sh513130,09:47:47,1766972869659,5598.87,0.9012,4.0463,0.73,0.7311,-0.1505,243000,177171,0.7291,0.729,76741200,0.728,76044600,0.727,79661600,0.726,46919000,0.725,42039200,0.73,93855800,0.731,94766500,0.732,85303400,0.733,75863100,0.734,25101500,453,100,0
sh513130,09:47:50,1766972872656,5599.4,0.9012,5.2006,0.729,0.7311,-0.2872,1167500,851262,0.7291,0.729,75730500,0.728,76072100,0.727,79583900,0.726,46919000,0.725,42039200,0.73,94160500,0.731,95540400,0.732,86201700,0.733,75473100,0.734,25197500,492,100,0
sh513130,09:47:53,1766972875661,5598.7,0.9012,4.488,0.729,0.7311,-0.2872,45400,33109,0.7293,0.729,76196800,0.728,76082100,0.727,79683900,0.726,46953900,0.725,42039200,0.73,94183100,0.731,95557500,0.732,87106700,0.733,75505100,0.734,25218500,471,100,0
sh513130,09:47:56,1766972879662,5598.01,0.9012,5.2707,0.729,0.7311,-0.2872,234800,171317,0.7296,0.729,76802700,0.728,76045400,0.727,79683900,0.726,46949900,0.725,42044200,0.73,94161100,0.731,95544300,0.732,88071900,0.733,75541900,0.734,25218500,501,100,0
sh513130,09:47:59,1766972881664,5597.14,0.9012,5.3911,0.73,0.7311,-0.1505,177100,129130,0.7291,0.729,76771500,0.728,76099400,0.727,79787000,0.726,46949900,0.725,42197100,0.73,94134900,0.731,95696400,0.732,88934100,0.733,75617500,0.734,25228200,438,100,0
sh513130,09:48:02,1766972885665,5598.33,0.9012,4.4871,0.729,0.7311,-0.2872,293700,214162,0.7292,0.729,76752800,0.728,76195900,0.727,79817000,0.726,46949900,0.725,42197100,0.73,94713100,0.731,95776400,0.732,90216300,0.733,75583700,0.734,25241200,423,100,0
sh513130,09:48:05,1766972887679,5597.98,0.9012,3.1295,0.73,0.7311,-0.1505,168000,122599,0.7298,0.729,76786700,0.728,76195900,0.727,80192300,0.726,46949900,0.725,42197100,0.73,95375000,0.731,95778500,0.732,91078500,0.733,75799400,0.734,25341200,436,100,0
sh513130,09:48:08,1766972890676,5598.13,0.9012,3.0349,0.729,0.7311,-0.2872,43400,31668,0.7297,0.729,81099700,0.728,76214800,0.727,80193700,0.726,47004900,0.725,42160200,0.73,95433400,0.731,95778600,0.732,91940700,0.733,75799400,0.734,25341200,1282,100,0
sh513130,09:48:11,1766972893672,5597.83,0.9012,3.1273,0.73,0.7311,-0.1505,282300,206010,0.7298,0.729,81051200,0.728,76224800,0.727,80152400,0.726,46994900,0.725,43160200,0.73,98493600,0.731,95783900,0.732,92793700,0.733,75799400,0.734,25306700,413,100,0
sh513130,09:48:14,1766972896673,5597.76,0.9012,2.8492,0.729,0.7311,-0.2872,101200,73802,0.7293,0.729,81365200,0.728,76224900,0.727,79632400,0.726,46994900,0.725,43160200,0.73,96724500,0.731,96080300,0.732,93515300,0.733,75678000,0.734,25562400,823,100,0
sh513130,09:48:17,1766972900689,5596.75,0.9012,0.9183,0.729,0.7311,-0.2872,177100,129172,0.7294,0.729,81429900,0.728,76298800,0.727,79193100,0.726,47064900,0.725,43160200,0.73,102892200,0.731,91056600,0.732,93525300,0.733,75678000,0.734,25562400,529,100,0
sh513130,09:48:20,1766972902690,5596.5,0.9012,0.8857,0.729,0.7311,-0.2872,8295600,6047759,0.729,0.729,84117400,0.728,76298800,0.727,80183100,0.726,47064900,0.725,43194800,0.73,97570200,0.731,96655400,0.732,93570200,0.733,75678000,0.734,25562400,374,100,0
sh513130,09:48:23,1766972906678,5596.75,0.9012,3.8038,0.729,0.7304,-0.1917,929800,678465,0.7297,0.729,81924300,0.728,76330900,0.727,80223200,0.726,47064900,0.725,43194800,0.73,120458600,0.731,88415500,0.732,93585700,0.733,60698000,0.734,25620200,57,100,0
sh513130,09:48:26,1766972908681,5594.73,0.9012,5.5288,0.729,0.7304,-0.1917,744900,543708,0.7299,0.729,81958800,0.728,76384300,0.727,80235500,0.726,47074900,0.725,43194800,0.73,122540800,0.731,88429500,0.732,93585700,0.733,60698000,0.734,25626600,1444,100,0
sh513130,09:48:29,1766972911686,5592.95,0.9012,0.8077,0.73,0.7311,-0.1505,95800,69843,0.7291,0.729,72264200,0.728,81984300,0.727,81225800,0.726,47094900,0.725,43194800,0.73,125957000,0.731,88376500,0.732,91605700,0.733,60698000,0.734,25626600,444,100,0
sh513130,09:48:32,1766972914683,5595.7,0.9012,1.4284,0.73,0.7298,0.0274,236800,172675,0.7292,0.729,79454200,0.728,76914300,0.727,81242600,0.726,47094900,0.725,43206600,0.73,110359800,0.731,88395200,0.732,92595800,0.733,75883300,0.734,25666600,1490,100,0
sh513130,09:48:35,1766972918675,5597.06,0.9012,1.3799,0.73,0.7298,0.0274,7287200,5312396,0.729,0.729,74323200,0.728,77089700,0.727,80252600,0.726,47489900,0.725,43243900,0.73,115331300,0.731,89937500,0.732,92649800,0.733,75888300,0.734,25666600,1268,100,0
sh513130,09:48:38,1766972920687,5596.51,0.9012,2.5906,0.73,0.7311,-0.1505,181900,132778,0.73,0.729,75389000,0.728,77111200,0.727,79262600,0.726,47450000,0.725,43257700,0.73,109302500,0.731,89920600,0.732,93677300,0.733,75879600,0.734,25666600,1123,100,0
sh513130,09:48:41,1766972923689,5598.02,0.9012,2.1408,0.73,0.7311,-0.1505,283800,207148,0.7299,0.729,75492900,0.728,77242100,0.727,79227900,0.726,47050000,0.725,43257700,0.73,108821800,0.731,95556600,0.732,93677300,0.733,75887100,0.734,25666600,460,100,0
