symbol,tx_server_time,tx_local_time,bd_server_time,bd_local_time,price,iopv,premium_rate,index_price,fx_rate,sentiment,tick_vol,tick_amt,tick_vwap,interval_s,bp1,bv1,bp2,bv2,bp3,bv3,bp4,bv4,bp5,bv5,sp1,sv1,sp2,sv2,sp3,sv3,sp4,sv4,sp5,sv5,idx_delay_ms,fut_delay_ms,data_flags
sh513130,09:30:03,1767663007135,09:31:06,1767663006750,0.75,0.7517,-0.2262,5788.68,0.8972,3.5145,0,0,0.75,0.0,0.750,52706400,0.749,26407000,0.748,28129300,0.747,28013800,0.746,24287000,0.751,18560700,0.752,20310800,0.753,27579600,0.754,31690400,0.755,32930700,384,0,1
sh513130,09:30:06,1767663008122,09:31:06,1767663006750,0.75,0.7524,-0.319,5788.68,0.8972,3.2923,8820400,6622140,0.7508,0.987,0.750,50655900,0.749,28456000,0.748,28929500,0.747,26874400,0.746,25852800,0.751,15000800,0.752,22993700,0.753,30046600,0.754,33010500,0.755,35764700,1372,0,0
sh513130,09:30:06,1767663009134,09:31:08,1767663008530,0.75,0.7524,-0.319,5790.0,0.8972,2.4808,0,0,0.75,1.012,0.750,50655900,0.749,28456000,0.748,28929500,0.747,26874400,0.746,25852800,0.751,15000800,0.752,22993700,0.753,30046600,0.754,33010500,0.755,35764700,604,0,0
sh513130,09:30:06,1767663010136,09:31:08,1767663008530,0.75,0.7524,-0.319,5790.0,0.8972,3.7785,0,0,0.75,1.003,0.750,50655900,0.749,28456000,0.748,28929500,0.747,26874400,0.746,25852800,0.751,15000800,0.752,22993700,0.753,30046600,0.754,33010500,0.755,35764700,1606,0,0
sh513130,09:30:09,1767663011142,09:31:10,1767663010609,0.75,0.7524,-0.319,5792.2,0.8972,3.7781,5952700,4469696,0.7509,1.005,0.750,20292400,0.749,33756700,0.748,36857200,0.747,30833100,0.746,26379900,0.751,11210000,0.752,26018800,0.753,41830400,0.754,36027600,0.755,37128600,532,0,0
sh513130,09:30:09,1767663012141,09:31:10,1767663010609,0.75,0.7524,-0.319,5792.2,0.8972,3.6877,0,0,0.75,0.999,0.750,20292400,0.749,33756700,0.748,36857200,0.747,30833100,0.746,26379900,0.751,11210000,0.752,26018800,0.753,41830400,0.754,36027600,0.755,37128600,1531,0,0
sh513130,09:30:09,1767663013148,09:31:12,1767663012868,0.75,0.7524,-0.319,5791.59,0.8972,3.6856,0,0,0.75,1.007,0.750,20292400,0.749,33756700,0.748,36857200,0.747,30833100,0.746,26379900,0.751,11210000,0.752,26018800,0.753,41830400,0.754,36027600,0.755,37128600,280,0,0
sh513130,09:30:09,1767663014148,09:31:12,1767663012868,0.75,0.7524,-0.319,5791.59,0.8972,3.1902,0,0,0.75,1.0,0.750,20292400,0.749,33756700,0.748,36857200,0.747,30833100,0.746,26379900,0.751,11210000,0.752,26018800,0.753,41830400,0.754,36027600,0.755,37128600,1279,0,0
sh513130,09:30:12,1767663015147,09:31:14,1767663014912,0.75,0.7524,-0.319,5789.45,0.8972,3.3799,3781200,2838043,0.7506,0.999,0.750,20270100,0.749,33921300,0.748,37529600,0.747,36329200,0.746,26457600,0.751,10974400,0.752,36251400,0.753,42458400,0.754,36506500,0.755,39148000,235,0,0
sh513130,09:30:12,1767663016138,09:31:14,1767663014912,0.75,0.7524,-0.319,5789.45,0.8972,2.2397,0,0,0.75,0.991,0.750,20270100,0.749,33921300,0.748,37529600,0.747,36329200,0.746,26457600,0.751,10974400,0.752,36251400,0.753,42458400,0.754,36506500,0.755,39148000,1226,0,0
sh513130,09:30:15,1767663017140,09:31:16,1767663017076,0.75,0.7524,-0.319,5789.2,0.8972,0.9948,3193600,2397036,0.7506,1.003,0.750,17019600,0.749,35056300,0.748,37781300,0.747,38854300,0.746,26477700,0.751,11185900,0.752,36435800,0.753,42724300,0.754,36935700,0.755,40750000,64,0,0
sh513130,09:30:15,1767663018135,09:31:16,1767663017076,0.75,0.7524,-0.319,5789.2,0.8972,2.1707,0,0,0.75,0.995,0.750,17019600,0.749,35056300,0.748,37781300,0.747,38854300,0.746,26477700,0.751,11185900,0.752,36435800,0.753,42724300,0.754,36935700,0.755,40750000,1058,0,0
sh513130,09:30:15,1767663019143,09:31:18,1767663018594,0.75,0.7524,-0.319,5791.71,0.8972,1.7785,0,0,0.75,1.008,0.750,17019600,0.749,35056300,0.748,37781300,0.747,38854300,0.746,26477700,0.751,11185900,0.752,36435800,0.753,42724300,0.754,36935700,0.755,40750000,548,0,0
sh513130,09:30:18,1767663020146,09:31:18,1767663019245,0.75,0.7524,-0.319,5791.71,0.8972,1.8019,9225400,6925590,0.7507,1.004,0.750,22134400,0.749,35993400,0.748,38854500,0.747,39950800,0.746,32829200,0.751,8189100,0.752,37936300,0.753,44781700,0.754,38910200,0.755,42255700,901,0,0
sh513130,09:30:18,1767663021128,09:31:20,1767663020618,0.75,0.7524,-0.319,5788.6,0.8972,0.9668,0,0,0.75,0.982,0.750,22134400,0.749,35993400,0.748,38854500,0.747,39950800,0.746,32829200,0.751,8189100,0.752,37936300,0.753,44781700,0.754,38910200,0.755,42255700,510,0,0
sh513130,09:30:18,1767663022121,09:31:20,1767663021416,0.75,0.7524,-0.319,5788.6,0.8972,0.6364,0,0,0.75,0.992,0.750,22134400,0.749,35993400,0.748,38854500,0.747,39950800,0.746,32829200,0.751,8189100,0.752,37936300,0.753,44781700,0.754,38910200,0.755,42255700,704,0,0
sh513130,09:30:18,1767663023134,09:31:22,1767663022566,0.75,0.7524,-0.319,5787.51,0.8972,1.0227,0,0,0.75,1.013,0.750,22134400,0.749,35993400,0.748,38854500,0.747,39950800,0.746,32829200,0.751,8189100,0.752,37936300,0.753,44781700,0.754,38910200,0.755,42255700,567,0,0
sh513130,09:30:21,1767663024147,09:31:22,1767663023611,0.75,0.7524,-0.319,5787.51,0.8972,1.0024,5726100,4299230,0.7508,1.013,0.750,21758600,0.749,36134000,0.748,38999400,0.747,35635200,0.746,33281000,0.751,4820700,0.752,33824500,0.753,45139000,0.754,39073300,0.755,44399600,536,0,0
sh513130,09:30:21,1767663025146,09:31:24,1767663024568,0.75,0.7524,-0.319,5785.65,0.8972,1.484,0,0,0.75,0.999,0.750,21758600,0.749,36134000,0.748,38999400,0.747,35635200,0.746,33281000,0.751,4820700,0.752,33824500,0.753,45139000,0.754,39073300,0.755,44399600,577,0,0
sh513130,09:30:24,1767663026140,09:31:24,1767663025792,0.751,0.7524,-0.1861,5785.65,0.8972,2.3332,7644900,5740789,0.7509,0.994,0.751,5185400,0.750,13496700,0.749,31111800,0.748,39247500,0.747,33830400,0.752,34239100,0.753,45830300,0.754,39735600,0.755,46391600,0.756,32457500,347,0,0
sh513130,09:30:21,1767663027130,09:31:26,1767663026657,0.75,0.7524,-0.319,5784.54,0.8972,2.9938,0,0,0.75,0.991,0.750,21758600,0.749,36134000,0.748,38999400,0.747,35635200,0.746,33281000,0.751,4820700,0.752,33824500,0.753,45139000,0.754,39073300,0.755,44399600,473,0,1
sh513130,09:30:24,1767663028127,09:31:26,1767663027956,0.751,0.7524,-0.1861,5784.54,0.8972,2.9374,7644900,5740789,0.7509,0.997,0.751,5185400,0.750,13496700,0.749,31111800,0.748,39247500,0.747,33830400,0.752,34239100,0.753,45830300,0.754,39735600,0.755,46391600,0.756,32457500,170,0,0
sh513130,09:30:27,1767663029135,09:31:28,1767663028606,0.75,0.7524,-0.319,5785.18,0.8972,2.1356,6585900,4945581,0.7509,1.007,0.750,22376000,0.749,35801700,0.748,44483100,0.747,39656800,0.746,33593400,0.751,9445400,0.752,42109800,0.753,49596100,0.754,40009500,0.755,48115000,528,0,0
sh513130,09:30:27,1767663030137,09:31:28,1767663030124,0.75,0.7524,-0.319,5785.18,0.8972,2.0942,0,0,0.75,1.002,0.750,22376000,0.749,35801700,0.748,44483100,0.747,39656800,0.746,33593400,0.751,9445400,0.752,42109800,0.753,49596100,0.754,40009500,0.755,48115000,12,0,0
sh513130,09:30:27,1767663031148,09:31:30,1767663030584,0.75,0.7524,-0.319,5785.18,0.8972,2.2057,0,0,0.75,1.011,0.750,22376000,0.749,35801700,0.748,44483100,0.747,39656800,0.746,33593400,0.751,9445400,0.752,42109800,0.753,49596100,0.754,40009500,0.755,48115000,563,0,0
sh513130,09:30:30,1767663032143,09:31:30,1767663030584,0.751,0.7524,-0.1861,5785.18,0.8972,2.1249,16485500,12370556,0.7504,0.995,0.750,8185100,0.749,35996700,0.748,44376900,0.747,41699800,0.746,33618500,0.751,14347200,0.752,44509900,0.753,49692300,0.754,37315900,0.755,49382600,1558,0,0
sh513130,09:30:30,1767663033146,09:31:32,1767663032578,0.751,0.7524,-0.1861,5786.65,0.8972,1.7582,0,0,0.751,1.003,0.750,8185100,0.749,35996700,0.748,44376900,0.747,41699800,0.746,33618500,0.751,14347200,0.752,44509900,0.753,49692300,0.754,37315900,0.755,49382600,568,0,0
sh513130,09:30:30,1767663034141,09:31:32,1767663032578,0.751,0.7524,-0.1861,5786.65,0.8972,3.5118,0,0,0.751,0.995,0.750,8185100,0.749,35996700,0.748,44376900,0.747,41699800,0.746,33618500,0.751,14347200,0.752,44509900,0.753,49692300,0.754,37315900,0.755,49382600,1563,0,0
sh513130,09:30:30,1767663035149,09:31:34,1767663034589,0.751,0.7524,-0.1861,5785.7,0.8972,3.1024,0,0,0.751,1.008,0.750,8185100,0.749,35996700,0.748,44376900,0.747,41699800,0.746,33618500,0.751,14347200,0.752,44509900,0.753,49692300,0.754,37315900,0.755,49382600,559,0,0
sh513130,09:30:33,1767663036156,09:31:34,1767663034589,0.751,0.7517,-0.0931,5785.7,0.8972,2.5022,6487500,4870488,0.7507,1.006,0.750,5975500,0.749,36188200,0.748,39912000,0.747,40829900,0.746,32700600,0.751,15804500,0.752,46662000,0.753,52972800,0.754,37465900,0.755,50145600,1566,0,0
sh513130,09:30:33,1767663037164,09:31:36,1767663036737,0.751,0.7517,-0.0931,5787.66,0.8972,5.83,0,0,0.751,1.008,0.750,5975500,0.749,36188200,0.748,39912000,0.747,40829900,0.746,32700600,0.751,15804500,0.752,46662000,0.753,52972800,0.754,37465900,0.755,50145600,426,0,0
sh513130,09:30:36,1767663038168,09:31:36,1767663036737,0.751,0.7517,-0.0931,5787.66,0.8972,7.0029,5653600,4242419,0.7504,1.004,0.750,18159000,0.749,49517200,0.748,43833100,0.747,29471400,0.746,28735600,0.751,8633400,0.752,59228600,0.753,53320800,0.754,37560700,0.755,50766000,1431,0,0
sh513130,09:30:36,1767663039166,09:31:38,1767663038802,0.751,0.7517,-0.0931,5790.44,0.8972,8.8548,0,0,0.751,0.997,0.750,18159000,0.749,49517200,0.748,43833100,0.747,29471400,0.746,28735600,0.751,8633400,0.752,59228600,0.753,53320800,0.754,37560700,0.755,50766000,363,0,0
sh513130,09:30:36,1767663040179,09:31:38,1767663038802,0.751,0.7517,-0.0931,5790.44,0.8972,8.7928,0,0,0.751,1.013,0.750,18159000,0.749,49517200,0.748,43833100,0.747,29471400,0.746,28735600,0.751,8633400,0.752,59228600,0.753,53320800,0.754,37560700,0.755,50766000,1376,0,0
sh513130,09:30:39,1767663041175,09:31:40,1767663040972,0.751,0.7517,-0.0931,5790.39,0.8972,8.0321,27215200,20444664,0.7512,0.996,0.751,51700,0.750,16575500,0.749,50024200,0.748,42236000,0.747,31426700,0.752,50610400,0.753,67747800,0.754,37612000,0.755,50831400,0.756,33128600,203,0,0
sh513130,09:30:39,1767663042170,09:31:40,1767663040972,0.751,0.7517,-0.0931,5790.39,0.8972,6.4979,0,0,0.751,0.995,0.751,51700,0.750,16575500,0.749,50024200,0.748,42236000,0.747,31426700,0.752,50610400,0.753,67747800,0.754,37612000,0.755,50831400,0.756,33128600,1198,0,0
sh513130,09:30:39,1767663043161,09:31:42,1767663043145,0.751,0.7517,-0.0931,5789.91,0.8972,5.572,0,0,0.751,0.991,0.751,51700,0.750,16575500,0.749,50024200,0.748,42236000,0.747,31426700,0.752,50610400,0.753,67747800,0.754,37612000,0.755,50831400,0.756,33128600,16,0,0
sh513130,09:30:42,1767663044156,09:31:42,1767663043145,0.751,0.7517,-0.0931,5789.91,0.8972,4.7395,6338500,4759276,0.7509,0.995,0.750,21571000,0.749,50143600,0.748,42288500,0.747,30504400,0.746,29539700,0.751,2170800,0.752,50376300,0.753,68084900,0.754,37698700,0.755,51111400,1011,0,0
sh513130,09:30:42,1767663045150,09:31:44,1767663044580,0.751,0.7517,-0.0931,5791.3,0.8972,4.1825,0,0,0.751,0.994,0.750,21571000,0.749,50143600,0.748,42288500,0.747,30504400,0.746,29539700,0.751,2170800,0.752,50376300,0.753,68084900,0.754,37698700,0.755,51111400,570,0,0
sh513130,09:30:42,1767663046166,09:31:44,1767663045320,0.751,0.7517,-0.0931,5791.3,0.8972,2.8338,0,0,0.751,1.016,0.750,21571000,0.749,50143600,0.748,42288500,0.747,30504400,0.746,29539700,0.751,2170800,0.752,50376300,0.753,68084900,0.754,37698700,0.755,51111400,845,0,0
sh513130,09:30:42,1767663047181,09:31:46,1767663046637,0.751,0.7517,-0.0931,5791.27,0.8972,3.6592,0,0,0.751,1.015,0.750,21571000,0.749,50143600,0.748,42288500,0.747,30504400,0.746,29539700,0.751,2170800,0.752,50376300,0.753,68084900,0.754,37698700,0.755,51111400,544,0,0
sh513130,09:30:45,1767663048192,09:31:46,1767663047502,0.751,0.7517,-0.0931,5791.27,0.8972,3.265,5335300,4006463,0.7509,1.011,0.751,670500,0.750,22968200,0.749,50244500,0.748,42464900,0.747,30527400,0.752,50098800,0.753,67155500,0.754,37821200,0.755,52442900,0.756,33155500,690,0,0
sh513130,09:30:45,1767663049186,09:31:48,1767663048574,0.751,0.7517,-0.0931,5792.01,0.8972,2.176,0,0,0.751,0.994,0.751,670500,0.750,22968200,0.749,50244500,0.748,42464900,0.747,30527400,0.752,50098800,0.753,67155500,0.754,37821200,0.755,52442900,0.756,33155500,611,0,0
sh513130,09:30:45,1767663050183,09:31:48,1767663049674,0.751,0.7517,-0.0931,5792.01,0.8972,3.2476,0,0,0.751,0.998,0.751,670500,0.750,22968200,0.749,50244500,0.748,42464900,0.747,30527400,0.752,50098800,0.753,67155500,0.754,37821200,0.755,52442900,0.756,33155500,509,0,0
sh513130,09:30:48,1767663051189,09:31:50,1767663050582,0.751,0.7524,-0.1861,5791.28,0.8972,2.8802,2233800,1677028,0.7508,1.006,0.750,22177400,0.749,50228400,0.748,41475800,0.747,29539500,0.746,29564000,0.751,191300,0.752,51397100,0.753,67497000,0.754,37847700,0.755,52572400,606,0,0
sh513130,09:30:51,1767663052187,09:31:50,1767663051856,0.751,0.7524,-0.1861,5791.28,0.8972,3.2913,2631100,1975954,0.751,0.998,0.750,26180400,0.749,50208400,0.748,41495800,0.747,30639500,0.746,30564000,0.751,162600,0.752,51144700,0.753,67811000,0.754,37907900,0.755,52725600,331,0,0
sh513130,09:30:51,1767663053195,09:31:52,1767663052632,0.751,0.7524,-0.1861,5790.97,0.8972,3.2302,0,0,0.751,1.007,0.750,26180400,0.749,50208400,0.748,41495800,0.747,30639500,0.746,30564000,0.751,162600,0.752,51144700,0.753,67811000,0.754,37907900,0.755,52725600,562,0,0
sh513130,09:30:51,1767663054182,09:31:52,1767663054026,0.751,0.7524,-0.1861,5790.97,0.8972,3.865,0,0,0.751,0.988,0.750,26180400,0.749,50208400,0.748,41495800,0.747,30639500,0.746,30564000,0.751,162600,0.752,51144700,0.753,67811000,0.754,37907900,0.755,52725600,156,0,0
sh513130,09:30:51,1767663055184,09:31:54,1767663054581,0.751,0.7524,-0.1861,5790.95,0.8972,2.8767,0,0,0.751,1.001,0.750,26180400,0.749,50208400,0.748,41495800,0.747,30639500,0.746,30564000,0.751,162600,0.752,51144700,0.753,67811000,0.754,37907900,0.755,52725600,602,0,0
sh513130,09:30:51,1767663056183,09:31:54,1767663054581,0.751,0.7524,-0.1861,5790.95,0.8972,2.3715,0,0,0.751,0.999,0.750,26180400,0.749,50208400,0.748,41495800,0.747,30639500,0.746,30564000,0.751,162600,0.752,51144700,0.753,67811000,0.754,37907900,0.755,52725600,1602,0,0
sh513130,09:30:54,1767663057188,09:31:56,1767663056593,0.75,0.7524,-0.319,5791.47,0.8972,2.0964,1596100,1198458,0.7509,1.005,0.750,27152400,0.749,50268400,0.748,41593900,0.747,30640500,0.746,30564000,0.751,24389400,0.752,52478100,0.753,67674400,0.754,37373900,0.755,52829600,594,0,0
sh513130,09:30:54,1767663058188,09:31:56,1767663056593,0.75,0.7524,-0.319,5791.47,0.8972,2.0629,0,0,0.75,1.0,0.750,27152400,0.749,50268400,0.748,41593900,0.747,30640500,0.746,30564000,0.751,24389400,0.752,52478100,0.753,67674400,0.754,37373900,0.755,52829600,1594,0,0
sh513130,09:30:54,1767663059184,09:31:58,1767663058597,0.75,0.7524,-0.319,5791.85,0.8972,1.6296,0,0,0.75,0.996,0.750,27152400,0.749,50268400,0.748,41593900,0.747,30640500,0.746,30564000,0.751,24389400,0.752,52478100,0.753,67674400,0.754,37373900,0.755,52829600,586,0,0
sh513130,09:30:57,1767663060181,09:31:58,1767663058597,0.751,0.7524,-0.1861,5791.85,0.8972,1.6118,1740600,1307128,0.751,0.997,0.750,29832700,0.749,50188400,0.748,41673900,0.747,30640500,0.746,30566500,0.751,25605000,0.752,53600600,0.753,68954200,0.754,37473500,0.755,52915100,1584,0,0
sh513130,09:30:57,1767663061181,09:32:00,1767663060643,0.751,0.7524,-0.1861,5792.34,0.8972,1.319,0,0,0.751,1.0,0.750,29832700,0.749,50188400,0.748,41673900,0.747,30640500,0.746,30566500,0.751,25605000,0.752,53600600,0.753,68954200,0.754,37473500,0.755,52915100,538,0,0
sh513130,09:30:57,1767663062182,09:32:00,1767663060643,0.751,0.7524,-0.1861,5792.34,0.8972,1.1977,0,0,0.751,1.001,0.750,29832700,0.749,50188400,0.748,41673900,0.747,30640500,0.746,30566500,0.751,25605000,0.752,53600600,0.753,68954200,0.754,37473500,0.755,52915100,1539,0,0
sh513130,09:31:00,1767663063195,09:32:02,1767663062713,0.751,0.7524,-0.1861,5795.96,0.8972,1.1965,1009200,757818,0.7509,1.012,0.750,32025900,0.749,51403400,0.748,42690600,0.747,30636500,0.746,30566500,0.751,21710200,0.752,54007600,0.753,69919200,0.754,38473100,0.755,53824300,481,0,0
sh513130,09:31:00,1767663064186,09:32:02,1767663062713,0.751,0.7524,-0.1861,5795.96,0.8972,6.3138,0,0,0.751,0.991,0.750,32025900,0.749,51403400,0.748,42690600,0.747,30636500,0.746,30566500,0.751,21710200,0.752,54007600,0.753,69919200,0.754,38473100,0.755,53824300,1472,0,0
sh513130,09:31:00,1767663065181,09:32:04,1767663064922,0.751,0.7524,-0.1861,5796.78,0.8972,5.7904,0,0,0.751,0.996,0.750,32025900,0.749,51403400,0.748,42690600,0.747,30636500,0.746,30566500,0.751,21710200,0.752,54007600,0.753,69919200,0.754,38473100,0.755,53824300,259,0,0
sh513130,09:31:03,1767663066192,09:32:04,1767663064922,0.751,0.7524,-0.1861,5796.78,0.8972,5.9218,9551800,7172869,0.7509,1.011,0.751,19386900,0.750,29256000,0.749,36044900,0.748,28695100,0.747,30658700,0.752,53089800,0.753,70065300,0.754,38551100,0.755,54012000,0.756,33321800,1270,0,0
sh513130,09:31:03,1767663067182,09:32:06,1767663067105,0.751,0.7524,-0.1861,5799.44,0.8972,5.6215,0,0,0.751,0.99,0.751,19386900,0.750,29256000,0.749,36044900,0.748,28695100,0.747,30658700,0.752,53089800,0.753,70065300,0.754,38551100,0.755,54012000,0.756,33321800,76,0,0
sh513130,09:31:03,1767663068182,09:32:06,1767663067105,0.751,0.7524,-0.1861,5799.44,0.8972,5.5339,0,0,0.751,1.0,0.751,19386900,0.750,29256000,0.749,36044900,0.748,28695100,0.747,30658700,0.752,53089800,0.753,70065300,0.754,38551100,0.755,54012000,0.756,33321800,1076,0,0
sh513130,09:31:06,1767663069193,09:32:08,1767663068517,0.751,0.7524,-0.1861,5799.17,0.8972,6.0061,2316600,1740026,0.7511,1.011,0.751,22013000,0.750,29247000,0.749,35165900,0.748,28695100,0.747,30658700,0.752,54100100,0.753,63734000,0.754,37713100,0.755,54205800,0.756,39650400,676,0,0
sh513130,09:31:06,1767663070193,09:32:08,1767663069258,0.751,0.7524,-0.1861,5799.17,0.8972,6.0526,0,0,0.751,1.0,0.751,22013000,0.750,29247000,0.749,35165900,0.748,28695100,0.747,30658700,0.752,54100100,0.753,63734000,0.754,37713100,0.755,54205800,0.756,39650400,934,0,0
sh513130,09:31:09,1767663071195,09:32:10,1767663070504,0.751,0.7524,-0.1861,5799.17,0.8972,5.998,1363600,1024398,0.7512,1.002,0.751,25920300,0.750,31057400,0.749,38284700,0.748,29395600,0.747,30658700,0.752,55245800,0.753,65765600,0.754,38673100,0.755,54448600,0.756,39909500,690,0,0
sh513130,09:31:09,1767663072182,09:32:10,1767663071428,0.751,0.7524,-0.1861,5799.17,0.8972,7.7635,0,0,0.751,0.987,0.751,25920300,0.750,31057400,0.749,38284700,0.748,29395600,0.747,30658700,0.752,55245800,0.753,65765600,0.754,38673100,0.755,54448600,0.756,39909500,754,0,0
sh513130,09:31:09,1767663073184,09:32:12,1767663072590,0.751,0.7524,-0.1861,5799.82,0.8972,6.3454,0,0,0.751,1.002,0.751,25920300,0.750,31057400,0.749,38284700,0.748,29395600,0.747,30658700,0.752,55245800,0.753,65765600,0.754,38673100,0.755,54448600,0.756,39909500,593,0,0
sh513130,09:31:12,1767663074183,09:32:12,1767663073606,0.751,0.753,-0.2656,5799.82,0.8972,7.7266,817000,613726,0.7512,0.999,0.751,29424200,0.750,34241600,0.749,38284700,0.748,29435600,0.747,30667400,0.752,51997900,0.753,67031900,0.754,41649600,0.755,54535400,0.756,40024900,577,0,0
sh513130,09:31:12,1767663075194,09:32:14,1767663074591,0.751,0.753,-0.2656,5799.53,0.8972,7.656,0,0,0.751,1.011,0.751,29424200,0.750,34241600,0.749,38284700,0.748,29435600,0.747,30667400,0.752,51997900,0.753,67031900,0.754,41649600,0.755,54535400,0.756,40024900,603,0,0
sh513130,09:31:12,1767663076186,09:32:14,1767663075786,0.751,0.753,-0.2656,5799.53,0.8972,5.9973,0,0,0.751,0.992,0.751,29424200,0.750,34241600,0.749,38284700,0.748,29435600,0.747,30667400,0.752,51997900,0.753,67031900,0.754,41649600,0.755,54535400,0.756,40024900,399,0,0
sh513130,09:31:15,1767663077181,09:32:16,1767663076550,0.752,0.753,-0.1328,5799.84,0.8972,5.2129,1026000,770696,0.7512,0.995,0.751,32976400,0.750,42179500,0.749,30659700,0.748,29474400,0.747,30768000,0.752,55473700,0.753,66935700,0.754,41657700,0.755,55765600,0.756,40861400,631,0,0
sh513130,09:31:15,1767663078191,09:32:16,1767663077954,0.752,0.753,-0.1328,5799.84,0.8972,4.7869,0,0,0.752,1.01,0.751,32976400,0.750,42179500,0.749,30659700,0.748,29474400,0.747,30768000,0.752,55473700,0.753,66935700,0.754,41657700,0.755,55765600,0.756,40861400,236,0,0
sh513130,09:31:15,1767663079185,09:32:18,1767663078528,0.752,0.753,-0.1328,5799.87,0.8972,3.3712,0,0,0.752,0.994,0.751,32976400,0.750,42179500,0.749,30659700,0.748,29474400,0.747,30768000,0.752,55473700,0.753,66935700,0.754,41657700,0.755,55765600,0.756,40861400,657,0,0
sh513130,09:31:18,1767663080184,09:32:18,1767663080128,0.752,0.7532,-0.1593,5799.87,0.8972,3.3398,2998200,2253578,0.7516,0.999,0.751,35948700,0.750,32129300,0.749,30659800,0.748,29559400,0.747,30772900,0.752,54238400,0.753,67029700,0.754,41745800,0.755,54920700,0.756,40931500,56,0,0
sh513130,09:31:18,1767663081185,09:32:20,1767663080531,0.752,0.7532,-0.1593,5798.74,0.8972,3.1056,0,0,0.752,1.001,0.751,35948700,0.750,32129300,0.749,30659800,0.748,29559400,0.747,30772900,0.752,54238400,0.753,67029700,0.754,41745800,0.755,54920700,0.756,40931500,654,0,0
sh513130,09:31:18,1767663082192,09:32:20,1767663080531,0.752,0.7532,-0.1593,5798.74,0.8972,2.3735,0,0,0.752,1.007,0.751,35948700,0.750,32129300,0.749,30659800,0.748,29559400,0.747,30772900,0.752,54238400,0.753,67029700,0.754,41745800,0.755,54920700,0.756,40931500,1661,0,0
sh513130,09:31:18,1767663083189,09:32:22,1767663082567,0.752,0.7532,-0.1593,5799.1,0.8972,2.9324,0,0,0.752,0.996,0.751,35948700,0.750,32129300,0.749,30659800,0.748,29559400,0.747,30772900,0.752,54238400,0.753,67029700,0.754,41745800,0.755,54920700,0.756,40931500,622,0,0
sh513130,09:31:21,1767663084188,09:32:22,1767663082567,0.752,0.7532,-0.1593,5799.1,0.8972,2.9885,6343500,4770076,0.752,0.999,0.751,30821800,0.750,32155500,0.749,30660300,0.748,29586400,0.747,30974900,0.752,27464600,0.753,65491700,0.754,59845200,0.755,54935700,0.756,40943400,1621,0,0
sh513130,09:31:21,1767663085186,09:32:24,1767663084557,0.752,0.7532,-0.1593,5799.48,0.8972,2.9448,0,0,0.752,0.998,0.751,30821800,0.750,32155500,0.749,30660300,0.748,29586400,0.747,30974900,0.752,27464600,0.753,65491700,0.754,59845200,0.755,54935700,0.756,40943400,628,0,0
sh513130,09:31:21,1767663086182,09:32:24,1767663084557,0.752,0.7532,-0.1593,5799.48,0.8972,4.0809,0,0,0.752,0.997,0.751,30821800,0.750,32155500,0.749,30660300,0.748,29586400,0.747,30974900,0.752,27464600,0.753,65491700,0.754,59845200,0.755,54935700,0.756,40943400,1624,0,0
sh513130,09:31:24,1767663087183,09:32:26,1767663086668,0.752,0.7532,-0.1593,5798.17,0.8972,6.6628,3303400,2483263,0.7517,1.001,0.751,36043900,0.750,33358900,0.749,31160300,0.748,29588400,0.747,30974900,0.752,46830500,0.753,67265100,0.754,59856700,0.755,55094700,0.756,41070700,515,0,0
sh513130,09:31:24,1767663088192,09:32:26,1767663086668,0.752,0.7532,-0.1593,5798.17,0.8972,6.662,0,0,0.752,1.009,0.751,36043900,0.750,33358900,0.749,31160300,0.748,29588400,0.747,30974900,0.752,46830500,0.753,67265100,0.754,59856700,0.755,55094700,0.756,41070700,1524,0,0
sh513130,09:31:27,1767663089191,09:32:28,1767663088832,0.752,0.7532,-0.1593,5798.26,0.8972,6.8354,1857900,1396454,0.7516,0.998,0.751,35880000,0.750,33378600,0.749,31160300,0.748,29448000,0.747,30974900,0.752,47178700,0.753,68386200,0.754,59977900,0.755,55075500,0.756,41151800,358,0,0
sh513130,09:31:27,1767663090184,09:32:28,1767663088832,0.752,0.7532,-0.1593,5798.26,0.8972,6.279,0,0,0.752,0.994,0.751,35880000,0.750,33378600,0.749,31160300,0.748,29448000,0.747,30974900,0.752,47178700,0.753,68386200,0.754,59977900,0.755,55075500,0.756,41151800,1351,0,0
sh513130,09:31:27,1767663091193,09:32:30,1767663090990,0.752,0.7532,-0.1593,5797.85,0.8972,6.1973,0,0,0.752,1.009,0.751,35880000,0.750,33378600,0.749,31160300,0.748,29448000,0.747,30974900,0.752,47178700,0.753,68386200,0.754,59977900,0.755,55075500,0.756,41151800,201,0,0
sh513130,09:31:30,1767663092183,09:32:30,1767663090990,0.752,0.7532,-0.1593,5797.85,0.8972,7.451,1872000,1407708,0.752,0.991,0.751,36050800,0.750,32568200,0.749,31260300,0.748,29448000,0.747,30974900,0.752,48359900,0.753,68466600,0.754,59978600,0.755,55456100,0.756,41201800,1192,0,0
sh513130,09:31:27,1767663093177,09:32:32,1767663093161,0.752,0.7532,-0.1593,5799.22,0.8972,7.1682,0,0,0.752,0.994,0.751,35880000,0.750,33378600,0.749,31160300,0.748,29448000,0.747,30974900,0.752,47178700,0.753,68386200,0.754,59977900,0.755,55075500,0.756,41151800,16,0,1
sh513130,09:31:30,1767663094166,09:32:32,1767663093161,0.752,0.7532,-0.1593,5799.22,0.8972,7.1607,1872000,1407708,0.752,0.989,0.751,36050800,0.750,32568200,0.749,31260300,0.748,29448000,0.747,30974900,0.752,48359900,0.753,68466600,0.754,59978600,0.755,55456100,0.756,41201800,1004,0,0
sh513130,09:31:30,1767663095170,09:32:34,1767663094534,0.752,0.7532,-0.1593,5798.89,0.8972,8.1477,0,0,0.752,1.004,0.751,36050800,0.750,32568200,0.749,31260300,0.748,29448000,0.747,30974900,0.752,48359900,0.753,68466600,0.754,59978600,0.755,55456100,0.756,41201800,635,0,0
sh513130,09:31:33,1767663096170,09:32:34,1767663095354,0.751,0.7532,-0.2921,5798.89,0.8972,7.1071,652500,490664,0.752,1.0,0.751,37314000,0.750,33638100,0.749,31260300,0.748,28423000,0.747,30077100,0.752,45392200,0.753,66281600,0.754,59978600,0.755,56473600,0.756,41419100,815,0,0
sh513130,09:31:33,1767663097168,09:32:36,1767663096572,0.751,0.7532,-0.2921,5798.49,0.8972,7.0219,0,0,0.751,0.998,0.751,37314000,0.750,33638100,0.749,31260300,0.748,28423000,0.747,30077100,0.752,45392200,0.753,66281600,0.754,59978600,0.755,56473600,0.756,41419100,595,0,0
sh513130,09:31:36,1767663098168,09:32:36,1767663097532,0.752,0.7532,-0.1593,5798.49,0.8972,6.0085,538900,405117,0.7517,1.0,0.751,39737400,0.750,34311800,0.749,30350300,0.748,28423000,0.747,30077100,0.752,48938200,0.753,69990100,0.754,59981700,0.755,55581300,0.756,41456200,635,0,0
sh513130,09:31:36,1767663099178,09:32:38,1767663098549,0.752,0.7532,-0.1593,5796.1,0.8972,4.7316,0,0,0.752,1.01,0.751,39737400,0.750,34311800,0.749,30350300,0.748,28423000,0.747,30077100,0.752,48938200,0.753,69990100,0.754,59981700,0.755,55581300,0.756,41456200,628,0,0
sh513130,09:31:36,1767663100175,09:32:38,1767663099708,0.752,0.7532,-0.1593,5796.1,0.8972,2.8635,0,0,0.752,0.997,0.751,39737400,0.750,34311800,0.749,30350300,0.748,28423000,0.747,30077100,0.752,48938200,0.753,69990100,0.754,59981700,0.755,55581300,0.756,41456200,466,0,0
sh513130,09:31:36,1767663101169,09:32:40,1767663100531,0.752,0.7532,-0.1593,5796.33,0.8972,2.4459,0,0,0.752,0.994,0.751,39737400,0.750,34311800,0.749,30350300,0.748,28423000,0.747,30077100,0.752,48938200,0.753,69990100,0.754,59981700,0.755,55581300,0.756,41456200,637,0,0
sh513130,09:31:39,1767663102174,09:32:40,1767663101891,0.752,0.7532,-0.1593,5796.33,0.8972,2.2327,1910300,1435613,0.7515,1.006,0.751,45062900,0.750,42486300,0.749,30336800,0.748,28472800,0.747,30111100,0.752,49084800,0.753,70096800,0.754,59978500,0.755,55693000,0.756,41512400,283,0,0
sh513130,09:31:39,1767663103172,09:32:42,1767663102521,0.752,0.7532,-0.1593,5793.57,0.8972,-0.1677,0,0,0.752,0.997,0.751,45062900,0.750,42486300,0.749,30336800,0.748,28472800,0.747,30111100,0.752,49084800,0.753,70096800,0.754,59978500,0.755,55693000,0.756,41512400,650,0,0
sh513130,09:31:42,1767663104170,09:32:42,1767663104061,0.751,0.7532,-0.2921,5793.57,0.8972,-0.021,21348800,16033608,0.751,0.998,0.750,47725200,0.749,45560000,0.748,33016800,0.747,30111100,0.746,30669300,0.751,9315400,0.752,57627100,0.753,75233800,0.754,60050100,0.755,55742500,109,0,0
sh513130,09:31:42,1767663105180,09:32:44,1767663104553,0.751,0.7532,-0.2921,5793.56,0.8972,0.2867,0,0,0.751,1.01,0.750,47725200,0.749,45560000,0.748,33016800,0.747,30111100,0.746,30669300,0.751,9315400,0.752,57627100,0.753,75233800,0.754,60050100,0.755,55742500,626,0,0
sh513130,09:31:42,1767663106181,09:32:44,1767663104553,0.751,0.7532,-0.2921,5793.56,0.8972,0.6223,0,0,0.751,1.001,0.750,47725200,0.749,45560000,0.748,33016800,0.747,30111100,0.746,30669300,0.751,9315400,0.752,57627100,0.753,75233800,0.754,60050100,0.755,55742500,1628,0,0
sh513130,09:31:42,1767663107205,09:32:46,1767663106533,0.751,0.7532,-0.2921,5792.39,0.8972,1.1843,0,0,0.751,1.024,0.750,47725200,0.749,45560000,0.748,33016800,0.747,30111100,0.746,30669300,0.751,9315400,0.752,57627100,0.753,75233800,0.754,60050100,0.755,55742500,672,0,0
sh513130,09:31:45,1767663108192,09:32:46,1767663106533,0.751,0.7532,-0.2921,5792.39,0.8972,-0.2756,2408700,1809458,0.7512,0.987,0.750,47952300,0.749,45560000,0.748,34096800,0.747,30111100,0.746,30674300,0.751,374200,0.752,56859600,0.753,77129700,0.754,60050100,0.755,55974200,1659,0,0
sh513130,09:31:45,1767663109187,09:32:48,1767663108536,0.751,0.7532,-0.2921,5791.72,0.8972,-0.2833,0,0,0.751,0.995,0.750,47952300,0.749,45560000,0.748,34096800,0.747,30111100,0.746,30674300,0.751,374200,0.752,56859600,0.753,77129700,0.754,60050100,0.755,55974200,650,0,0
sh513130,09:31:45,1767663110183,09:32:48,1767663108536,0.751,0.7532,-0.2921,5791.72,0.8972,-1.9134,0,0,0.751,0.995,0.750,47952300,0.749,45560000,0.748,34096800,0.747,30111100,0.746,30674300,0.751,374200,0.752,56859600,0.753,77129700,0.754,60050100,0.755,55974200,1646,0,0
sh513130,09:31:48,1767663111196,09:32:50,1767663110582,0.751,0.7532,-0.2921,5791.66,0.8972,-0.7502,1642300,1233366,0.751,1.014,0.750,47996400,0.749,45660000,0.748,37096800,0.747,30111100,0.746,30674300,0.751,6538100,0.752,53623400,0.753,77254200,0.754,60050100,0.755,56075500,614,0,0
sh513130,09:31:48,1767663112201,09:32:50,1767663110582,0.751,0.7532,-0.2921,5791.66,0.8972,0.0191,0,0,0.751,1.004,0.750,47996400,0.749,45660000,0.748,37096800,0.747,30111100,0.746,30674300,0.751,6538100,0.752,53623400,0.753,77254200,0.754,60050100,0.755,56075500,1618,0,0
sh513130,09:31:51,1767663113203,09:32:52,1767663112762,0.751,0.7526,-0.2126,5792.76,0.8972,2.1045,3802600,2855691,0.751,1.002,0.750,43569900,0.749,46542900,0.748,37797400,0.747,30111100,0.746,30674300,0.751,8646800,0.752,58034900,0.753,77704500,0.754,60349700,0.755,56376000,441,0,0
sh513130,09:31:51,1767663114211,09:32:52,1767663112762,0.751,0.7526,-0.2126,5792.76,0.8972,2.2283,0,0,0.751,1.008,0.750,43569900,0.749,46542900,0.748,37797400,0.747,30111100,0.746,30674300,0.751,8646800,0.752,58034900,0.753,77704500,0.754,60349700,0.755,56376000,1449,0,0
sh513130,09:31:51,1767663115202,09:32:54,1767663114951,0.751,0.7526,-0.2126,5793.13,0.8972,2.6806,0,0,0.751,0.991,0.750,43569900,0.749,46542900,0.748,37797400,0.747,30111100,0.746,30674300,0.751,8646800,0.752,58034900,0.753,77704500,0.754,60349700,0.755,56376000,251,0,0
sh513130,09:31:51,1767663116184,09:32:54,1767663114951,0.751,0.7526,-0.2126,5793.13,0.8972,2.8352,0,0,0.751,0.982,0.750,43569900,0.749,46542900,0.748,37797400,0.747,30111100,0.746,30674300,0.751,8646800,0.752,58034900,0.753,77704500,0.754,60349700,0.755,56376000,1233,0,0
sh513130,09:31:54,1767663117180,09:32:56,1767663117135,0.751,0.7526,-0.2126,5793.22,0.8972,2.7815,18901500,14195592,0.751,0.996,0.751,409400,0.750,49524900,0.749,46359200,0.748,38668100,0.747,30201100,0.752,59357800,0.753,77851800,0.754,60336800,0.755,56679300,0.756,35506300,44,0,0
sh513130,09:31:54,1767663118176,09:32:56,1767663117135,0.751,0.7526,-0.2126,5793.22,0.8972,3.5522,0,0,0.751,0.996,0.751,409400,0.750,49524900,0.749,46359200,0.748,38668100,0.747,30201100,0.752,59357800,0.753,77851800,0.754,60336800,0.755,56679300,0.756,35506300,1040,0,0
sh513130,09:31:54,1767663119174,09:32:58,1767663118534,0.751,0.7526,-0.2126,5792.35,0.8972,2.8144,0,0,0.751,0.998,0.751,409400,0.750,49524900,0.749,46359200,0.748,38668100,0.747,30201100,0.752,59357800,0.753,77851800,0.754,60336800,0.755,56679300,0.756,35506300,640,0,0
sh513130,09:31:57,1767663120173,09:32:58,1767663119306,0.751,0.7526,-0.2126,5792.35,0.8972,3.2808,2096000,1574117,0.751,0.998,0.751,16496500,0.750,43872700,0.749,46469200,0.748,34284100,0.747,30201100,0.752,60027400,0.753,77186400,0.754,60341000,0.755,56762400,0.756,35527600,866,0,0
sh513130,09:31:57,1767663121173,09:33:00,1767663120513,0.751,0.7526,-0.2126,5793.71,0.8972,4.3201,0,0,0.751,1.001,0.751,16496500,0.750,43872700,0.749,46469200,0.748,34284100,0.747,30201100,0.752,60027400,0.753,77186400,0.754,60341000,0.755,56762400,0.756,35527600,660,0,0
sh513130,09:31:57,1767663122179,09:33:00,1767663121471,0.751,0.7526,-0.2126,5793.71,0.8972,4.2446,0,0,0.751,1.005,0.751,16496500,0.750,43872700,0.749,46469200,0.748,34284100,0.747,30201100,0.752,60027400,0.753,77186400,0.754,60341000,0.755,56762400,0.756,35527600,707,0,0
sh513130,09:32:00,1767663123169,09:33:02,1767663122560,0.751,0.7526,-0.2126,5794.07,0.8972,4.8624,2048000,1538842,0.7514,0.99,0.751,21511600,0.750,45078100,0.749,44695100,0.748,30294100,0.747,30201100,0.752,59656600,0.753,71164100,0.754,60390200,0.755,56772500,0.756,41869100,608,0,0
sh513130,09:32:00,1767663124180,09:33:02,1767663123644,0.751,0.7526,-0.2126,5794.07,0.8972,4.8158,0,0,0.751,1.011,0.751,21511600,0.750,45078100,0.749,44695100,0.748,30294100,0.747,30201100,0.752,59656600,0.753,71164100,0.754,60390200,0.755,56772500,0.756,41869100,535,0,0
sh513130,09:32:00,1767663125181,09:33:04,1767663124552,0.751,0.7526,-0.2126,5794.53,0.8972,3.7218,0,0,0.751,1.001,0.751,21511600,0.750,45078100,0.749,44695100,0.748,30294100,0.747,30201100,0.752,59656600,0.753,71164100,0.754,60390200,0.755,56772500,0.756,41869100,628,0,0
sh513130,09:32:03,1767663126183,09:33:04,1767663125819,0.751,0.7526,-0.2126,5794.53,0.8972,3.3188,2316200,1741356,0.7518,1.002,0.751,21800300,0.750,44952200,0.749,44702800,0.748,30429200,0.747,30201100,0.752,59379100,0.753,71284200,0.754,60837200,0.755,57213000,0.756,42479100,363,0,0
sh513130,09:32:03,1767663127189,09:33:06,1767663126520,0.751,0.7526,-0.2126,5795.38,0.8972,2.2188,0,0,0.751,1.006,0.751,21800300,0.750,44952200,0.749,44702800,0.748,30429200,0.747,30201100,0.752,59379100,0.753,71284200,0.754,60837200,0.755,57213000,0.756,42479100,668,0,0
sh513130,09:32:06,1767663128183,09:33:06,1767663127991,0.752,0.7525,-0.0664,5795.38,0.8972,3.426,839500,630652,0.7512,0.994,0.751,27535100,0.750,44228900,0.749,37703500,0.748,30574500,0.747,30201100,0.752,56214100,0.753,76971000,0.754,60788300,0.755,57563700,0.756,42682800,192,0,0
sh513130,09:32:06,1767663129189,09:33:08,1767663128532,0.752,0.7525,-0.0664,5796.4,0.8972,3.3159,0,0,0.752,1.006,0.751,27535100,0.750,44228900,0.749,37703500,0.748,30574500,0.747,30201100,0.752,56214100,0.753,76971000,0.754,60788300,0.755,57563700,0.756,42682800,657,0,0
sh513130,09:32:09,1767663130186,09:33:08,1767663130171,0.752,0.7525,-0.0664,5796.4,0.8972,2.5791,801700,602328,0.7513,0.997,0.751,32329800,0.750,44462700,0.749,37701500,0.748,30579500,0.747,30198500,0.752,58546300,0.753,71816200,0.754,60965500,0.755,57546300,0.756,42823800,15,0,0
sh513130,09:32:09,1767663131189,09:33:10,1767663130561,0.752,0.7525,-0.0664,5797.19,0.8972,2.0195,0,0,0.752,1.002,0.751,32329800,0.750,44462700,0.749,37701500,0.748,30579500,0.747,30198500,0.752,58546300,0.753,71816200,0.754,60965500,0.755,57546300,0.756,42823800,627,0,0
sh513130,09:32:06,1767663132194,09:33:10,1767663130561,0.752,0.7525,-0.0664,5797.19,0.8972,3.0737,0,0,0.752,1.006,0.751,27535100,0.750,44228900,0.749,37703500,0.748,30574500,0.747,30201100,0.752,56214100,0.753,76971000,0.754,60788300,0.755,57563700,0.756,42682800,1633,0,1
sh513130,09:32:09,1767663133183,09:33:12,1767663132560,0.752,0.7525,-0.0664,5798.09,0.8972,2.4135,801700,602328,0.7513,0.989,0.751,32329800,0.750,44462700,0.749,37701500,0.748,30579500,0.747,30198500,0.752,58546300,0.753,71816200,0.754,60965500,0.755,57546300,0.756,42823800,623,0,0
sh513130,09:32:12,1767663134185,09:33:12,1767663132560,0.751,0.7527,-0.2259,5798.09,0.8972,0.8969,425600,319960,0.7518,1.002,0.751,33341400,0.750,45373800,0.749,37701500,0.748,30581700,0.747,30198500,0.752,60063400,0.753,75858200,0.754,60983000,0.755,57613300,0.756,42823800,1625,0,0
sh513130,09:32:12,1767663135181,09:33:14,1767663134572,0.751,0.7527,-0.2259,5797.3,0.8972,3.3557,0,0,0.751,0.996,0.751,33341400,0.750,45373800,0.749,37701500,0.748,30581700,0.747,30198500,0.752,60063400,0.753,75858200,0.754,60983000,0.755,57613300,0.756,42823800,608,0,0
sh513130,09:32:12,1767663136196,09:33:14,1767663134572,0.751,0.7527,-0.2259,5797.3,0.8972,4.543,0,0,0.751,1.015,0.751,33341400,0.750,45373800,0.749,37701500,0.748,30581700,0.747,30198500,0.752,60063400,0.753,75858200,0.754,60983000,0.755,57613300,0.756,42823800,1623,0,0
sh513130,09:32:15,1767663137200,09:33:16,1767663136737,0.752,0.7527,-0.093,5797.7,0.8972,4.088,866000,650698,0.7514,1.004,0.751,34225000,0.750,45580300,0.749,37681500,0.748,30531700,0.747,30200500,0.752,57839000,0.753,75778300,0.754,60893000,0.755,57788300,0.756,42829200,462,0,0
sh513130,09:32:15,1767663138206,09:33:16,1767663136737,0.752,0.7527,-0.093,5797.7,0.8972,4.3142,0,0,0.752,1.006,0.751,34225000,0.750,45580300,0.749,37681500,0.748,30531700,0.747,30200500,0.752,57839000,0.753,75778300,0.754,60893000,0.755,57788300,0.756,42829200,1468,0,0
sh513130,09:32:15,1767663139213,09:33:18,1767663138891,0.752,0.7527,-0.093,5799.66,0.8972,3.8302,0,0,0.752,1.006,0.751,34225000,0.750,45580300,0.749,37681500,0.748,30531700,0.747,30200500,0.752,57839000,0.753,75778300,0.754,60893000,0.755,57788300,0.756,42829200,321,0,0
sh513130,09:32:18,1767663140224,09:33:18,1767663138891,0.752,0.7533,-0.1726,5799.66,0.8972,4.0015,1798600,1351500,0.7514,1.011,0.751,34644900,0.750,46121900,0.749,36891500,0.748,31232900,0.747,30200500,0.752,59007000,0.753,74713100,0.754,60895000,0.755,58826200,0.756,43311300,1332,0,0
sh513130,09:32:15,1767663141225,09:33:20,1767663141065,0.752,0.7527,-0.093,5801.3,0.8972,3.6396,0,0,0.752,1.001,0.751,34225000,0.750,45580300,0.749,37681500,0.748,30531700,0.747,30200500,0.752,57839000,0.753,75778300,0.754,60893000,0.755,57788300,0.756,42829200,159,0,1
sh513130,09:32:18,1767663142219,09:33:20,1767663141065,0.752,0.7533,-0.1726,5801.3,0.8972,5.3859,1798600,1351500,0.7514,0.994,0.751,34644900,0.750,46121900,0.749,36891500,0.748,31232900,0.747,30200500,0.752,59007000,0.753,74713100,0.754,60895000,0.755,58826200,0.756,43311300,1153,0,0
sh513130,09:32:18,1767663143215,09:33:22,1767663142540,0.752,0.7533,-0.1726,5800.3,0.8972,5.3546,0,0,0.752,0.997,0.751,34644900,0.750,46121900,0.749,36891500,0.748,31232900,0.747,30200500,0.752,59007000,0.753,74713100,0.754,60895000,0.755,58826200,0.756,43311300,674,0,0
sh513130,09:32:21,1767663144215,09:33:22,1767663143235,0.752,0.7533,-0.1726,5800.3,0.8972,5.0241,792500,595581,0.7515,1.0,0.751,35148300,0.750,46208300,0.749,36896900,0.748,31242900,0.747,30200500,0.752,56324800,0.753,75388300,0.754,60935500,0.755,59073800,0.756,43368000,978,0,0
sh513130,09:32:21,1767663145214,09:33:24,1767663144519,0.752,0.7533,-0.1726,5800.99,0.8972,4.56,0,0,0.752,0.999,0.751,35148300,0.750,46208300,0.749,36896900,0.748,31242900,0.747,30200500,0.752,56324800,0.753,75388300,0.754,60935500,0.755,59073800,0.756,43368000,695,0,0
sh513130,09:32:21,1767663146222,09:33:24,1767663145403,0.752,0.7533,-0.1726,5800.99,0.8972,4.5024,0,0,0.752,1.008,0.751,35148300,0.750,46208300,0.749,36896900,0.748,31242900,0.747,30200500,0.752,56324800,0.753,75388300,0.754,60935500,0.755,59073800,0.756,43368000,818,0,0
sh513130,09:32:24,1767663147222,09:33:26,1767663146565,0.751,0.7533,-0.3053,5800.45,0.8972,0.9667,1387900,1043594,0.7519,1.0,0.751,37210700,0.750,46251900,0.749,36901900,0.748,31248500,0.747,30068900,0.752,59054600,0.753,75738700,0.754,60950500,0.755,59139100,0.756,44946700,657,0,0
sh513130,09:32:24,1767663148224,09:33:26,1767663147571,0.751,0.7533,-0.3053,5800.45,0.8972,0.9454,0,0,0.751,1.002,0.751,37210700,0.750,46251900,0.749,36901900,0.748,31248500,0.747,30068900,0.752,59054600,0.753,75738700,0.754,60950500,0.755,59139100,0.756,44946700,653,0,0
sh513130,09:32:27,1767663149229,09:33:28,1767663148523,0.752,0.7533,-0.1726,5801.5,0.8972,1.6938,1153700,866867,0.7514,1.004,0.751,37592500,0.750,46363400,0.749,36901900,0.748,31248500,0.747,30070700,0.752,59115900,0.753,77357300,0.754,61123300,0.755,59542500,0.756,45495600,705,0,0
sh513130,09:32:27,1767663150244,09:33:28,1767663149765,0.752,0.7533,-0.1726,5801.5,0.8972,1.6547,0,0,0.752,1.016,0.751,37592500,0.750,46363400,0.749,36901900,0.748,31248500,0.747,30070700,0.752,59115900,0.753,77357300,0.754,61123300,0.755,59542500,0.756,45495600,479,0,0
sh513130,09:32:27,1767663151246,09:33:30,1767663150536,0.752,0.7533,-0.1726,5802.71,0.8972,2.6717,0,0,0.752,1.001,0.751,37592500,0.750,46363400,0.749,36901900,0.748,31248500,0.747,30070700,0.752,59115900,0.753,77357300,0.754,61123300,0.755,59542500,0.756,45495600,710,0,0
sh513130,09:32:30,1767663152254,09:33:30,1767663151952,0.752,0.7533,-0.1726,5802.71,0.8972,5.8262,226000,169852,0.7516,1.008,0.751,37757900,0.750,46714000,0.749,36901900,0.748,31247500,0.747,30070700,0.752,39715600,0.753,76115800,0.754,61151600,0.755,59791400,0.756,45511600,302,0,0
sh513130,09:32:30,1767663153259,09:33:32,1767663152551,0.752,0.7533,-0.1726,5801.98,0.8972,7.5429,0,0,0.752,1.005,0.751,37757900,0.750,46714000,0.749,36901900,0.748,31247500,0.747,30070700,0.752,39715600,0.753,76115800,0.754,61151600,0.755,59791400,0.756,45511600,708,0,0
sh513130,09:32:30,1767663154267,09:33:32,1767663154127,0.752,0.7533,-0.1726,5801.98,0.8972,7.4569,0,0,0.752,1.008,0.751,37757900,0.750,46714000,0.749,36901900,0.748,31247500,0.747,30070700,0.752,39715600,0.753,76115800,0.754,61151600,0.755,59791400,0.756,45511600,140,0,0
sh513130,09:32:30,1767663155272,09:33:34,1767663154533,0.752,0.7533,-0.1726,5802.56,0.8972,6.0068,0,0,0.752,1.005,0.751,37757900,0.750,46714000,0.749,36901900,0.748,31247500,0.747,30070700,0.752,39715600,0.753,76115800,0.754,61151600,0.755,59791400,0.756,45511600,739,0,0
sh513130,09:32:33,1767663156268,09:33:34,1767663154533,0.752,0.7533,-0.1726,5802.56,0.8972,5.9992,520800,391510,0.7517,0.996,0.751,38120200,0.750,46824300,0.749,36982400,0.748,31239500,0.747,30071200,0.752,40193000,0.753,76188500,0.754,61175400,0.755,59932900,0.756,45568200,1735,0,0
sh513130,09:32:33,1767663157267,09:33:36,1767663156567,0.752,0.7533,-0.1726,5801.33,0.8972,8.093,0,0,0.752,1.0,0.751,38120200,0.750,46824300,0.749,36982400,0.748,31239500,0.747,30071200,0.752,40193000,0.753,76188500,0.754,61175400,0.755,59932900,0.756,45568200,700,0,0
sh513130,09:32:36,1767663158273,09:33:36,1767663156567,0.752,0.7533,-0.1726,5801.33,0.8972,6.8823,1088400,818438,0.752,1.005,0.751,38639300,0.750,46750000,0.749,36990400,0.748,31186900,0.747,30071200,0.752,57383900,0.753,76307200,0.754,61549300,0.755,59993800,0.756,45584600,1706,0,0
sh513130,09:32:36,1767663159267,09:33:38,1767663158559,0.752,0.7533,-0.1726,5800.54,0.8972,5.3282,0,0,0.752,0.995,0.751,38639300,0.750,46750000,0.749,36990400,0.748,31186900,0.747,30071200,0.752,57383900,0.753,76307200,0.754,61549300,0.755,59993800,0.756,45584600,708,0,0
sh513130,09:32:36,1767663160270,09:33:38,1767663158559,0.752,0.7533,-0.1726,5800.54,0.8972,4.6135,0,0,0.752,1.003,0.751,38639300,0.750,46750000,0.749,36990400,0.748,31186900,0.747,30071200,0.752,57383900,0.753,76307200,0.754,61549300,0.755,59993800,0.756,45584600,1711,0,0
sh513130,09:32:39,1767663161270,09:33:40,1767663160641,0.752,0.7533,-0.1726,5801.0,0.8972,5.7752,1530600,1150567,0.7517,0.999,0.751,38493000,0.750,46470600,0.749,36841500,0.748,31399800,0.747,30070200,0.752,60296600,0.753,76306700,0.754,61602500,0.755,60006200,0.756,45741600,628,0,0
sh513130,09:32:39,1767663162261,09:33:40,1767663160641,0.752,0.7533,-0.1726,5801.0,0.8972,6.1656,0,0,0.752,0.991,0.751,38493000,0.750,46470600,0.749,36841500,0.748,31399800,0.747,30070200,0.752,60296600,0.753,76306700,0.754,61602500,0.755,60006200,0.756,45741600,1619,0,0
sh513130,09:32:39,1767663163266,09:33:42,1767663162827,0.752,0.7533,-0.1726,5801.22,0.8972,6.1439,0,0,0.752,1.005,0.751,38493000,0.750,46470600,0.749,36841500,0.748,31399800,0.747,30070200,0.752,60296600,0.753,76306700,0.754,61602500,0.755,60006200,0.756,45741600,438,0,0
sh513130,09:32:39,1767663164272,09:33:42,1767663162827,0.752,0.7533,-0.1726,5801.22,0.8972,4.9953,0,0,0.752,1.006,0.751,38493000,0.750,46470600,0.749,36841500,0.748,31399800,0.747,30070200,0.752,60296600,0.753,76306700,0.754,61602500,0.755,60006200,0.756,45741600,1444,0,0
sh513130,09:32:42,1767663165273,09:33:44,1767663164990,0.752,0.7533,-0.1726,5800.95,0.8972,3.8956,1138900,856393,0.7519,1.001,0.751,38742000,0.750,46523700,0.749,36841500,0.748,31399800,0.747,30070200,0.752,60034000,0.753,76242500,0.754,62134800,0.755,60057800,0.756,45757300,282,0,0
sh513130,09:32:42,1767663166251,09:33:44,1767663164990,0.752,0.7533,-0.1726,5800.95,0.8972,3.8742,0,0,0.752,0.977,0.751,38742000,0.750,46523700,0.749,36841500,0.748,31399800,0.747,30070200,0.752,60034000,0.753,76242500,0.754,62134800,0.755,60057800,0.756,45757300,1260,0,0
sh513130,09:32:45,1767663167250,09:33:46,1767663167156,0.752,0.7533,-0.1726,5801.96,0.8972,1.8912,549100,412829,0.7518,0.999,0.751,38845600,0.750,46648500,0.749,36842500,0.748,31449800,0.747,30065200,0.752,56963200,0.753,76661500,0.754,62184800,0.755,60231200,0.756,45767300,93,0,0
sh513130,09:32:45,1767663168245,09:33:46,1767663167156,0.752,0.7533,-0.1726,5801.96,0.8972,2.3792,0,0,0.752,0.996,0.751,38845600,0.750,46648500,0.749,36842500,0.748,31449800,0.747,30065200,0.752,56963200,0.753,76661500,0.754,62184800,0.755,60231200,0.756,45767300,1089,0,0
sh513130,09:32:45,1767663169249,09:33:48,1767663169094,0.752,0.7533,-0.1726,5802.18,0.8972,2.3979,0,0,0.752,1.004,0.751,38845600,0.750,46648500,0.749,36842500,0.748,31449800,0.747,30065200,0.752,56963200,0.753,76661500,0.754,62184800,0.755,60231200,0.756,45767300,155,0,0
sh513130,09:32:48,1767663170256,09:33:48,1767663169332,0.752,0.7533,-0.1726,5802.18,0.8972,2.1059,429200,322697,0.7519,1.007,0.751,44644300,0.750,46453000,0.749,36959600,0.748,31609900,0.747,30065500,0.752,60857400,0.753,77076000,0.754,62324500,0.755,60220100,0.756,45797300,924,0,0
sh513130,09:32:48,1767663171245,09:33:50,1767663170553,0.752,0.7533,-0.1726,5801.4,0.8972,3.4025,0,0,0.752,0.989,0.751,44644300,0.750,46453000,0.749,36959600,0.748,31609900,0.747,30065500,0.752,60857400,0.753,77076000,0.754,62324500,0.755,60220100,0.756,45797300,691,0,0
sh513130,09:32:48,1767663172257,09:33:50,1767663171503,0.752,0.7533,-0.1726,5801.4,0.8972,3.9783,0,0,0.752,1.013,0.751,44644300,0.750,46453000,0.749,36959600,0.748,31609900,0.747,30065500,0.752,60857400,0.753,77076000,0.754,62324500,0.755,60220100,0.756,45797300,753,0,0
sh513130,09:32:48,1767663173245,09:33:52,1767663172543,0.752,0.7533,-0.1726,5801.13,0.8972,3.9072,0,0,0.752,0.988,0.751,44644300,0.750,46453000,0.749,36959600,0.748,31609900,0.747,30065500,0.752,60857400,0.753,77076000,0.754,62324500,0.755,60220100,0.756,45797300,701,0,0
sh513130,09:32:51,1767663174247,09:33:52,1767663173692,0.752,0.7533,-0.1726,5801.13,0.8972,3.6428,500400,376284,0.752,1.002,0.751,45104400,0.750,46476000,0.749,36764900,0.748,31607700,0.747,30075500,0.752,40209700,0.753,78047600,0.754,62444500,0.755,60432700,0.756,45798300,555,0,0
sh513130,09:32:51,1767663175253,09:33:54,1767663174613,0.752,0.7533,-0.1726,5802.27,0.8972,4.3082,0,0,0.752,1.006,0.751,45104400,0.750,46476000,0.749,36764900,0.748,31607700,0.747,30075500,0.752,40209700,0.753,78047600,0.754,62444500,0.755,60432700,0.756,45798300,640,0,0
sh513130,09:32:54,1767663176259,09:33:54,1767663175861,0.752,0.7533,-0.1726,5802.27,0.8972,4.3005,6489300,4879457,0.7519,1.006,0.751,41313300,0.750,46913400,0.749,36764900,0.748,31958100,0.747,30105500,0.752,38133400,0.753,78070500,0.754,62495500,0.755,59977500,0.756,45841300,398,0,0
sh513130,09:32:54,1767663177263,09:33:56,1767663176580,0.752,0.7533,-0.1726,5802.85,0.8972,4.8398,0,0,0.752,1.003,0.751,41313300,0.750,46913400,0.749,36764900,0.748,31958100,0.747,30105500,0.752,38133400,0.753,78070500,0.754,62495500,0.755,59977500,0.756,45841300,682,0,0
sh513130,09:32:54,1767663178265,09:33:56,1767663178028,0.752,0.7533,-0.1726,5802.85,0.8972,4.7777,0,0,0.752,1.002,0.751,41313300,0.750,46913400,0.749,36764900,0.748,31958100,0.747,30105500,0.752,38133400,0.753,78070500,0.754,62495500,0.755,59977500,0.756,45841300,236,0,0
sh513130,09:32:54,1767663179260,09:33:58,1767663178615,0.752,0.7533,-0.1726,5803.63,0.8972,4.0806,0,0,0.752,0.996,0.751,41313300,0.750,46913400,0.749,36764900,0.748,31958100,0.747,30105500,0.752,38133400,0.753,78070500,0.754,62495500,0.755,59977500,0.756,45841300,645,0,0
sh513130,09:32:57,1767663180274,09:33:58,1767663180209,0.752,0.7533,-0.1726,5803.63,0.8972,3.4794,1137800,855462,0.7519,1.013,0.751,46574100,0.750,46650900,0.749,36562900,0.748,36338100,0.747,30105500,0.752,37431800,0.753,78378000,0.754,57298500,0.755,59935700,0.756,45881800,63,0,0
sh513130,09:32:57,1767663181287,09:34:00,1767663180507,0.752,0.7533,-0.1726,5802.58,0.8972,3.2979,0,0,0.752,1.013,0.751,46574100,0.750,46650900,0.749,36562900,0.748,36338100,0.747,30105500,0.752,37431800,0.753,78378000,0.754,57298500,0.755,59935700,0.756,45881800,779,0,0
sh513130,09:32:57,1767663182286,09:34:00,1767663180507,0.752,0.7533,-0.1726,5802.58,0.8972,3.1592,0,0,0.752,1.0,0.751,46574100,0.750,46650900,0.749,36562900,0.748,36338100,0.747,30105500,0.752,37431800,0.753,78378000,0.754,57298500,0.755,59935700,0.756,45881800,1779,0,0
sh513130,09:33:00,1767663183280,09:34:02,1767663182578,0.751,0.7533,-0.3053,5800.76,0.8972,2.4916,1022600,768933,0.7519,0.993,0.751,49217800,0.750,48691500,0.749,36583900,0.748,36410100,0.747,34495500,0.752,37339100,0.753,73317300,0.754,64575500,0.755,61948000,0.756,46028300,701,0,0
sh513130,09:33:00,1767663184284,09:34:02,1767663183647,0.751,0.7533,-0.3053,5800.76,0.8972,2.6971,0,0,0.751,1.004,0.751,49217800,0.750,48691500,0.749,36583900,0.748,36410100,0.747,34495500,0.752,37339100,0.753,73317300,0.754,64575500,0.755,61948000,0.756,46028300,637,0,0
sh513130,09:33:03,1767663185287,09:34:04,1767663184589,0.752,0.7533,-0.1726,5800.25,0.8972,2.4047,2742300,2061474,0.7517,1.003,0.751,47843600,0.750,48687700,0.749,39594600,0.748,36910600,0.747,34495500,0.752,60481700,0.753,74842300,0.754,64647600,0.755,62097000,0.756,46283000,697,0,0
sh513130,09:33:03,1767663186280,09:34:04,1767663184589,0.752,0.7533,-0.1726,5800.25,0.8972,2.3584,0,0,0.752,0.993,0.751,47843600,0.750,48687700,0.749,39594600,0.748,36910600,0.747,34495500,0.752,60481700,0.753,74842300,0.754,64647600,0.755,62097000,0.756,46283000,1690,0,0
sh513130,09:33:03,1767663187278,09:34:06,1767663186760,0.752,0.7533,-0.1726,5800.31,0.8972,1.8712,0,0,0.752,0.998,0.751,47843600,0.750,48687700,0.749,39594600,0.748,36910600,0.747,34495500,0.752,60481700,0.753,74842300,0.754,64647600,0.755,62097000,0.756,46283000,517,0,0
sh513130,09:33:03,1767663188286,09:34:06,1767663186760,0.752,0.7533,-0.1726,5800.31,0.8972,1.6007,0,0,0.752,1.008,0.751,47843600,0.750,48687700,0.749,39594600,0.748,36910600,0.747,34495500,0.752,60481700,0.753,74842300,0.754,64647600,0.755,62097000,0.756,46283000,1526,0,0
sh513130,09:33:06,1767663189279,09:34:08,1767663188926,0.752,0.7533,-0.1726,5800.61,0.8972,1.6452,38662300,29073984,0.752,0.993,0.751,46781100,0.750,48760000,0.749,39621500,0.748,37010600,0.747,34493500,0.752,3361300,0.753,82022300,0.754,64676500,0.755,62285300,0.756,46688700,353,0,0
sh513130,09:33:06,1767663190276,09:34:08,1767663188926,0.752,0.7533,-0.1726,5800.61,0.8972,1.1734,0,0,0.752,0.996,0.751,46781100,0.750,48760000,0.749,39621500,0.748,37010600,0.747,34493500,0.752,3361300,0.753,82022300,0.754,64676500,0.755,62285300,0.756,46688700,1349,0,0
sh513130,09:33:06,1767663191282,09:34:10,1767663191095,0.752,0.7533,-0.1726,5800.74,0.8972,1.2932,0,0,0.752,1.007,0.751,46781100,0.750,48760000,0.749,39621500,0.748,37010600,0.747,34493500,0.752,3361300,0.753,82022300,0.754,64676500,0.755,62285300,0.756,46688700,187,0,0
sh513130,09:33:06,1767663192287,09:34:10,1767663191095,0.752,0.7533,-0.1726,5800.74,0.8972,3.5331,0,0,0.752,1.004,0.751,46781100,0.750,48760000,0.749,39621500,0.748,37010600,0.747,34493500,0.752,3361300,0.753,82022300,0.754,64676500,0.755,62285300,0.756,46688700,1191,0,0
sh513130,09:33:09,1767663193279,09:34:12,1767663193264,0.752,0.7533,-0.1726,5800.4,0.8972,3.4683,21800300,16393701,0.752,0.993,0.751,49305000,0.750,48038900,0.749,38002100,0.748,37040600,0.747,34493700,0.752,2922100,0.753,82005300,0.754,64697500,0.755,62352900,0.756,46732600,15,0,0
sh513130,09:33:12,1767663194276,09:34:12,1767663193264,0.752,0.7533,-0.1726,5800.4,0.8972,4.9527,2929600,2202567,0.7518,0.996,0.751,50547500,0.750,48213000,0.749,38132300,0.748,37110100,0.747,34493700,0.752,25879900,0.753,80468300,0.754,64848800,0.755,62451800,0.756,46732600,1011,0,0
sh513130,09:33:12,1767663195279,09:34:14,1767663194763,0.752,0.7533,-0.1726,5800.58,0.8972,4.9351,0,0,0.752,1.004,0.751,50547500,0.750,48213000,0.749,38132300,0.748,37110100,0.747,34493700,0.752,25879900,0.753,80468300,0.754,64848800,0.755,62451800,0.756,46732600,515,0,0
sh513130,09:33:12,1767663196277,09:34:14,1767663195423,0.752,0.7533,-0.1726,5800.58,0.8972,4.1443,0,0,0.752,0.998,0.751,50547500,0.750,48213000,0.749,38132300,0.748,37110100,0.747,34493700,0.752,25879900,0.753,80468300,0.754,64848800,0.755,62451800,0.756,46732600,853,0,0
sh513130,09:33:12,1767663197286,09:34:16,1767663196518,0.752,0.7533,-0.1726,5799.14,0.8972,2.7035,0,0,0.752,1.008,0.751,50547500,0.750,48213000,0.749,38132300,0.748,37110100,0.747,34493700,0.752,25879900,0.753,80468300,0.754,64848800,0.755,62451800,0.756,46732600,767,0,0
sh513130,09:33:15,1767663198276,09:34:16,1767663197583,0.752,0.7533,-0.1726,5799.14,0.8972,0.1803,3416600,2568955,0.7519,0.991,0.751,52045700,0.750,48310900,0.749,37142300,0.748,37132800,0.747,34493700,0.752,33058400,0.753,76895100,0.754,64881300,0.755,62512100,0.756,46732600,692,0,0
sh513130,09:33:15,1767663199286,09:34:18,1767663198585,0.752,0.7533,-0.1726,5799.06,0.8972,2.3445,0,0,0.752,1.01,0.751,52045700,0.750,48310900,0.749,37142300,0.748,37132800,0.747,34493700,0.752,33058400,0.753,76895100,0.754,64881300,0.755,62512100,0.756,46732600,701,0,0
sh513130,09:33:18,1767663200286,09:34:18,1767663199748,0.752,0.7533,-0.1726,5799.06,0.8972,3.2341,780000,586507,0.7519,0.999,0.751,49595000,0.750,48723000,0.749,39532300,0.748,37106700,0.747,34493500,0.752,33488100,0.753,80571500,0.754,65281400,0.755,59653200,0.756,46756600,537,0,0
sh513130,09:33:15,1767663201281,09:34:20,1767663200520,0.752,0.7533,-0.1726,5799.42,0.8972,4.5226,0,0,0.752,0.995,0.751,52045700,0.750,48310900,0.749,37142300,0.748,37132800,0.747,34493700,0.752,33058400,0.753,76895100,0.754,64881300,0.755,62512100,0.756,46732600,760,0,1
sh513130,09:33:18,1767663202279,09:34:20,1767663201923,0.752,0.7533,-0.1726,5799.42,0.8972,4.5207,780000,586507,0.7519,0.999,0.751,49595000,0.750,48723000,0.749,39532300,0.748,37106700,0.747,34493500,0.752,33488100,0.753,80571500,0.754,65281400,0.755,59653200,0.756,46756600,356,0,0
sh513130,09:33:21,1767663203277,09:34:22,1767663202577,0.752,0.7533,-0.1726,5799.13,0.8972,4.4351,2053500,1544173,0.752,0.998,0.751,50001400,0.750,48772500,0.749,39532300,0.748,37106700,0.747,34503800,0.752,32760800,0.753,80567900,0.754,65332600,0.755,60072700,0.756,46819800,700,0,0
sh513130,09:33:18,1767663204291,09:34:22,1767663204099,0.752,0.7533,-0.1726,5799.13,0.8972,3.3949,0,0,0.752,1.014,0.751,49595000,0.750,48723000,0.749,39532300,0.748,37106700,0.747,34493500,0.752,33488100,0.753,80571500,0.754,65281400,0.755,59653200,0.756,46756600,191,0,1
sh513130,09:33:21,1767663205300,09:34:24,1767663204590,0.752,0.7533,-0.1726,5797.96,0.8972,3.3916,2053500,1544173,0.752,1.009,0.751,50001400,0.750,48772500,0.749,39532300,0.748,37106700,0.747,34503800,0.752,32760800,0.753,80567900,0.754,65332600,0.755,60072700,0.756,46819800,710,0,0
sh513130,09:33:24,1767663206292,09:34:24,1767663206276,0.752,0.7533,-0.1726,5797.96,0.8972,2.2384,718900,540524,0.7519,0.992,0.751,51868400,0.750,49057000,0.749,39532300,0.748,37211700,0.747,34503800,0.752,33406000,0.753,80740800,0.754,65332600,0.755,59981700,0.756,46820300,16,0,0
sh513130,09:33:24,1767663207316,09:34:26,1767663206725,0.752,0.7533,-0.1726,5797.52,0.8972,2.1951,0,0,0.752,1.023,0.751,51868400,0.750,49057000,0.749,39532300,0.748,37211700,0.747,34503800,0.752,33406000,0.753,80740800,0.754,65332600,0.755,59981700,0.756,46820300,591,0,0
sh513130,09:33:24,1767663208299,09:34:26,1767663206725,0.752,0.7533,-0.1726,5797.52,0.8972,2.7149,0,0,0.752,0.983,0.751,51868400,0.750,49057000,0.749,39532300,0.748,37211700,0.747,34503800,0.752,33406000,0.753,80740800,0.754,65332600,0.755,59981700,0.756,46820300,1574,0,0
sh513130,09:33:24,1767663209300,09:34:28,1767663208543,0.752,0.7533,-0.1726,5796.99,0.8972,1.8821,0,0,0.752,1.001,0.751,51868400,0.750,49057000,0.749,39532300,0.748,37211700,0.747,34503800,0.752,33406000,0.753,80740800,0.754,65332600,0.755,59981700,0.756,46820300,757,0,0
sh513130,09:33:27,1767663210302,09:34:28,1767663208543,0.752,0.7533,-0.1726,5796.99,0.8972,3.2242,989500,743925,0.7518,1.002,0.751,48000200,0.750,54714500,0.749,40802300,0.748,36611700,0.747,34503800,0.752,38611900,0.753,86210500,0.754,65372600,0.755,60123000,0.756,43543800,1759,0,0
sh513130,09:33:27,1767663211292,09:34:30,1767663210603,0.752,0.7533,-0.1726,5797.94,0.8972,3.1861,0,0,0.752,0.99,0.751,48000200,0.750,54714500,0.749,40802300,0.748,36611700,0.747,34503800,0.752,38611900,0.753,86210500,0.754,65372600,0.755,60123000,0.756,43543800,689,0,0
sh513130,09:33:30,1767663212305,09:34:30,1767663210603,0.752,0.7533,-0.1726,5797.94,0.8972,4.8411,990700,744845,0.7518,1.012,0.751,54748700,0.750,49187300,0.749,39812300,0.748,36611700,0.747,34503800,0.752,40201000,0.753,81047000,0.754,65704900,0.755,60221700,0.756,48853600,1701,0,0
sh513130,09:33:30,1767663213318,09:34:32,1767663212769,0.752,0.7533,-0.1726,5797.38,0.8972,4.8127,0,0,0.752,1.014,0.751,54748700,0.750,49187300,0.749,39812300,0.748,36611700,0.747,34503800,0.752,40201000,0.753,81047000,0.754,65704900,0.755,60221700,0.756,48853600,548,0,0
sh513130,09:33:30,1767663214319,09:34:32,1767663212769,0.752,0.7533,-0.1726,5797.38,0.8972,4.3148,0,0,0.752,1.001,0.751,54748700,0.750,49187300,0.749,39812300,0.748,36611700,0.747,34503800,0.752,40201000,0.753,81047000,0.754,65704900,0.755,60221700,0.756,48853600,1549,0,0
sh513130,09:33:33,1767663215306,09:34:34,1767663214939,0.752,0.7533,-0.1726,5797.91,0.8972,6.8636,790300,594218,0.7519,0.987,0.751,53848400,0.750,49299800,0.749,39787300,0.748,36611700,0.747,34752400,0.752,19026000,0.753,85897100,0.754,65820600,0.755,60242700,0.756,49031400,367,0,0
sh513130,09:33:33,1767663216306,09:34:34,1767663214939,0.752,0.7533,-0.1726,5797.91,0.8972,4.6429,0,0,0.752,0.999,0.751,53848400,0.750,49299800,0.749,39787300,0.748,36611700,0.747,34752400,0.752,19026000,0.753,85897100,0.754,65820600,0.755,60242700,0.756,49031400,1366,0,0
sh513130,09:33:33,1767663217307,09:34:36,1767663217104,0.752,0.7533,-0.1726,5799.95,0.8972,4.6316,0,0,0.752,1.001,0.751,53848400,0.750,49299800,0.749,39787300,0.748,36611700,0.747,34752400,0.752,19026000,0.753,85897100,0.754,65820600,0.755,60242700,0.756,49031400,203,0,0
sh513130,09:33:33,1767663218317,09:34:36,1767663217104,0.752,0.7533,-0.1726,5799.95,0.8972,3.2201,0,0,0.752,1.01,0.751,53848400,0.750,49299800,0.749,39787300,0.748,36611700,0.747,34752400,0.752,19026000,0.753,85897100,0.754,65820600,0.755,60242700,0.756,49031400,1213,0,0
sh513130,09:33:36,1767663219317,09:34:38,1767663219270,0.752,0.7533,-0.1726,5799.69,0.8972,2.7175,584200,439244,0.7519,1.0,0.751,54801800,0.750,49285800,0.749,39786800,0.748,36611700,0.747,34755400,0.752,37174500,0.753,86421300,0.754,66269600,0.755,60282200,0.756,49073300,46,0,0
sh513130,09:33:36,1767663220317,09:34:38,1767663219270,0.752,0.7533,-0.1726,5799.69,0.8972,3.4546,0,0,0.752,0.999,0.751,54801800,0.750,49285800,0.749,39786800,0.748,36611700,0.747,34755400,0.752,37174500,0.753,86421300,0.754,66269600,0.755,60282200,0.756,49073300,1046,0,0
sh513130,09:33:39,1767663221320,09:34:40,1767663220598,0.752,0.7533,-0.1726,5800.43,0.8972,2.6296,1181300,888230,0.7519,1.003,0.751,55064600,0.750,49259400,0.749,39886800,0.748,36641700,0.747,34755400,0.752,37644400,0.753,86506200,0.754,66331600,0.755,61548800,0.756,50167800,721,0,0
sh513130,09:33:39,1767663222309,09:34:40,1767663221454,0.752,0.7533,-0.1726,5800.43,0.8972,2.5794,0,0,0.752,0.99,0.751,55064600,0.750,49259400,0.749,39886800,0.748,36641700,0.747,34755400,0.752,37644400,0.753,86506200,0.754,66331600,0.755,61548800,0.756,50167800,853,0,0
sh513130,09:33:39,1767663223313,09:34:42,1767663222611,0.752,0.7533,-0.1726,5801.11,0.8972,3.1334,0,0,0.752,1.004,0.751,55064600,0.750,49259400,0.749,39886800,0.748,36641700,0.747,34755400,0.752,37644400,0.753,86506200,0.754,66331600,0.755,61548800,0.756,50167800,701,0,0
sh513130,09:33:42,1767663224317,09:34:42,1767663223642,0.751,0.7533,-0.3053,5801.11,0.8972,3.1546,1796300,1350665,0.7519,1.003,0.751,54968600,0.750,49162300,0.749,39084300,0.748,36842700,0.747,34756400,0.752,11776900,0.753,83470900,0.754,66333600,0.755,61670000,0.756,50209300,674,0,0
sh513130,09:33:42,1767663225313,09:34:44,1767663224560,0.751,0.7533,-0.3053,5799.85,0.8972,2.0597,0,0,0.751,0.997,0.751,54968600,0.750,49162300,0.749,39084300,0.748,36842700,0.747,34756400,0.752,11776900,0.753,83470900,0.754,66333600,0.755,61670000,0.756,50209300,753,0,0
sh513130,09:33:42,1767663226308,09:34:44,1767663225815,0.751,0.7533,-0.3053,5799.85,0.8972,2.3704,0,0,0.751,0.995,0.751,54968600,0.750,49162300,0.749,39084300,0.748,36842700,0.747,34756400,0.752,11776900,0.753,83470900,0.754,66333600,0.755,61670000,0.756,50209300,493,0,0
sh513130,09:33:42,1767663227317,09:34:46,1767663226585,0.751,0.7533,-0.3053,5800.56,0.8972,3.1284,0,0,0.751,1.009,0.751,54968600,0.750,49162300,0.749,39084300,0.748,36842700,0.747,34756400,0.752,11776900,0.753,83470900,0.754,66333600,0.755,61670000,0.756,50209300,732,0,0
sh513130,09:33:45,1767663228315,09:34:46,1767663227998,0.752,0.7533,-0.1726,5800.56,0.8972,2.4556,3287100,2471839,0.752,0.998,0.751,55682900,0.750,49233900,0.749,39084300,0.748,36842200,0.747,34756400,0.752,42955300,0.753,79930600,0.754,66437600,0.755,64643800,0.756,50376300,317,0,0
sh513130,09:33:45,1767663229308,09:34:48,1767663228562,0.752,0.7533,-0.1726,5800.43,0.8972,2.4084,0,0,0.752,0.993,0.751,55682900,0.750,49233900,0.749,39084300,0.748,36842200,0.747,34756400,0.752,42955300,0.753,79930600,0.754,66437600,0.755,64643800,0.756,50376300,745,0,0
sh513130,09:33:45,1767663230319,09:34:48,1767663230165,0.752,0.7533,-0.1726,5800.43,0.8972,2.6574,0,0,0.752,1.011,0.751,55682900,0.750,49233900,0.749,39084300,0.748,36842200,0.747,34756400,0.752,42955300,0.753,79930600,0.754,66437600,0.755,64643800,0.756,50376300,153,0,0
sh513130,09:33:48,1767663231317,09:34:50,1767663230565,0.752,0.7533,-0.1726,5799.46,0.8972,2.1861,1693600,1272537,0.7514,0.998,0.751,55760100,0.750,49413400,0.749,38887600,0.748,36840200,0.747,34756400,0.752,39493100,0.753,82228200,0.754,66479700,0.755,61720500,0.756,50516200,751,0,0
sh513130,09:33:48,1767663232319,09:34:50,1767663230565,0.752,0.7533,-0.1726,5799.46,0.8972,3.4063,0,0,0.752,1.002,0.751,55760100,0.750,49413400,0.749,38887600,0.748,36840200,0.747,34756400,0.752,39493100,0.753,82228200,0.754,66479700,0.755,61720500,0.756,50516200,1753,0,0
sh513130,09:33:48,1767663233316,09:34:52,1767663232588,0.752,0.7533,-0.1726,5798.81,0.8972,3.3434,0,0,0.752,0.997,0.751,55760100,0.750,49413400,0.749,38887600,0.748,36840200,0.747,34756400,0.752,39493100,0.753,82228200,0.754,66479700,0.755,61720500,0.756,50516200,728,0,0
sh513130,09:33:51,1767663234311,09:34:52,1767663232588,0.752,0.7533,-0.1726,5798.81,0.8972,4.2422,20178300,15174037,0.752,0.995,0.751,64748200,0.750,54412400,0.749,44827400,0.748,36841200,0.747,34556500,0.752,27761700,0.753,82861800,0.754,66546400,0.755,62035500,0.756,50506200,1723,0,0
sh513130,09:33:51,1767663235318,09:34:54,1767663234570,0.752,0.7533,-0.1726,5797.9,0.8972,2.4027,0,0,0.752,1.007,0.751,64748200,0.750,54412400,0.749,44827400,0.748,36841200,0.747,34556500,0.752,27761700,0.753,82861800,0.754,66546400,0.755,62035500,0.756,50506200,747,0,0
sh513130,09:33:51,1767663236318,09:34:54,1767663234570,0.752,0.7533,-0.1726,5797.9,0.8972,2.2151,0,0,0.752,1.0,0.751,64748200,0.750,54412400,0.749,44827400,0.748,36841200,0.747,34556500,0.752,27761700,0.753,82861800,0.754,66546400,0.755,62035500,0.756,50506200,1747,0,0
sh513130,09:33:54,1767663237313,09:34:56,1767663236684,0.752,0.7533,-0.1726,5799.07,0.8972,3.3338,868100,652777,0.752,0.996,0.751,64684400,0.750,54419700,0.749,44827400,0.748,36841200,0.747,34556500,0.752,27055200,0.753,82957100,0.754,66558500,0.755,62298000,0.756,51506200,628,0,0
sh513130,09:33:54,1767663238308,09:34:56,1767663236684,0.752,0.7533,-0.1726,5799.07,0.8972,2.9831,0,0,0.752,0.994,0.751,64684400,0.750,54419700,0.749,44827400,0.748,36841200,0.747,34556500,0.752,27055200,0.753,82957100,0.754,66558500,0.755,62298000,0.756,51506200,1623,0,0
sh513130,09:33:57,1767663239312,09:34:58,1767663238842,0.752,0.7533,-0.1726,5799.32,0.8972,1.368,1970700,1481607,0.7518,1.004,0.751,64447100,0.750,54464700,0.749,43837400,0.748,36892300,0.747,34556500,0.752,25530100,0.753,83841800,0.754,66599300,0.755,63952600,0.756,51555000,469,0,0
sh513130,09:33:57,1767663240315,09:34:58,1767663238842,0.752,0.7533,-0.1726,5799.32,0.8972,1.341,0,0,0.752,1.003,0.751,64447100,0.750,54464700,0.749,43837400,0.748,36892300,0.747,34556500,0.752,25530100,0.753,83841800,0.754,66599300,0.755,63952600,0.756,51555000,1472,0,0
sh513130,09:33:57,1767663241322,09:35:00,1767663241008,0.752,0.7533,-0.1726,5797.33,0.8972,0.5672,0,0,0.752,1.007,0.751,64447100,0.750,54464700,0.749,43837400,0.748,36892300,0.747,34556500,0.752,25530100,0.753,83841800,0.754,66599300,0.755,63952600,0.756,51555000,313,0,0
sh513130,09:33:57,1767663242333,09:35:00,1767663241008,0.752,0.7533,-0.1726,5797.33,0.8972,2.4629,0,0,0.752,1.011,0.751,64447100,0.750,54464700,0.749,43837400,0.748,36892300,0.747,34556500,0.752,25530100,0.753,83841800,0.754,66599300,0.755,63952600,0.756,51555000,1324,0,0
sh513130,09:34:00,1767663243326,09:35:02,1767663243184,0.752,0.7533,-0.1726,5795.72,0.8972,2.4614,277300,208520,0.752,0.993,0.751,59906400,0.750,54657200,0.749,43837400,0.748,36892300,0.747,34558500,0.752,27634000,0.753,98499900,0.754,81611300,0.755,78617600,0.756,51576400,142,0,0
sh513130,09:34:00,1767663244335,09:35:02,1767663243644,0.752,0.7533,-0.1726,5795.72,0.8972,-1.5901,0,0,0.752,1.009,0.751,59906400,0.750,54657200,0.749,43837400,0.748,36892300,0.747,34558500,0.752,27634000,0.753,98499900,0.754,81611300,0.755,78617600,0.756,51576400,690,0,0
sh513130,09:34:00,1767663245331,09:35:04,1767663244579,0.752,0.7533,-0.1726,5796.44,0.8972,-1.5525,0,0,0.752,0.996,0.751,59906400,0.750,54657200,0.749,43837400,0.748,36892300,0.747,34558500,0.752,27634000,0.753,98499900,0.754,81611300,0.755,78617600,0.756,51576400,752,0,0
sh513130,09:34:03,1767663246336,09:35:04,1767663245366,0.752,0.7526,-0.0797,5796.44,0.8972,-1.1564,1587000,1193175,0.7518,1.006,0.751,69207100,0.750,54685700,0.749,45825700,0.748,36892300,0.747,34540300,0.752,27491600,0.753,106788500,0.754,81864500,0.755,78636500,0.756,43299700,970,0,0
sh513130,09:34:03,1767663247353,09:35:06,1767663246538,0.752,0.7526,-0.0797,5797.28,0.8972,-0.9454,0,0,0.752,1.017,0.751,69207100,0.750,54685700,0.749,45825700,0.748,36892300,0.747,34540300,0.752,27491600,0.753,106788500,0.754,81864500,0.755,78636500,0.756,43299700,815,0,0
sh513130,09:34:03,1767663248363,09:35:06,1767663247548,0.752,0.7526,-0.0797,5797.28,0.8972,0.5418,0,0,0.752,1.01,0.751,69207100,0.750,54685700,0.749,45825700,0.748,36892300,0.747,34540300,0.752,27491600,0.753,106788500,0.754,81864500,0.755,78636500,0.756,43299700,815,0,0
sh513130,09:34:06,1767663249355,09:35:08,1767663248728,0.752,0.7526,-0.0797,5798.01,0.8972,1.0677,7797500,5863654,0.752,0.992,0.751,69661400,0.750,54891300,0.749,45825700,0.748,36889400,0.747,34540300,0.752,4348600,0.753,83712500,0.754,81825300,0.755,79036500,0.756,51590700,627,0,0
sh513130,09:34:06,1767663250366,09:35:08,1767663249723,0.752,0.7526,-0.0797,5798.01,0.8972,0.6928,0,0,0.752,1.011,0.751,69661400,0.750,54891300,0.749,45825700,0.748,36889400,0.747,34540300,0.752,4348600,0.753,83712500,0.754,81825300,0.755,79036500,0.756,51590700,642,0,0
sh513130,09:34:09,1767663251361,09:35:10,1767663250597,0.752,0.7526,-0.0797,5798.51,0.8972,0.679,1829500,1375707,0.752,0.995,0.751,69724500,0.750,54977500,0.749,45805700,0.748,36889400,0.747,34540300,0.752,28475500,0.753,98357400,0.754,82215700,0.755,79092700,0.756,51596700,764,0,0
sh513130,09:34:09,1767663252358,09:35:10,1767663251905,0.752,0.7526,-0.0797,5798.51,0.8972,2.8422,0,0,0.752,0.997,0.751,69724500,0.750,54977500,0.749,45805700,0.748,36889400,0.747,34540300,0.752,28475500,0.753,98357400,0.754,82215700,0.755,79092700,0.756,51596700,453,0,0
sh513130,09:34:09,1767663253359,09:35:12,1767663252532,0.752,0.7526,-0.0797,5797.45,0.8972,1.1412,0,0,0.752,1.001,0.751,69724500,0.750,54977500,0.749,45805700,0.748,36889400,0.747,34540300,0.752,28475500,0.753,98357400,0.754,82215700,0.755,79092700,0.756,51596700,827,0,0
sh513130,09:34:12,1767663254364,09:35:12,1767663254084,0.752,0.7532,-0.1593,5797.45,0.8972,3.6907,634900,477416,0.752,1.005,0.751,70775100,0.750,55091800,0.749,44785700,0.748,36839400,0.747,34540300,0.752,24142700,0.753,82939200,0.754,82226000,0.755,79187600,0.756,66715300,279,0,0
sh513130,09:34:12,1767663255365,09:35:14,1767663254565,0.752,0.7532,-0.1593,5798.07,0.8972,3.9679,0,0,0.752,1.001,0.751,70775100,0.750,55091800,0.749,44785700,0.748,36839400,0.747,34540300,0.752,24142700,0.753,82939200,0.754,82226000,0.755,79187600,0.756,66715300,799,0,0
sh513130,09:34:12,1767663256365,09:35:14,1767663256255,0.752,0.7532,-0.1593,5798.07,0.8972,3.9278,0,0,0.752,1.0,0.751,70775100,0.750,55091800,0.749,44785700,0.748,36839400,0.747,34540300,0.752,24142700,0.753,82939200,0.754,82226000,0.755,79187600,0.756,66715300,109,0,0
sh513130,09:34:12,1767663257365,09:35:16,1767663256524,0.752,0.7532,-0.1593,5798.55,0.8972,3.3073,0,0,0.752,1.0,0.751,70775100,0.750,55091800,0.749,44785700,0.748,36839400,0.747,34540300,0.752,24142700,0.753,82939200,0.754,82226000,0.755,79187600,0.756,66715300,840,0,0
sh513130,09:34:15,1767663258355,09:35:16,1767663256524,0.752,0.7532,-0.1593,5798.55,0.8972,3.5229,283100,212833,0.7518,0.99,0.751,70740800,0.750,55351000,0.749,43795700,0.748,36840400,0.747,34540300,0.752,24248900,0.753,82942300,0.754,82313300,0.755,79305300,0.756,51889800,1830,0,0
sh513130,09:34:15,1767663259361,09:35:18,1767663258594,0.752,0.7532,-0.1593,5798.18,0.8972,3.4582,0,0,0.752,1.006,0.751,70740800,0.750,55351000,0.749,43795700,0.748,36840400,0.747,34540300,0.752,24248900,0.753,82942300,0.754,82313300,0.755,79305300,0.756,51889800,767,0,0
sh513130,09:34:18,1767663260365,09:35:18,1767663258594,0.752,0.7532,-0.1593,5798.18,0.8972,4.9902,1317500,990595,0.7519,1.004,0.751,71538300,0.750,55555900,0.749,43793700,0.748,36840400,0.747,34540300,0.752,30314300,0.753,98865900,0.754,82353300,0.755,79466100,0.756,51916800,1770,0,0
sh513130,09:34:18,1767663261359,09:35:20,1767663260601,0.752,0.7532,-0.1593,5796.34,0.8972,2.7174,0,0,0.752,0.994,0.751,71538300,0.750,55555900,0.749,43793700,0.748,36840400,0.747,34540300,0.752,30314300,0.753,98865900,0.754,82353300,0.755,79466100,0.756,51916800,757,0,0
sh513130,09:34:18,1767663262354,09:35:20,1767663260601,0.752,0.7532,-0.1593,5796.34,0.8972,1.9738,0,0,0.752,0.995,0.751,71538300,0.750,55555900,0.749,43793700,0.748,36840400,0.747,34540300,0.752,30314300,0.753,98865900,0.754,82353300,0.755,79466100,0.756,51916800,1753,0,0
sh513130,09:34:21,1767663263365,09:35:22,1767663262774,0.751,0.7532,-0.2921,5795.53,0.8972,3.6215,896200,673860,0.7519,1.011,0.751,64900300,0.750,61734500,0.749,45773700,0.748,36878700,0.747,34542600,0.752,31254700,0.753,104697800,0.754,82453300,0.755,79066100,0.756,46669500,591,0,0
sh513130,09:34:21,1767663264364,09:35:22,1767663262774,0.751,0.7532,-0.2921,5795.53,0.8972,2.591,0,0,0.751,0.998,0.751,64900300,0.750,61734500,0.749,45773700,0.748,36878700,0.747,34542600,0.752,31254700,0.753,104697800,0.754,82453300,0.755,79066100,0.756,46669500,1589,0,0
sh513130,09:34:21,1767663265360,09:35:24,1767663264940,0.751,0.7532,-0.2921,5794.71,0.8972,3.6586,0,0,0.751,0.996,0.751,64900300,0.750,61734500,0.749,45773700,0.748,36878700,0.747,34542600,0.752,31254700,0.753,104697800,0.754,82453300,0.755,79066100,0.756,46669500,420,0,0
sh513130,09:34:24,1767663266364,09:35:24,1767663264940,0.752,0.7532,-0.1593,5794.71,0.8972,1.5747,58282000,43770033,0.751,1.004,0.751,6957500,0.750,64763200,0.749,45773700,0.748,41881700,0.747,34542600,0.752,34162500,0.753,108742800,0.754,82078000,0.755,79155800,0.756,42262700,1423,0,0
sh513130,09:34:24,1767663267363,09:35:26,1767663267099,0.752,0.7532,-0.1593,5795.51,0.8972,2.1848,0,0,0.752,0.999,0.751,6957500,0.750,64763200,0.749,45773700,0.748,41881700,0.747,34542600,0.752,34162500,0.753,108742800,0.754,82078000,0.755,79155800,0.756,42262700,264,0,0
sh513130,09:34:24,1767663268362,09:35:26,1767663267099,0.752,0.7532,-0.1593,5795.51,0.8972,2.1425,0,0,0.752,0.998,0.751,6957500,0.750,64763200,0.749,45773700,0.748,41881700,0.747,34542600,0.752,34162500,0.753,108742800,0.754,82078000,0.755,79155800,0.756,42262700,1262,0,0
sh513130,09:34:27,1767663269356,09:35:28,1767663269264,0.751,0.7532,-0.2921,5794.82,0.8972,1.8278,600500,451429,0.7518,0.995,0.751,29865500,0.750,66585600,0.749,45823700,0.748,41559000,0.747,34542600,0.752,42616700,0.753,108885500,0.754,82007500,0.755,79235600,0.756,42325300,92,0,0
sh513130,09:34:27,1767663270356,09:35:28,1767663269264,0.751,0.7532,-0.2921,5794.82,0.8972,1.792,0,0,0.751,1.0,0.751,29865500,0.750,66585600,0.749,45823700,0.748,41559000,0.747,34542600,0.752,42616700,0.753,108885500,0.754,82007500,0.755,79235600,0.756,42325300,1092,0,0
sh513130,09:34:27,1767663271366,09:35:30,1767663270549,0.751,0.7532,-0.2921,5794.61,0.8972,0.8336,0,0,0.751,1.01,0.751,29865500,0.750,66585600,0.749,45823700,0.748,41559000,0.747,34542600,0.752,42616700,0.753,108885500,0.754,82007500,0.755,79235600,0.756,42325300,815,0,0
sh513130,09:34:30,1767663272366,09:35:30,1767663271428,0.752,0.7532,-0.1593,5794.61,0.8972,1.2201,15796200,11863081,0.751,1.001,0.751,13140300,0.750,69008000,0.749,63921900,0.748,41950700,0.747,34563600,0.752,43395600,0.753,109146700,0.754,82093400,0.755,79275800,0.756,42319700,938,0,0
sh513130,09:34:30,1767663273362,09:35:32,1767663272541,0.752,0.7532,-0.1593,5793.25,0.8972,0.9651,0,0,0.752,0.996,0.751,13140300,0.750,69008000,0.749,63921900,0.748,41950700,0.747,34563600,0.752,43395600,0.753,109146700,0.754,82093400,0.755,79275800,0.756,42319700,821,0,0
sh513130,09:34:30,1767663274361,09:35:32,1767663273613,0.752,0.7532,-0.1593,5793.25,0.8972,1.3409,0,0,0.752,0.999,0.751,13140300,0.750,69008000,0.749,63921900,0.748,41950700,0.747,34563600,0.752,43395600,0.753,109146700,0.754,82093400,0.755,79275800,0.756,42319700,748,0,0
sh513130,09:34:30,1767663275365,09:35:34,1767663274565,0.752,0.7532,-0.1593,5793.36,0.8972,1.3144,0,0,0.752,1.003,0.751,13140300,0.750,69008000,0.749,63921900,0.748,41950700,0.747,34563600,0.752,43395600,0.753,109146700,0.754,82093400,0.755,79275800,0.756,42319700,799,0,0
sh513130,09:34:33,1767663276365,09:35:34,1767663275793,0.751,0.7526,-0.2126,5793.36,0.8972,1.3559,4328500,3252972,0.7515,1.0,0.751,26382800,0.750,69944200,0.749,49933300,0.748,41956700,0.747,34563600,0.752,44751000,0.753,109296200,0.754,82063500,0.755,79336900,0.756,42429700,571,0,0
sh513130,09:34:33,1767663277358,09:35:36,1767663276600,0.751,0.7526,-0.2126,5792.29,0.8972,1.3925,0,0,0.751,0.993,0.751,26382800,0.750,69944200,0.749,49933300,0.748,41956700,0.747,34563600,0.752,44751000,0.753,109296200,0.754,82063500,0.755,79336900,0.756,42429700,757,0,0
sh513130,09:34:33,1767663278359,09:35:36,1767663277964,0.751,0.7526,-0.2126,5792.29,0.8972,1.2167,0,0,0.751,1.001,0.751,26382800,0.750,69944200,0.749,49933300,0.748,41956700,0.747,34563600,0.752,44751000,0.753,109296200,0.754,82063500,0.755,79336900,0.756,42429700,395,0,0
sh513130,09:34:36,1767663279362,09:35:38,1767663278549,0.751,0.7526,-0.2126,5793.18,0.8972,2.0887,1597900,1201512,0.7519,1.003,0.751,33727600,0.750,69139100,0.749,49947300,0.748,41956700,0.747,34563600,0.752,45010900,0.753,108841300,0.754,82067700,0.755,79297000,0.756,43949700,813,0,0
sh513130,09:34:39,1767663280359,09:35:38,1767663280141,0.751,0.7526,-0.2126,5793.18,0.8972,3.7802,28222600,21195921,0.751,0.997,0.750,69368800,0.749,59187300,0.748,41956700,0.747,34563600,0.746,34865600,0.751,32042000,0.752,46257000,0.753,110461400,0.754,60027900,0.755,79506800,218,0,0
sh513130,09:34:36,1767663281366,09:35:40,1767663280550,0.751,0.7526,-0.2126,5791.31,0.8972,3.5708,0,0,0.751,1.007,0.751,33727600,0.750,69139100,0.749,49947300,0.748,41956700,0.747,34563600,0.752,45010900,0.753,108841300,0.754,82067700,0.755,79297000,0.756,43949700,816,0,1
sh513130,09:34:36,1767663282377,09:35:40,1767663282315,0.751,0.7526,-0.2126,5791.31,0.8972,4.0764,0,0,0.751,1.011,0.751,33727600,0.750,69139100,0.749,49947300,0.748,41956700,0.747,34563600,0.752,45010900,0.753,108841300,0.754,82067700,0.755,79297000,0.756,43949700,62,0,0
sh513130,09:34:39,1767663283368,09:35:42,1767663282617,0.751,0.7526,-0.2126,5790.88,0.8972,3.8263,28222600,21195921,0.751,0.991,0.750,69368800,0.749,59187300,0.748,41956700,0.747,34563600,0.746,34865600,0.751,32042000,0.752,46257000,0.753,110461400,0.754,60027900,0.755,79506800,751,0,0
sh513130,09:34:42,1767663284376,09:35:42,1767663282617,0.751,0.7526,-0.2126,5790.88,0.8972,3.4113,1455200,1092855,0.751,1.007,0.750,67414300,0.749,59197300,0.748,43887100,0.747,34563600,0.746,34946700,0.751,29787800,0.752,49782500,0.753,110355500,0.754,57652900,0.755,79568600,1758,0,0
sh513130,09:34:42,1767663285376,09:35:44,1767663284630,0.751,0.7526,-0.2126,5791.82,0.8972,2.8066,0,0,0.751,1.0,0.750,67414300,0.749,59197300,0.748,43887100,0.747,34563600,0.746,34946700,0.751,29787800,0.752,49782500,0.753,110355500,0.754,57652900,0.755,79568600,746,0,0
sh513130,09:34:42,1767663286372,09:35:44,1767663284630,0.751,0.7526,-0.2126,5791.82,0.8972,3.0774,0,0,0.751,0.996,0.750,67414300,0.749,59197300,0.748,43887100,0.747,34563600,0.746,34946700,0.751,29787800,0.752,49782500,0.753,110355500,0.754,57652900,0.755,79568600,1742,0,0
sh513130,09:34:42,1767663287382,09:35:46,1767663286630,0.751,0.7526,-0.2126,5791.34,0.8972,3.0437,0,0,0.751,1.009,0.750,67414300,0.749,59197300,0.748,43887100,0.747,34563600,0.746,34946700,0.751,29787800,0.752,49782500,0.753,110355500,0.754,57652900,0.755,79568600,752,0,0
sh513130,09:34:45,1767663288374,09:35:46,1767663286630,0.751,0.7526,-0.2126,5791.34,0.8972,4.818,5161300,3876099,0.751,0.992,0.751,3857200,0.750,63260700,0.749,45957700,0.748,42842400,0.747,34576600,0.752,50150600,0.753,110463000,0.754,58072900,0.755,79574100,0.756,41692300,1744,0,0
sh513130,09:34:45,1767663289371,09:35:48,1767663288796,0.751,0.7526,-0.2126,5791.55,0.8972,4.3975,0,0,0.751,0.997,0.751,3857200,0.750,63260700,0.749,45957700,0.748,42842400,0.747,34576600,0.752,50150600,0.753,110463000,0.754,58072900,0.755,79574100,0.756,41692300,574,0,0
sh513130,09:34:48,1767663290380,09:35:48,1767663288796,0.751,0.7526,-0.2126,5791.55,0.8972,4.321,3543200,2660994,0.751,1.009,0.750,75770300,0.749,53950200,0.748,41477400,0.747,34576600,0.746,40230100,0.751,5033400,0.752,47675100,0.753,110474000,0.754,61838900,0.755,79572400,1583,0,0
sh513130,09:34:48,1767663291376,09:35:50,1767663290967,0.751,0.7526,-0.2126,5791.86,0.8972,4.249,0,0,0.751,0.996,0.750,75770300,0.749,53950200,0.748,41477400,0.747,34576600,0.746,40230100,0.751,5033400,0.752,47675100,0.753,110474000,0.754,61838900,0.755,79572400,408,0,0
sh513130,09:34:48,1767663292374,09:35:50,1767663290967,0.751,0.7526,-0.2126,5791.86,0.8972,1.9853,0,0,0.751,0.998,0.750,75770300,0.749,53950200,0.748,41477400,0.747,34576600,0.746,40230100,0.751,5033400,0.752,47675100,0.753,110474000,0.754,61838900,0.755,79572400,1406,0,0
sh513130,09:34:51,1767663293359,09:35:52,1767663293135,0.751,0.7526,-0.2126,5791.11,0.8972,1.8049,658600,494468,0.7508,0.985,0.750,75211600,0.749,53944200,0.748,42867400,0.747,34576600,0.746,40249600,0.751,42127200,0.752,52486800,0.753,110493400,0.754,58372900,0.755,79591100,223,0,0
sh513130,09:34:51,1767663294361,09:35:52,1767663293135,0.751,0.7526,-0.2126,5791.11,0.8972,1.3924,0,0,0.751,1.002,0.750,75211600,0.749,53944200,0.748,42867400,0.747,34576600,0.746,40249600,0.751,42127200,0.752,52486800,0.753,110493400,0.754,58372900,0.755,79591100,1225,0,0
sh513130,09:34:51,1767663295354,09:35:54,1767663295306,0.751,0.7526,-0.2126,5790.94,0.8972,1.7846,0,0,0.751,0.993,0.750,75211600,0.749,53944200,0.748,42867400,0.747,34576600,0.746,40249600,0.751,42127200,0.752,52486800,0.753,110493400,0.754,58372900,0.755,79591100,47,0,0
sh513130,09:34:51,1767663296364,09:35:54,1767663295306,0.751,0.7526,-0.2126,5790.94,0.8972,2.1693,0,0,0.751,1.01,0.750,75211600,0.749,53944200,0.748,42867400,0.747,34576600,0.746,40249600,0.751,42127200,0.752,52486800,0.753,110493400,0.754,58372900,0.755,79591100,1057,0,0
sh513130,09:34:54,1767663297367,09:35:56,1767663296566,0.751,0.7526,-0.2126,5790.85,0.8972,5.1639,725400,544751,0.751,1.004,0.750,75850400,0.749,53968200,0.748,42867400,0.747,34576600,0.746,40249600,0.751,43908200,0.752,51825300,0.753,111382900,0.754,58387900,0.755,79628600,801,0,0
sh513130,09:34:54,1767663298366,09:35:56,1767663297473,0.751,0.7526,-0.2126,5790.85,0.8972,3.9498,0,0,0.751,0.998,0.750,75850400,0.749,53968200,0.748,42867400,0.747,34576600,0.746,40249600,0.751,43908200,0.752,51825300,0.753,111382900,0.754,58387900,0.755,79628600,892,0,0
sh513130,09:34:57,1767663299353,09:35:58,1767663298590,0.751,0.7526,-0.2126,5791.92,0.8972,2.8087,1043200,782807,0.7504,0.987,0.750,75358000,0.749,54068200,0.748,42871400,0.747,34576600,0.746,40244600,0.751,32039000,0.752,52468800,0.753,111459900,0.754,58454500,0.755,79741100,762,0,0
sh513130,09:34:57,1767663300354,09:35:58,1767663299639,0.751,0.7526,-0.2126,5791.92,0.8972,6.183,0,0,0.751,1.002,0.750,75358000,0.749,54068200,0.748,42871400,0.747,34576600,0.746,40244600,0.751,32039000,0.752,52468800,0.753,111459900,0.754,58454500,0.755,79741100,715,0,0
sh513130,09:34:57,1767663301365,09:36:00,1767663300560,0.751,0.7526,-0.2126,5792.15,0.8972,6.093,0,0,0.751,1.01,0.750,75358000,0.749,54068200,0.748,42871400,0.747,34576600,0.746,40244600,0.751,32039000,0.752,52468800,0.753,111459900,0.754,58454500,0.755,79741100,804,0,0
sh513130,09:35:00,1767663302363,09:36:00,1767663301810,0.75,0.7526,-0.3455,5792.15,0.8972,7.402,1455300,1092749,0.7509,0.998,0.750,76217900,0.749,55267900,0.748,42882200,0.747,34576600,0.746,40254600,0.751,33816100,0.752,59508200,0.753,110816800,0.754,58444500,0.755,79799500,552,0,0
sh513130,09:34:57,1767663303357,09:36:02,1767663302563,0.751,0.7526,-0.2126,5790.58,0.8972,7.3148,0,0,0.751,0.994,0.750,75358000,0.749,54068200,0.748,42871400,0.747,34576600,0.746,40244600,0.751,32039000,0.752,52468800,0.753,111459900,0.754,58454500,0.755,79741100,793,0,1
sh513130,09:35:00,1767663304359,09:36:02,1767663303983,0.75,0.7526,-0.3455,5790.58,0.8972,7.6745,1455300,1092749,0.7509,1.003,0.750,76217900,0.749,55267900,0.748,42882200,0.747,34576600,0.746,40254600,0.751,33816100,0.752,59508200,0.753,110816800,0.754,58444500,0.755,79799500,376,0,0
sh513130,09:35:03,1767663305363,09:36:04,1767663304565,0.75,0.7526,-0.3455,5790.3,0.8972,5.8649,1092500,819415,0.75,1.003,0.750,75473200,0.749,55289500,0.748,42883200,0.747,34602300,0.746,40254900,0.751,36786400,0.752,54532300,0.753,110722600,0.754,58395200,0.755,79815100,797,0,0
sh513130,09:35:03,1767663306359,09:36:04,1767663306165,0.75,0.7526,-0.3455,5790.3,0.8972,4.463,0,0,0.75,0.997,0.750,75473200,0.749,55289500,0.748,42883200,0.747,34602300,0.746,40254900,0.751,36786400,0.752,54532300,0.753,110722600,0.754,58395200,0.755,79815100,194,0,0
sh513130,09:35:03,1767663307377,09:36:06,1767663306567,0.75,0.7526,-0.3455,5792.26,0.8972,6.0258,0,0,0.75,1.018,0.750,75473200,0.749,55289500,0.748,42883200,0.747,34602300,0.746,40254900,0.751,36786400,0.752,54532300,0.753,110722600,0.754,58395200,0.755,79815100,810,0,0
sh513130,09:35:03,1767663308352,09:36:06,1767663308334,0.75,0.7526,-0.3455,5792.26,0.8972,5.9363,0,0,0.75,0.975,0.750,75473200,0.749,55289500,0.748,42883200,0.747,34602300,0.746,40254900,0.751,36786400,0.752,54532300,0.753,110722600,0.754,58395200,0.755,79815100,18,0,0
sh513130,09:35:03,1767663309363,09:36:08,1767663308570,0.75,0.7526,-0.3455,5792.96,0.8972,4.9983,0,0,0.75,1.011,0.750,75473200,0.749,55289500,0.748,42883200,0.747,34602300,0.746,40254900,0.751,36786400,0.752,54532300,0.753,110722600,0.754,58395200,0.755,79815100,793,0,0
sh513130,09:35:06,1767663310355,09:36:08,1767663308570,0.751,0.7526,-0.2126,5792.96,0.8972,3.9978,10011500,7518171,0.751,0.992,0.751,46350700,0.750,67970400,0.749,47348600,0.748,42137200,0.747,34602300,0.752,70464500,0.753,120862700,0.754,58875200,0.755,79829100,0.756,41834200,1784,0,0
sh513130,09:35:09,1767663311364,09:36:10,1767663310594,0.751,0.7526,-0.2126,5791.51,0.8972,3.8746,3799400,2853406,0.751,1.009,0.751,5421400,0.750,78865400,0.749,47348600,0.748,41737600,0.747,34602300,0.752,68543400,0.753,120884900,0.754,61805200,0.755,79949500,0.756,41844200,769,0,0
sh513130,09:35:09,1767663312359,09:36:10,1767663310594,0.751,0.7526,-0.2126,5791.51,0.8972,2.7214,0,0,0.751,0.996,0.751,5421400,0.750,78865400,0.749,47348600,0.748,41737600,0.747,34602300,0.752,68543400,0.753,120884900,0.754,61805200,0.755,79949500,0.756,41844200,1765,0,0
sh513130,09:35:09,1767663313353,09:36:12,1767663312691,0.751,0.7526,-0.2126,5791.65,0.8972,2.6975,0,0,0.751,0.993,0.751,5421400,0.750,78865400,0.749,47348600,0.748,41737600,0.747,34602300,0.752,68543400,0.753,120884900,0.754,61805200,0.755,79949500,0.756,41844200,662,0,0
sh513130,09:35:09,1767663314366,09:36:12,1767663312691,0.751,0.7526,-0.2126,5791.65,0.8972,2.5065,0,0,0.751,1.013,0.751,5421400,0.750,78865400,0.749,47348600,0.748,41737600,0.747,34602300,0.752,68543400,0.753,120884900,0.754,61805200,0.755,79949500,0.756,41844200,1675,0,0
sh513130,09:35:12,1767663315363,09:36:14,1767663314862,0.751,0.7526,-0.2126,5790.2,0.8972,2.7823,5550900,4168708,0.751,0.997,0.750,79194400,0.749,58183200,0.748,42147600,0.747,34602300,0.746,40395400,0.751,42194700,0.752,70189300,0.753,120861600,0.754,60815200,0.755,79971100,501,0,0
sh513130,09:35:12,1767663316366,09:36:14,1767663314862,0.751,0.7526,-0.2126,5790.2,0.8972,1.9147,0,0,0.751,1.003,0.750,79194400,0.749,58183200,0.748,42147600,0.747,34602300,0.746,40395400,0.751,42194700,0.752,70189300,0.753,120861600,0.754,60815200,0.755,79971100,1504,0,0
sh513130,09:35:15,1767663317355,09:36:16,1767663317034,0.751,0.7526,-0.2126,5790.99,0.8972,2.5909,800500,601108,0.7509,0.99,0.750,72720600,0.749,58183200,0.748,43137600,0.747,35003300,0.746,40395400,0.751,54295600,0.752,93072700,0.753,120785700,0.754,58429200,0.755,55224500,320,0,0
sh513130,09:35:15,1767663318363,09:36:16,1767663317034,0.751,0.7526,-0.2126,5790.99,0.8972,2.461,0,0,0.751,1.008,0.750,72720600,0.749,58183200,0.748,43137600,0.747,35003300,0.746,40395400,0.751,54295600,0.752,93072700,0.753,120785700,0.754,58429200,0.755,55224500,1329,0,0
sh513130,09:35:15,1767663319353,09:36:18,1767663319217,0.751,0.7526,-0.2126,5791.2,0.8972,2.4138,0,0,0.751,0.99,0.750,72720600,0.749,58183200,0.748,43137600,0.747,35003300,0.746,40395400,0.751,54295600,0.752,93072700,0.753,120785700,0.754,58429200,0.755,55224500,136,0,0
sh513130,09:35:15,1767663320363,09:36:18,1767663319217,0.751,0.7526,-0.2126,5791.2,0.8972,2.3135,0,0,0.751,1.009,0.750,72720600,0.749,58183200,0.748,43137600,0.747,35003300,0.746,40395400,0.751,54295600,0.752,93072700,0.753,120785700,0.754,58429200,0.755,55224500,1145,0,0
sh513130,09:35:18,1767663321356,09:36:20,1767663320604,0.751,0.7526,-0.2126,5790.71,0.8972,3.055,348300,261530,0.7509,0.993,0.750,73059600,0.749,63783200,0.748,43247600,0.747,35033300,0.746,40431400,0.751,55321100,0.752,96713900,0.753,119823200,0.754,58464900,0.755,55474700,752,0,0
sh513130,09:35:18,1767663322360,09:36:20,1767663321396,0.751,0.7526,-0.2126,5790.71,0.8972,3.047,0,0,0.751,1.004,0.750,73059600,0.749,63783200,0.748,43247600,0.747,35033300,0.746,40431400,0.751,55321100,0.752,96713900,0.753,119823200,0.754,58464900,0.755,55474700,963,0,0
sh513130,09:35:18,1767663323364,09:36:22,1767663322606,0.751,0.7526,-0.2126,5789.02,0.8972,2.4013,0,0,0.751,1.004,0.750,73059600,0.749,63783200,0.748,43247600,0.747,35033300,0.746,40431400,0.751,55321100,0.752,96713900,0.753,119823200,0.754,58464900,0.755,55474700,757,0,0
sh513130,09:35:21,1767663324358,09:36:22,1767663323560,0.751,0.7519,-0.1197,5789.02,0.8972,2.6154,1904200,1429203,0.7506,0.994,0.750,71666400,0.749,58166300,0.748,44248600,0.747,35043400,0.746,40431400,0.751,56063800,0.752,98269500,0.753,119851500,0.754,58464900,0.755,55544400,797,0,0
sh513130,09:35:21,1767663325366,09:36:24,1767663324563,0.751,0.7519,-0.1197,5789.24,0.8972,2.4432,0,0,0.751,1.008,0.750,71666400,0.749,58166300,0.748,44248600,0.747,35043400,0.746,40431400,0.751,56063800,0.752,98269500,0.753,119851500,0.754,58464900,0.755,55544400,802,0,0
sh513130,09:35:24,1767663326366,09:36:24,1767663325739,0.75,0.7519,-0.2527,5789.24,0.8972,3.5547,2217400,1664113,0.7505,1.0,0.750,70788600,0.749,63846400,0.748,44221700,0.747,35043400,0.746,40594500,0.751,59369500,0.752,98639100,0.753,119941800,0.754,58541800,0.755,55596100,626,0,0
sh513130,09:35:24,1767663327359,09:36:26,1767663326534,0.75,0.7519,-0.2527,5790.88,0.8972,3.7434,0,0,0.75,0.994,0.750,70788600,0.749,63846400,0.748,44221700,0.747,35043400,0.746,40594500,0.751,59369500,0.752,98639100,0.753,119941800,0.754,58541800,0.755,55596100,824,0,0
sh513130,09:35:24,1767663328356,09:36:26,1767663327909,0.75,0.7519,-0.2527,5790.88,0.8972,3.6483,0,0,0.75,0.996,0.750,70788600,0.749,63846400,0.748,44221700,0.747,35043400,0.746,40594500,0.751,59369500,0.752,98639100,0.753,119941800,0.754,58541800,0.755,55596100,447,0,0
sh513130,09:35:27,1767663329355,09:36:28,1767663328591,0.751,0.7526,-0.2126,5789.81,0.8972,3.4198,633800,475518,0.7503,0.999,0.750,76086800,0.749,58286000,0.748,44223100,0.747,34743400,0.746,40596500,0.751,59500500,0.752,98145200,0.753,120345900,0.754,58541800,0.755,55557200,763,0,0
sh513130,09:35:24,1767663330360,09:36:28,1767663330078,0.75,0.7519,-0.2527,5789.81,0.8972,3.3567,0,0,0.75,1.005,0.750,70788600,0.749,63846400,0.748,44221700,0.747,35043400,0.746,40594500,0.751,59369500,0.752,98639100,0.753,119941800,0.754,58541800,0.755,55596100,281,0,1
sh513130,09:35:27,1767663331364,09:36:30,1767663330657,0.751,0.7526,-0.2126,5788.88,0.8972,3.8745,633800,475518,0.7503,1.004,0.750,76086800,0.749,58286000,0.748,44223100,0.747,34743400,0.746,40596500,0.751,59500500,0.752,98145200,0.753,120345900,0.754,58541800,0.755,55557200,704,0,0
sh513130,09:35:30,1767663332361,09:36:30,1767663332253,0.751,0.7526,-0.2126,5788.88,0.8972,3.3404,551800,414219,0.7507,0.998,0.750,70494000,0.749,63966500,0.748,44737900,0.747,35143400,0.746,40596500,0.751,59921400,0.752,99713200,0.753,120129000,0.754,58541800,0.755,55903600,108,0,0
sh513130,09:35:30,1767663333357,09:36:32,1767663332617,0.751,0.7526,-0.2126,5788.35,0.8972,3.1466,0,0,0.751,0.996,0.750,70494000,0.749,63966500,0.748,44737900,0.747,35143400,0.746,40596500,0.751,59921400,0.752,99713200,0.753,120129000,0.754,58541800,0.755,55903600,740,0,0
sh513130,09:35:30,1767663334356,09:36:32,1767663332617,0.751,0.7526,-0.2126,5788.35,0.8972,3.7346,0,0,0.751,0.998,0.750,70494000,0.749,63966500,0.748,44737900,0.747,35143400,0.746,40596500,0.751,59921400,0.752,99713200,0.753,120129000,0.754,58541800,0.755,55903600,1738,0,0
sh513130,09:35:30,1767663335366,09:36:34,1767663334553,0.751,0.7526,-0.2126,5787.72,0.8972,4.5502,0,0,0.751,1.01,0.750,70494000,0.749,63966500,0.748,44737900,0.747,35143400,0.746,40596500,0.751,59921400,0.752,99713200,0.753,120129000,0.754,58541800,0.755,55903600,813,0,0
sh513130,09:35:33,1767663336359,09:36:34,1767663334553,0.751,0.7519,-0.1197,5787.72,0.8972,4.9242,1383200,1038442,0.7508,0.993,0.750,64210400,0.749,59093400,0.748,39834500,0.747,35143400,0.746,40677100,0.751,59179800,0.752,99765600,0.753,120361700,0.754,58547400,0.755,55904600,1806,0,0
sh513130,09:35:33,1767663337366,09:36:36,1767663336598,0.751,0.7519,-0.1197,5789.37,0.8972,4.842,0,0,0.751,1.006,0.750,64210400,0.749,59093400,0.748,39834500,0.747,35143400,0.746,40677100,0.751,59179800,0.752,99765600,0.753,120361700,0.754,58547400,0.755,55904600,767,0,0
sh513130,09:35:36,1767663338365,09:36:36,1767663336598,0.75,0.7519,-0.2527,5789.37,0.8972,4.5196,458400,343841,0.7501,1.0,0.750,66226400,0.749,59114400,0.748,39844500,0.747,35153400,0.746,40677100,0.751,60460000,0.752,99683700,0.753,120606000,0.754,58547400,0.755,55972600,1766,0,0
sh513130,09:35:36,1767663339366,09:36:38,1767663338772,0.75,0.7519,-0.2527,5789.74,0.8972,5.1228,0,0,0.75,1.001,0.750,66226400,0.749,59114400,0.748,39844500,0.747,35153400,0.746,40677100,0.751,60460000,0.752,99683700,0.753,120606000,0.754,58547400,0.755,55972600,593,0,0
sh513130,09:35:36,1767663340353,09:36:38,1767663338772,0.75,0.7519,-0.2527,5789.74,0.8972,5.8342,0,0,0.75,0.988,0.750,66226400,0.749,59114400,0.748,39844500,0.747,35153400,0.746,40677100,0.751,60460000,0.752,99683700,0.753,120606000,0.754,58547400,0.755,55972600,1580,0,0
sh513130,09:35:36,1767663341357,09:36:40,1767663340956,0.75,0.7519,-0.2527,5793.78,0.8972,4.8905,0,0,0.75,1.004,0.750,66226400,0.749,59114400,0.748,39844500,0.747,35153400,0.746,40677100,0.751,60460000,0.752,99683700,0.753,120606000,0.754,58547400,0.755,55972600,400,0,0
sh513130,09:35:39,1767663342358,09:36:40,1767663340956,0.751,0.7519,-0.1197,5793.78,0.8972,8.1074,17033900,12791385,0.7509,1.001,0.751,17989400,0.750,72543400,0.749,46798100,0.748,43964100,0.747,34753400,0.752,79254500,0.753,121696000,0.754,58997900,0.755,80702900,0.756,41632600,1401,0,0
sh513130,09:35:39,1767663343353,09:36:42,1767663343134,0.751,0.7519,-0.1197,5794.05,0.8972,7.7285,0,0,0.751,0.995,0.751,17989400,0.750,72543400,0.749,46798100,0.748,43964100,0.747,34753400,0.752,79254500,0.753,121696000,0.754,58997900,0.755,80702900,0.756,41632600,218,0,0
sh513130,09:35:39,1767663344362,09:36:42,1767663343134,0.751,0.7519,-0.1197,5794.05,0.8972,8.2914,0,0,0.751,1.01,0.751,17989400,0.750,72543400,0.749,46798100,0.748,43964100,0.747,34753400,0.752,79254500,0.753,121696000,0.754,58997900,0.755,80702900,0.756,41632600,1228,0,0
sh513130,09:35:42,1767663345365,09:36:44,1767663345318,0.751,0.7519,-0.1197,5795.91,0.8972,7.4964,1194500,897070,0.751,1.003,0.751,42085500,0.750,75021400,0.749,47597500,0.748,42681300,0.747,34753400,0.752,74833400,0.753,121772900,0.754,61978900,0.755,80683100,0.756,41632600,47,0,0
sh513130,09:35:42,1767663346357,09:36:44,1767663345318,0.751,0.7519,-0.1197,5795.91,0.8972,6.7577,0,0,0.751,0.992,0.751,42085500,0.750,75021400,0.749,47597500,0.748,42681300,0.747,34753400,0.752,74833400,0.753,121772900,0.754,61978900,0.755,80683100,0.756,41632600,1038,0,0
sh513130,09:35:45,1767663347354,09:36:46,1767663346575,0.751,0.7519,-0.1197,5795.44,0.8972,4.5766,1757300,1319746,0.751,0.997,0.751,42160400,0.750,77645800,0.749,46694600,0.748,37704200,0.747,34753400,0.752,75124600,0.753,121961000,0.754,62020800,0.755,80921900,0.756,41612900,779,0,0
sh513130,09:35:45,1767663348353,09:36:46,1767663347489,0.751,0.7519,-0.1197,5795.44,0.8972,3.3468,0,0,0.751,0.999,0.751,42160400,0.750,77645800,0.749,46694600,0.748,37704200,0.747,34753400,0.752,75124600,0.753,121961000,0.754,62020800,0.755,80921900,0.756,41612900,863,0,0
sh513130,09:35:45,1767663349361,09:36:48,1767663348578,0.751,0.7519,-0.1197,5796.1,0.8972,4.4822,0,0,0.751,1.008,0.751,42160400,0.750,77645800,0.749,46694600,0.748,37704200,0.747,34753400,0.752,75124600,0.753,121961000,0.754,62020800,0.755,80921900,0.756,41612900,783,0,0
sh513130,09:35:48,1767663350362,09:36:48,1767663349658,0.751,0.7526,-0.2126,5796.1,0.8972,4.4748,484000,363493,0.751,1.001,0.751,39269200,0.750,77661600,0.749,47707700,0.748,37704200,0.747,35458400,0.752,75572000,0.753,121926900,0.754,62020800,0.755,80879900,0.756,41612900,704,0,0
sh513130,09:35:48,1767663351366,09:36:50,1767663350612,0.751,0.7526,-0.2126,5796.12,0.8972,5.5,0,0,0.751,1.003,0.751,39269200,0.750,77661600,0.749,47707700,0.748,37704200,0.747,35458400,0.752,75572000,0.753,121926900,0.754,62020800,0.755,80879900,0.756,41612900,753,0,0
sh513130,09:35:48,1767663352354,09:36:50,1767663351830,0.751,0.7526,-0.2126,5796.12,0.8972,5.9043,0,0,0.751,0.989,0.751,39269200,0.750,77661600,0.749,47707700,0.748,37704200,0.747,35458400,0.752,75572000,0.753,121926900,0.754,62020800,0.755,80879900,0.756,41612900,524,0,0
sh513130,09:35:51,1767663353356,09:36:52,1767663352538,0.751,0.7526,-0.2126,5797.15,0.8972,5.7831,719600,540420,0.751,1.001,0.751,41212400,0.750,77840500,0.749,47707700,0.748,42704200,0.747,35508400,0.752,76982300,0.753,121940000,0.754,62056200,0.755,80938800,0.756,41668400,817,0,0
sh513130,09:35:48,1767663354362,09:36:52,1767663354000,0.751,0.7526,-0.2126,5797.15,0.8972,5.7805,0,0,0.751,1.007,0.751,39269200,0.750,77661600,0.749,47707700,0.748,37704200,0.747,35458400,0.752,75572000,0.753,121926900,0.754,62020800,0.755,80879900,0.756,41612900,361,0,1
sh513130,09:35:51,1767663355352,09:36:54,1767663354585,0.751,0.7526,-0.2126,5796.46,0.8972,5.6486,719600,540420,0.751,0.99,0.751,41212400,0.750,77840500,0.749,47707700,0.748,42704200,0.747,35508400,0.752,76982300,0.753,121940000,0.754,62056200,0.755,80938800,0.756,41668400,766,0,0
sh513130,09:35:54,1767663356365,09:36:54,1767663356162,0.751,0.7526,-0.2126,5796.46,0.8972,5.5608,302200,227021,0.7512,1.013,0.751,46948500,0.750,77861800,0.749,47017200,0.748,37720700,0.747,35508400,0.752,76718200,0.753,122017100,0.754,62001000,0.755,80929100,0.756,41675500,202,0,0
sh513130,09:35:54,1767663357367,09:36:56,1767663356554,0.751,0.7526,-0.2126,5796.09,0.8972,5.0608,0,0,0.751,1.002,0.751,46948500,0.750,77861800,0.749,47017200,0.748,37720700,0.747,35508400,0.752,76718200,0.753,122017100,0.754,62001000,0.755,80929100,0.756,41675500,812,0,0
sh513130,09:35:54,1767663358382,09:36:56,1767663358335,0.751,0.7526,-0.2126,5796.09,0.8972,4.9774,0,0,0.751,1.015,0.751,46948500,0.750,77861800,0.749,47017200,0.748,37720700,0.747,35508400,0.752,76718200,0.753,122017100,0.754,62001000,0.755,80929100,0.756,41675500,46,0,0
sh513130,09:35:54,1767663359375,09:36:58,1767663358568,0.751,0.7526,-0.2126,5796.19,0.8972,5.2472,0,0,0.751,0.993,0.751,46948500,0.750,77861800,0.749,47017200,0.748,37720700,0.747,35508400,0.752,76718200,0.753,122017100,0.754,62001000,0.755,80929100,0.756,41675500,806,0,0
sh513130,09:35:57,1767663360382,09:36:58,1767663358568,0.752,0.7526,-0.0797,5796.19,0.8972,4.0339,641700,482101,0.7513,1.008,0.751,42248300,0.750,78361700,0.749,47013200,0.748,37645000,0.747,35498300,0.752,77040900,0.753,121978900,0.754,62021000,0.755,80729400,0.756,41700800,1814,0,0
sh513130,09:35:57,1767663361397,09:37:00,1767663360580,0.752,0.7526,-0.0797,5796.33,0.8972,2.9429,0,0,0.752,1.015,0.751,42248300,0.750,78361700,0.749,47013200,0.748,37645000,0.747,35498300,0.752,77040900,0.753,121978900,0.754,62021000,0.755,80729400,0.756,41700800,816,0,0
sh513130,09:35:57,1767663362388,09:37:00,1767663360580,0.752,0.7526,-0.0797,5796.33,0.8972,2.9004,0,0,0.752,0.991,0.751,42248300,0.750,78361700,0.749,47013200,0.748,37645000,0.747,35498300,0.752,77040900,0.753,121978900,0.754,62021000,0.755,80729400,0.756,41700800,1807,0,0
sh513130,09:36:00,1767663363388,09:37:02,1767663362690,0.751,0.7526,-0.2126,5795.51,0.8972,2.8456,36340100,27291443,0.751,1.0,0.750,80397900,0.749,57914200,0.748,37646500,0.747,35502300,0.746,35460600,0.751,22438300,0.752,80366200,0.753,122055300,0.754,62027600,0.755,80729400,697,0,0
sh513130,09:36:00,1767663364388,09:37:02,1767663363644,0.751,0.7526,-0.2126,5795.51,0.8972,2.0307,0,0,0.751,1.0,0.750,80397900,0.749,57914200,0.748,37646500,0.747,35502300,0.746,35460600,0.751,22438300,0.752,80366200,0.753,122055300,0.754,62027600,0.755,80729400,744,0,0
sh513130,09:36:03,1767663365397,09:37:04,1767663364869,0.751,0.7526,-0.2126,5794.54,0.8972,2.385,4954500,3720813,0.751,1.009,0.750,73089600,0.749,48209800,0.748,38046500,0.747,35502300,0.746,35465000,0.751,5997000,0.752,83327300,0.753,121937000,0.754,59057600,0.755,80718300,526,0,0
sh513130,09:36:03,1767663366398,09:37:04,1767663364869,0.751,0.7526,-0.2126,5794.54,0.8972,2.4504,0,0,0.751,1.001,0.750,73089600,0.749,48209800,0.748,38046500,0.747,35502300,0.746,35465000,0.751,5997000,0.752,83327300,0.753,121937000,0.754,59057600,0.755,80718300,1528,0,0
sh513130,09:36:03,1767663367387,09:37:06,1767663367040,0.751,0.7526,-0.2126,5792.63,0.8972,2.1974,0,0,0.751,0.989,0.750,73089600,0.749,48209800,0.748,38046500,0.747,35502300,0.746,35465000,0.751,5997000,0.752,83327300,0.753,121937000,0.754,59057600,0.755,80718300,347,0,0
