symbol,tx_server_time,tx_local_time,bd_server_time,bd_local_time,price,iopv,premium_rate,index_price,fx_rate,sentiment,tick_vol,tick_amt,tick_vwap,interval_s,bp1,bv1,bp2,bv2,bp3,bv3,bp4,bv4,bp5,bv5,sp1,sv1,sp2,sv2,sp3,sv3,sp4,sv4,sp5,sv5,idx_delay_ms,data_flags
sh513130,09:30:05,1765762207259,09:31:06,1765762207247,0.733,0.7324,0.0819,5569.2,0.9059,0.8035,0,0,0.733,0.0,0.732,19485700,0.731,26166900,0.73,61146100,0.729,42455600,0.728,32595500,0.733,20734700,0.734,16331600,0.735,11968800,0.736,15316200,0.737,15609800,12,0
sh513130,09:30:05,1765762208223,09:31:06,1765762207247,0.733,0.7324,0.0819,5569.2,0.9059,-0.403,0,0,0.733,0.965,0.732,19485700,0.731,26166900,0.73,61146100,0.729,42455600,0.728,32595500,0.733,20734700,0.734,16331600,0.735,11968800,0.736,15316200,0.737,15609800,976,0
sh513130,09:30:05,1765762209224,09:31:06,1765762208772,0.733,0.7324,0.0819,5569.2,0.9059,-0.8283,0,0,0.733,1.0,0.732,19485700,0.731,26166900,0.73,61146100,0.729,42455600,0.728,32595500,0.733,20734700,0.734,16331600,0.735,11968800,0.736,15316200,0.737,15609800,452,0
sh513130,09:30:07,1765762210233,09:31:06,1765762208772,0.732,0.7324,-0.0546,5569.2,0.9059,1.3795,11982500,8771667,0.732,1.009,0.732,11284200,0.731,27623600,0.73,65999100,0.729,48556700,0.728,36272200,0.733,27516600,0.734,24428800,0.735,15385600,0.736,15428900,0.737,15794800,1461,0
sh513130,09:30:07,1765762211235,09:31:08,1765762210787,0.732,0.7324,-0.0546,5568.37,0.9059,3.5733,0,0,0.732,1.003,0.732,11284200,0.731,27623600,0.73,65999100,0.729,48556700,0.728,36272200,0.733,27516600,0.734,24428800,0.735,15385600,0.736,15428900,0.737,15794800,448,0
sh513130,09:30:07,1765762212237,09:31:08,1765762210787,0.732,0.7324,-0.0546,5568.37,0.9059,3.4092,0,0,0.732,1.002,0.732,11284200,0.731,27623600,0.73,65999100,0.729,48556700,0.728,36272200,0.733,27516600,0.734,24428800,0.735,15385600,0.736,15428900,0.737,15794800,1450,0
sh513130,09:30:10,1765762213233,09:31:10,1765762212953,0.732,0.7317,0.041,5565.45,0.9059,3.2894,15874300,11622430,0.7322,0.996,0.732,733000,0.731,30066400,0.73,69048200,0.729,51557000,0.728,36942300,0.733,32418100,0.734,28610800,0.735,20024200,0.736,18923100,0.737,15983800,280,0
sh513130,09:30:10,1765762214238,09:31:10,1765762212953,0.732,0.7317,0.041,5565.45,0.9059,3.2536,0,0,0.732,1.005,0.732,733000,0.731,30066400,0.73,69048200,0.729,51557000,0.728,36942300,0.733,32418100,0.734,28610800,0.735,20024200,0.736,18923100,0.737,15983800,1285,0
sh513130,09:30:10,1765762215241,09:31:12,1765762215114,0.732,0.7317,0.041,5566.27,0.9059,2.8986,0,0,0.732,1.003,0.732,733000,0.731,30066400,0.73,69048200,0.729,51557000,0.728,36942300,0.733,32418100,0.734,28610800,0.735,20024200,0.736,18923100,0.737,15983800,127,0
sh513130,09:30:13,1765762216238,09:31:14,1765762215830,0.731,0.7317,-0.0957,5566.3,0.9059,4.8802,3605000,2638189,0.7318,0.997,0.731,29463200,0.73,69969100,0.729,52124000,0.728,37731900,0.727,29072900,0.732,918300,0.733,31731500,0.734,28628000,0.735,21584200,0.736,18982200,408,0
sh513130,09:30:13,1765762217237,09:31:16,1765762217025,0.731,0.7317,-0.0957,5567.52,0.9059,2.4475,0,0,0.731,0.999,0.731,29463200,0.73,69969100,0.729,52124000,0.728,37731900,0.727,29072900,0.732,918300,0.733,31731500,0.734,28628000,0.735,21584200,0.736,18982200,212,0
sh513130,09:30:17,1765762218249,09:31:16,1765762217284,0.732,0.7317,0.041,5567.52,0.9059,2.2542,5023400,3674283,0.7314,1.013,0.731,27440700,0.73,72393700,0.729,53493600,0.728,41062800,0.727,29396900,0.732,10777500,0.733,28857600,0.734,29670600,0.735,21814600,0.736,19172100,965,0
sh513130,09:30:17,1765762219242,09:31:18,1765762218511,0.732,0.7317,0.041,5565.61,0.9059,1.2197,0,0,0.732,0.992,0.731,27440700,0.73,72393700,0.729,53493600,0.728,41062800,0.727,29396900,0.732,10777500,0.733,28857600,0.734,29670600,0.735,21814600,0.736,19172100,731,0
sh513130,09:30:17,1765762220253,09:31:18,1765762219450,0.732,0.7317,0.041,5565.61,0.9059,3.639,0,0,0.732,1.011,0.731,27440700,0.73,72393700,0.729,53493600,0.728,41062800,0.727,29396900,0.732,10777500,0.733,28857600,0.734,29670600,0.735,21814600,0.736,19172100,803,0
sh513130,09:30:19,1765762221254,09:31:20,1765762220488,0.732,0.7317,0.041,5566.38,0.9059,3.9048,2394600,1752694,0.7319,1.001,0.731,28251000,0.73,73246500,0.729,53687300,0.728,42580200,0.727,29806000,0.732,28614900,0.733,26287000,0.734,29725300,0.735,21857500,0.736,19319400,766,0
sh513130,09:30:19,1765762222247,09:31:20,1765762221629,0.732,0.7317,0.041,5566.38,0.9059,2.5974,0,0,0.732,0.993,0.731,28251000,0.73,73246500,0.729,53687300,0.728,42580200,0.727,29806000,0.732,28614900,0.733,26287000,0.734,29725300,0.735,21857500,0.736,19319400,618,0
sh513130,09:30:19,1765762223246,09:31:22,1765762222523,0.732,0.7317,0.041,5568.81,0.9059,2.473,0,0,0.732,0.999,0.731,28251000,0.73,73246500,0.729,53687300,0.728,42580200,0.727,29806000,0.732,28614900,0.733,26287000,0.734,29725300,0.735,21857500,0.736,19319400,723,0
sh513130,09:30:22,1765762224252,09:31:22,1765762223796,0.731,0.7317,-0.0957,5568.81,0.9059,4.2522,2400800,1757333,0.732,1.007,0.731,38021100,0.73,63897500,0.729,59362700,0.728,49438200,0.727,30003900,0.732,33558500,0.733,29606700,0.734,34853500,0.735,21984500,0.736,19439400,456,0
sh513130,09:30:22,1765762225252,09:31:24,1765762224521,0.731,0.7317,-0.0957,5571.16,0.9059,4.3899,0,0,0.731,1.0,0.731,38021100,0.73,63897500,0.729,59362700,0.728,49438200,0.727,30003900,0.732,33558500,0.733,29606700,0.734,34853500,0.735,21984500,0.736,19439400,731,0
sh513130,09:30:22,1765762226252,09:31:24,1765762226035,0.731,0.7317,-0.0957,5571.16,0.9059,4.6114,0,0,0.731,1.0,0.731,38021100,0.73,63897500,0.729,59362700,0.728,49438200,0.727,30003900,0.732,33558500,0.733,29606700,0.734,34853500,0.735,21984500,0.736,19439400,217,0
sh513130,09:30:25,1765762227253,09:31:26,1765762226587,0.732,0.731,0.1368,5572.72,0.9059,5.1824,4610100,3374574,0.732,1.001,0.731,31202700,0.73,62820000,0.729,61913100,0.728,51518000,0.727,30734700,0.732,31655900,0.733,32821500,0.734,22910800,0.735,21920500,0.736,19440400,666,0
sh513130,09:30:25,1765762228263,09:31:26,1765762228185,0.732,0.731,0.1368,5572.72,0.9059,4.4646,0,0,0.732,1.01,0.731,31202700,0.73,62820000,0.729,61913100,0.728,51518000,0.727,30734700,0.732,31655900,0.733,32821500,0.734,22910800,0.735,21920500,0.736,19440400,78,0
sh513130,09:30:25,1765762229254,09:31:28,1765762228495,0.732,0.731,0.1368,5572.68,0.9059,3.9858,0,0,0.732,0.991,0.731,31202700,0.73,62820000,0.729,61913100,0.728,51518000,0.727,30734700,0.732,31655900,0.733,32821500,0.734,22910800,0.735,21920500,0.736,19440400,759,0
sh513130,09:30:29,1765762230255,09:31:28,1765762228495,0.732,0.7317,0.041,5572.68,0.9059,5.0988,1947200,1424905,0.7318,1.0,0.731,31440000,0.73,62307900,0.729,62414000,0.728,60594700,0.727,32699500,0.732,26307900,0.733,33161400,0.734,23067700,0.735,22168100,0.736,19444900,1760,0
sh513130,09:30:29,1765762231272,09:31:30,1765762230462,0.732,0.7317,0.041,5574.04,0.9059,5.5594,0,0,0.732,1.017,0.731,31440000,0.73,62307900,0.729,62414000,0.728,60594700,0.727,32699500,0.732,26307900,0.733,33161400,0.734,23067700,0.735,22168100,0.736,19444900,810,0
sh513130,09:30:29,1765762232287,09:31:30,1765762230462,0.732,0.7317,0.041,5574.04,0.9059,5.1411,0,0,0.732,1.016,0.731,31440000,0.73,62307900,0.729,62414000,0.728,60594700,0.727,32699500,0.732,26307900,0.733,33161400,0.734,23067700,0.735,22168100,0.736,19444900,1825,0
sh513130,09:30:29,1765762233260,09:31:32,1765762232702,0.732,0.7317,0.041,5573.02,0.9059,4.929,0,0,0.732,0.973,0.731,31440000,0.73,62307900,0.729,62414000,0.728,60594700,0.727,32699500,0.732,26307900,0.733,33161400,0.734,23067700,0.735,22168100,0.736,19444900,558,0
sh513130,09:30:32,1765762234267,09:31:32,1765762232702,0.732,0.7317,0.041,5573.02,0.9059,4.7561,3822900,2798005,0.7319,1.007,0.731,37767200,0.73,75710700,0.729,51691100,0.728,55531900,0.727,30964400,0.732,18412100,0.733,23071800,0.734,35083900,0.735,22993400,0.736,19445900,1565,0
sh513130,09:30:32,1765762235287,09:31:34,1765762234670,0.732,0.7317,0.041,5574.21,0.9059,6.0449,0,0,0.732,1.019,0.731,37767200,0.73,75710700,0.729,51691100,0.728,55531900,0.727,30964400,0.732,18412100,0.733,23071800,0.734,35083900,0.735,22993400,0.736,19445900,617,0
sh513130,09:30:35,1765762236268,09:31:34,1765762234670,0.731,0.7324,-0.1912,5574.21,0.9059,4.6091,5011400,3668273,0.732,0.981,0.731,44840300,0.73,76449800,0.729,51723800,0.728,45149100,0.727,32072400,0.732,14184200,0.733,25248500,0.734,36172200,0.735,35113300,0.736,19520600,1598,0
sh513130,09:30:35,1765762237278,09:31:36,1765762236843,0.731,0.7324,-0.1912,5573.65,0.9059,3.6026,0,0,0.731,1.011,0.731,44840300,0.73,76449800,0.729,51723800,0.728,45149100,0.727,32072400,0.732,14184200,0.733,25248500,0.734,36172200,0.735,35113300,0.736,19520600,435,0
sh513130,09:30:35,1765762238269,09:31:36,1765762236843,0.731,0.7324,-0.1912,5573.65,0.9059,6.0691,0,0,0.731,0.99,0.731,44840300,0.73,76449800,0.729,51723800,0.728,45149100,0.727,32072400,0.732,14184200,0.733,25248500,0.734,36172200,0.735,35113300,0.736,19520600,1426,0
sh513130,09:30:37,1765762239347,09:31:38,1765762238985,0.732,0.7324,-0.0546,5574.26,0.9059,6.0995,2916200,2133663,0.7317,1.078,0.731,49581500,0.73,100783200,0.729,72015400,0.728,45457600,0.727,32553200,0.732,12920700,0.733,25882500,0.734,50482700,0.735,46526400,0.736,19610100,362,0
sh513130,09:30:37,1765762240270,09:31:38,1765762238985,0.732,0.7324,-0.0546,5574.26,0.9059,5.4309,0,0,0.732,0.923,0.731,49581500,0.73,100783200,0.729,72015400,0.728,45457600,0.727,32553200,0.732,12920700,0.733,25882500,0.734,50482700,0.735,46526400,0.736,19610100,1285,0
sh513130,09:30:37,1765762241279,09:31:40,1765762241147,0.732,0.7324,-0.0546,5572.44,0.9059,5.2831,0,0,0.732,1.009,0.731,49581500,0.73,100783200,0.729,72015400,0.728,45457600,0.727,32553200,0.732,12920700,0.733,25882500,0.734,50482700,0.735,46526400,0.736,19610100,132,0
sh513130,09:30:41,1765762242276,09:31:40,1765762241147,0.733,0.7324,0.0819,5572.44,0.9059,5.0918,14111900,10329676,0.732,0.997,0.732,4299700,0.731,46900600,0.73,101595900,0.729,73041900,0.728,52993100,0.733,35135400,0.734,52524300,0.735,34864900,0.736,19639700,0.737,17199500,1129,0
sh513130,09:30:41,1765762243276,09:31:42,1765762242465,0.733,0.7324,0.0819,5571.55,0.9059,4.3657,0,0,0.733,1.001,0.732,4299700,0.731,46900600,0.73,101595900,0.729,73041900,0.728,52993100,0.733,35135400,0.734,52524300,0.735,34864900,0.736,19639700,0.737,17199500,811,0
sh513130,09:30:41,1765762244276,09:31:42,1765762243312,0.733,0.7324,0.0819,5571.55,0.9059,4.281,0,0,0.733,1.0,0.732,4299700,0.731,46900600,0.73,101595900,0.729,73041900,0.728,52993100,0.733,35135400,0.734,52524300,0.735,34864900,0.736,19639700,0.737,17199500,964,0
sh513130,09:30:43,1765762245284,09:31:44,1765762244467,0.732,0.7317,0.041,5570.7,0.9059,3.3916,12548900,9185922,0.732,1.008,0.731,43332200,0.73,102131100,0.729,78245700,0.728,53169700,0.727,32590500,0.732,3644000,0.733,32491800,0.734,43014900,0.735,24060300,0.736,19649100,817,0
sh513130,09:30:43,1765762246280,09:31:44,1765762245484,0.732,0.7317,0.041,5570.7,0.9059,2.5455,0,0,0.732,0.996,0.731,43332200,0.73,102131100,0.729,78245700,0.728,53169700,0.727,32590500,0.732,3644000,0.733,32491800,0.734,43014900,0.735,24060300,0.736,19649100,796,0
sh513130,09:30:43,1765762247283,09:31:46,1765762246473,0.732,0.7317,0.041,5570.69,0.9059,6.29,0,0,0.732,1.002,0.731,43332200,0.73,102131100,0.729,78245700,0.728,53169700,0.727,32590500,0.732,3644000,0.733,32491800,0.734,43014900,0.735,24060300,0.736,19649100,810,0
sh513130,09:30:47,1765762248293,09:31:46,1765762247654,0.732,0.7317,0.041,5570.69,0.9059,5.3354,1610500,1178804,0.7319,1.01,0.731,43878000,0.73,101707300,0.729,79138700,0.728,53306000,0.727,32590500,0.732,8873100,0.733,37407600,0.734,42052500,0.735,25178300,0.736,19649600,639,0
sh513130,09:30:47,1765762249280,09:31:48,1765762248594,0.732,0.7317,0.041,5571.87,0.9059,5.5467,0,0,0.732,0.987,0.731,43878000,0.73,101707300,0.729,79138700,0.728,53306000,0.727,32590500,0.732,8873100,0.733,37407600,0.734,42052500,0.735,25178300,0.736,19649600,686,0
sh513130,09:30:47,1765762250293,09:31:48,1765762249820,0.732,0.7317,0.041,5571.87,0.9059,5.1279,0,0,0.732,1.013,0.731,43878000,0.73,101707300,0.729,79138700,0.728,53306000,0.727,32590500,0.732,8873100,0.733,37407600,0.734,42052500,0.735,25178300,0.736,19649600,473,0
sh513130,09:30:49,1765762251297,09:31:50,1765762250525,0.731,0.731,0.0,5572.23,0.9059,6.6209,886700,648901,0.7318,1.004,0.731,46128100,0.73,102080000,0.729,78169200,0.728,53457500,0.727,33590500,0.732,2716300,0.733,45156300,0.734,42052500,0.735,25267400,0.736,19649600,772,0
sh513130,09:30:49,1765762252289,09:31:50,1765762251991,0.731,0.731,0.0,5572.23,0.9059,5.5781,0,0,0.731,0.992,0.731,46128100,0.73,102080000,0.729,78169200,0.728,53457500,0.727,33590500,0.732,2716300,0.733,45156300,0.734,42052500,0.735,25267400,0.736,19649600,298,0
sh513130,09:30:49,1765762253290,09:31:52,1765762252652,0.731,0.731,0.0,5570.95,0.9059,7.3101,0,0,0.731,1.001,0.731,46128100,0.73,102080000,0.729,78169200,0.728,53457500,0.727,33590500,0.732,2716300,0.733,45156300,0.734,42052500,0.735,25267400,0.736,19649600,638,0
sh513130,09:30:52,1765762254289,09:31:52,1765762254162,0.731,0.731,0.0,5570.95,0.9059,6.5074,1812700,1326784,0.7319,0.999,0.731,56566700,0.73,107361800,0.729,83204900,0.728,48999800,0.727,33637500,0.732,860600,0.733,54714800,0.734,52319900,0.735,35267400,0.736,19660800,127,0
sh513130,09:30:52,1765762255288,09:31:54,1765762254474,0.731,0.731,0.0,5570.03,0.9059,5.1687,0,0,0.731,1.0,0.731,56566700,0.73,107361800,0.729,83204900,0.728,48999800,0.727,33637500,0.732,860600,0.733,54714800,0.734,52319900,0.735,35267400,0.736,19660800,814,0
sh513130,09:30:52,1765762256298,09:31:54,1765762254474,0.731,0.731,0.0,5570.03,0.9059,4.03,0,0,0.731,1.009,0.731,56566700,0.73,107361800,0.729,83204900,0.728,48999800,0.727,33637500,0.732,860600,0.733,54714800,0.734,52319900,0.735,35267400,0.736,19660800,1824,0
sh513130,09:30:52,1765762257288,09:31:56,1765762256471,0.731,0.731,0.0,5570.98,0.9059,3.2055,0,0,0.731,0.99,0.731,56566700,0.73,107361800,0.729,83204900,0.728,48999800,0.727,33637500,0.732,860600,0.733,54714800,0.734,52319900,0.735,35267400,0.736,19660800,817,0
sh513130,09:30:52,1765762258302,09:31:56,1765762256471,0.731,0.731,0.0,5570.98,0.9059,3.0556,0,0,0.731,1.015,0.731,56566700,0.73,107361800,0.729,83204900,0.728,48999800,0.727,33637500,0.732,860600,0.733,54714800,0.734,52319900,0.735,35267400,0.736,19660800,1831,0
sh513130,09:30:56,1765762259295,09:31:58,1765762258507,0.732,0.7317,0.041,5569.23,0.9059,1.8929,2208600,1616697,0.732,0.993,0.731,55197800,0.73,108511700,0.729,83249100,0.728,53384300,0.727,33956700,0.732,67800,0.733,54125800,0.734,52319900,0.735,35270400,0.736,19675800,788,0
sh513130,09:30:58,1765762260305,09:32:00,1765762260211,0.732,0.731,0.1368,5569.23,0.9059,1.4229,1538800,1126308,0.7319,1.01,0.732,22100,0.731,56437700,0.73,108776500,0.729,83517900,0.728,53414300,0.733,55457600,0.734,57407500,0.735,27278600,0.736,19675800,0.737,17342300,94,0
sh513130,09:30:58,1765762261295,09:32:00,1765762260686,0.732,0.731,0.1368,5570.03,0.9059,2.0146,0,0,0.732,0.99,0.732,22100,0.731,56437700,0.73,108776500,0.729,83517900,0.728,53414300,0.733,55457600,0.734,57407500,0.735,27278600,0.736,19675800,0.737,17342300,609,0
sh513130,09:30:58,1765762262309,09:32:00,1765762260686,0.732,0.731,0.1368,5570.03,0.9059,1.9164,0,0,0.732,1.014,0.732,22100,0.731,56437700,0.73,108776500,0.729,83517900,0.728,53414300,0.733,55457600,0.734,57407500,0.735,27278600,0.736,19675800,0.737,17342300,1623,0
sh513130,09:30:58,1765762263309,09:32:02,1765762262845,0.732,0.731,0.1368,5568.79,0.9059,1.9025,0,0,0.732,1.0,0.732,22100,0.731,56437700,0.73,108776500,0.729,83517900,0.728,53414300,0.733,55457600,0.734,57407500,0.735,27278600,0.736,19675800,0.737,17342300,464,0
sh513130,09:31:01,1765762264300,09:32:02,1765762262845,0.732,0.731,0.1368,5568.79,0.9059,2.1504,3135700,2294222,0.7316,0.992,0.731,54085400,0.73,109832000,0.729,83567900,0.728,53424500,0.727,34108100,0.732,8705300,0.733,47243300,0.734,55408700,0.735,36288100,0.736,19678800,1455,0
sh513130,09:31:01,1765762265300,09:32:04,1765762265011,0.732,0.731,0.1368,5567.57,0.9059,1.8201,0,0,0.732,1.0,0.731,54085400,0.73,109832000,0.729,83567900,0.728,53424500,0.727,34108100,0.732,8705300,0.733,47243300,0.734,55408700,0.735,36288100,0.736,19678800,289,0
sh513130,09:31:05,1765762266311,09:32:04,1765762265011,0.732,0.731,0.1368,5567.57,0.9059,3.7868,1028300,752506,0.7318,1.01,0.731,56227600,0.73,110809100,0.729,83587100,0.728,53514500,0.727,34134400,0.732,43381100,0.733,49253700,0.734,43938100,0.735,24489300,0.736,18678900,1300,0
sh513130,09:31:05,1765762267313,09:32:06,1765762267171,0.732,0.731,0.1368,5567.96,0.9059,3.3651,0,0,0.732,1.003,0.731,56227600,0.73,110809100,0.729,83587100,0.728,53514500,0.727,34134400,0.732,43381100,0.733,49253700,0.734,43938100,0.735,24489300,0.736,18678900,142,0
sh513130,09:31:05,1765762268320,09:32:06,1765762267171,0.732,0.731,0.1368,5567.96,0.9059,5.5841,0,0,0.732,1.007,0.731,56227600,0.73,110809100,0.729,83587100,0.728,53514500,0.727,34134400,0.732,43381100,0.733,49253700,0.734,43938100,0.735,24489300,0.736,18678900,1149,0
sh513130,09:31:08,1765762269304,09:32:08,1765762268484,0.731,0.731,0.0,5571.04,0.9059,5.4921,2269400,1660593,0.7317,0.984,0.731,56262200,0.73,109259700,0.729,83588100,0.728,54527400,0.727,34159400,0.732,7744800,0.733,47772500,0.734,65934400,0.735,26488100,0.736,18678900,820,0
sh513130,09:31:08,1765762270312,09:32:08,1765762269335,0.731,0.731,0.0,5571.04,0.9059,4.5688,0,0,0.731,1.008,0.731,56262200,0.73,109259700,0.729,83588100,0.728,54527400,0.727,34159400,0.732,7744800,0.733,47772500,0.734,65934400,0.735,26488100,0.736,18678900,977,0
sh513130,09:31:08,1765762271318,09:32:10,1765762270454,0.731,0.731,0.0,5570.88,0.9059,4.0342,0,0,0.731,1.006,0.731,56262200,0.73,109259700,0.729,83588100,0.728,54527400,0.727,34159400,0.732,7744800,0.733,47772500,0.734,65934400,0.735,26488100,0.736,18678900,864,0
sh513130,09:31:08,1765762272313,09:32:10,1765762271522,0.731,0.731,0.0,5570.88,0.9059,3.3776,0,0,0.731,0.995,0.731,56262200,0.73,109259700,0.729,83588100,0.728,54527400,0.727,34159400,0.732,7744800,0.733,47772500,0.734,65934400,0.735,26488100,0.736,18678900,791,0
sh513130,09:31:10,1765762273314,09:32:12,1765762272507,0.732,0.7317,0.041,5571.29,0.9059,2.881,958700,701705,0.7319,1.001,0.731,61879900,0.73,110156000,0.729,83614100,0.728,50375800,0.727,34544500,0.732,2005900,0.733,53844700,0.734,60946800,0.735,35690800,0.736,18678900,807,0
sh513130,09:31:10,1765762274317,09:32:12,1765762273685,0.732,0.7317,0.041,5571.29,0.9059,6.0582,0,0,0.732,1.002,0.731,61879900,0.73,110156000,0.729,83614100,0.728,50375800,0.727,34544500,0.732,2005900,0.733,53844700,0.734,60946800,0.735,35690800,0.736,18678900,632,0
sh513130,09:31:10,1765762275316,09:32:14,1765762274553,0.732,0.7317,0.041,5568.91,0.9059,4.8178,0,0,0.732,0.999,0.731,61879900,0.73,110156000,0.729,83614100,0.728,50375800,0.727,34544500,0.732,2005900,0.733,53844700,0.734,60946800,0.735,35690800,0.736,18678900,763,0
sh513130,09:31:13,1765762276328,09:32:14,1765762275870,0.731,0.7318,-0.1093,5568.91,0.9059,3.9015,916000,670368,0.7318,1.013,0.731,57964700,0.73,111670800,0.729,83614200,0.728,54808800,0.727,34550500,0.732,9127700,0.733,37635600,0.734,61937800,0.735,24700800,0.736,18678900,458,0
sh513130,09:31:13,1765762277320,09:32:16,1765762276517,0.731,0.7318,-0.1093,5569.42,0.9059,3.7255,0,0,0.731,0.992,0.731,57964700,0.73,111670800,0.729,83614200,0.728,54808800,0.727,34550500,0.732,9127700,0.733,37635600,0.734,61937800,0.735,24700800,0.736,18678900,803,0
sh513130,09:31:13,1765762278327,09:32:16,1765762278028,0.731,0.7318,-0.1093,5569.42,0.9059,3.9469,0,0,0.731,1.006,0.731,57964700,0.73,111670800,0.729,83614200,0.728,54808800,0.727,34550500,0.732,9127700,0.733,37635600,0.734,61937800,0.735,24700800,0.736,18678900,299,0
sh513130,09:31:17,1765762279354,09:32:18,1765762278526,0.732,0.7318,0.0273,5569.93,0.9059,4.2676,1755100,1284310,0.7318,1.028,0.731,58166600,0.73,113730600,0.729,83644700,0.728,54843200,0.727,34605700,0.732,17706200,0.733,55127600,0.734,65950400,0.735,24700800,0.736,18678900,828,0
sh513130,09:31:17,1765762280348,09:32:18,1765762280197,0.732,0.7318,0.0273,5569.93,0.9059,5.3604,0,0,0.732,0.994,0.731,58166600,0.73,113730600,0.729,83644700,0.728,54843200,0.727,34605700,0.732,17706200,0.733,55127600,0.734,65950400,0.735,24700800,0.736,18678900,151,0
sh513130,09:31:19,1765762281327,09:32:20,1765762280466,0.732,0.7318,0.0273,5569.65,0.9059,5.5106,2261400,1654304,0.7315,0.979,0.731,56448300,0.73,114676700,0.729,84639400,0.728,54853200,0.727,34626700,0.732,15722000,0.733,47694200,0.734,65950400,0.735,24698800,0.736,18678900,861,0
sh513130,09:31:19,1765762282326,09:32:20,1765762280466,0.732,0.7318,0.0273,5569.65,0.9059,3.8239,0,0,0.732,0.999,0.731,56448300,0.73,114676700,0.729,84639400,0.728,54853200,0.727,34626700,0.732,15722000,0.733,47694200,0.734,65950400,0.735,24698800,0.736,18678900,1860,0
sh513130,09:31:19,1765762283332,09:32:22,1765762282490,0.732,0.7318,0.0273,5571.86,0.9059,3.8287,0,0,0.732,1.006,0.731,56448300,0.73,114676700,0.729,84639400,0.728,54853200,0.727,34626700,0.732,15722000,0.733,47694200,0.734,65950400,0.735,24698800,0.736,18678900,842,0
sh513130,09:31:22,1765762284333,09:32:22,1765762282490,0.732,0.7318,0.0273,5571.86,0.9059,3.0009,503900,368735,0.7318,1.001,0.731,63336100,0.73,114747300,0.729,83738900,0.728,49633400,0.727,34626700,0.732,2108100,0.733,54788300,0.734,65953400,0.735,38712700,0.736,18678900,1843,0
sh513130,09:31:22,1765762285333,09:32:24,1765762284507,0.732,0.7318,0.0273,5572.0,0.9059,4.9709,0,0,0.732,1.0,0.731,63336100,0.73,114747300,0.729,83738900,0.728,49633400,0.727,34626700,0.732,2108100,0.733,54788300,0.734,65953400,0.735,38712700,0.736,18678900,826,0
sh513130,09:31:22,1765762286340,09:32:24,1765762284507,0.732,0.7318,0.0273,5572.0,0.9059,4.7079,0,0,0.732,1.007,0.731,63336100,0.73,114747300,0.729,83738900,0.728,49633400,0.727,34626700,0.732,2108100,0.733,54788300,0.734,65953400,0.735,38712700,0.736,18678900,1833,0
sh513130,09:31:25,1765762287342,09:32:26,1765762286690,0.732,0.7318,0.0273,5571.35,0.9059,4.0952,1591100,1163875,0.7315,1.001,0.731,62481000,0.73,115760600,0.729,83743900,0.728,50633400,0.727,34626700,0.732,17593500,0.733,54788300,0.734,64954000,0.735,24715100,0.736,18678900,652,0
sh513130,09:31:25,1765762288363,09:32:26,1765762286690,0.732,0.7318,0.0273,5571.35,0.9059,3.666,0,0,0.732,1.022,0.731,62481000,0.73,115760600,0.729,83743900,0.728,50633400,0.727,34626700,0.732,17593500,0.733,54788300,0.734,64954000,0.735,24715100,0.736,18678900,1673,0
sh513130,09:31:25,1765762289345,09:32:28,1765762288859,0.732,0.7318,0.0273,5570.63,0.9059,4.573,0,0,0.732,0.982,0.731,62481000,0.73,115760600,0.729,83743900,0.728,50633400,0.727,34626700,0.732,17593500,0.733,54788300,0.734,64954000,0.735,24715100,0.736,18678900,486,0
sh513130,09:31:25,1765762290344,09:32:28,1765762288859,0.732,0.7318,0.0273,5570.63,0.9059,4.636,0,0,0.732,1.0,0.731,62481000,0.73,115760600,0.729,83743900,0.728,50633400,0.727,34626700,0.732,17593500,0.733,54788300,0.734,64954000,0.735,24715100,0.736,18678900,1485,0
sh513130,09:31:29,1765762291361,09:32:30,1765762291026,0.731,0.7318,-0.1093,5570.31,0.9059,3.3157,699300,511504,0.7315,1.016,0.731,58701100,0.73,116775300,0.729,83802600,0.728,55103300,0.727,34634200,0.732,43729200,0.733,47961300,0.734,46955300,0.735,27863600,0.736,18679900,335,0
sh513130,09:31:29,1765762292357,09:32:30,1765762291026,0.731,0.7318,-0.1093,5570.31,0.9059,3.1615,0,0,0.731,0.996,0.731,58701100,0.73,116775300,0.729,83802600,0.728,55103300,0.727,34634200,0.732,43729200,0.733,47961300,0.734,46955300,0.735,27863600,0.736,18679900,1331,0
sh513130,09:31:32,1765762293353,09:32:32,1765762293202,0.732,0.7318,0.0273,5569.49,0.9059,3.5437,574200,420240,0.7319,0.996,0.731,59152500,0.73,117536900,0.729,83787600,0.728,55180700,0.727,34691000,0.732,44162500,0.733,48025100,0.734,47055300,0.735,27864600,0.736,18734900,151,0
sh513130,09:31:32,1765762294352,09:32:32,1765762293202,0.732,0.7318,0.0273,5569.49,0.9059,3.1787,0,0,0.732,0.999,0.731,59152500,0.73,117536900,0.729,83787600,0.728,55180700,0.727,34691000,0.732,44162500,0.733,48025100,0.734,47055300,0.735,27864600,0.736,18734900,1150,0
sh513130,09:31:32,1765762295353,09:32:34,1765762294451,0.732,0.7318,0.0273,5570.97,0.9059,2.1523,0,0,0.732,1.001,0.731,59152500,0.73,117536900,0.729,83787600,0.728,55180700,0.727,34691000,0.732,44162500,0.733,48025100,0.734,47055300,0.735,27864600,0.736,18734900,902,0
sh513130,09:31:32,1765762296353,09:32:34,1765762295379,0.732,0.7318,0.0273,5570.97,0.9059,1.3672,0,0,0.732,1.0,0.731,59152500,0.73,117536900,0.729,83787600,0.728,55180700,0.727,34691000,0.732,44162500,0.733,48025100,0.734,47055300,0.735,27864600,0.736,18734900,974,0
sh513130,09:31:34,1765762297361,09:32:36,1765762296508,0.732,0.7318,0.0273,5571.69,0.9059,1.2059,2200300,1610589,0.732,1.007,0.731,59559000,0.73,117967300,0.729,83795900,0.728,55650500,0.727,34734100,0.732,17989400,0.733,56382000,0.734,64963400,0.735,28754600,0.736,18734900,853,0
sh513130,09:31:34,1765762298352,09:32:36,1765762297541,0.732,0.7318,0.0273,5571.69,0.9059,0.7679,0,0,0.732,0.991,0.731,59559000,0.73,117967300,0.729,83795900,0.728,55650500,0.727,34734100,0.732,17989400,0.733,56382000,0.734,64963400,0.735,28754600,0.736,18734900,811,0
sh513130,09:31:37,1765762299359,09:32:38,1765762298484,0.732,0.7318,0.0273,5571.24,0.9059,0.6209,874400,639946,0.7319,1.007,0.731,66260200,0.73,121156900,0.729,83811100,0.728,50320500,0.727,34734100,0.732,8199300,0.733,56632100,0.734,65013400,0.735,35756400,0.736,18750900,875,0
sh513130,09:31:37,1765762300362,09:32:38,1765762299710,0.732,0.7318,0.0273,5571.24,0.9059,0.2458,0,0,0.732,1.003,0.731,66260200,0.73,121156900,0.729,83811100,0.728,50320500,0.727,34734100,0.732,8199300,0.733,56632100,0.734,65013400,0.735,35756400,0.736,18750900,652,0
sh513130,09:31:37,1765762301369,09:32:40,1765762300494,0.732,0.7318,0.0273,5572.66,0.9059,0.2335,0,0,0.732,1.006,0.731,66260200,0.73,121156900,0.729,83811100,0.728,50320500,0.727,34734100,0.732,8199300,0.733,56632100,0.734,65013400,0.735,35756400,0.736,18750900,875,0
sh513130,09:31:37,1765762302364,09:32:40,1765762301887,0.732,0.7318,0.0273,5572.66,0.9059,0.5346,0,0,0.732,0.995,0.731,66260200,0.73,121156900,0.729,83811100,0.728,50320500,0.727,34734100,0.732,8199300,0.733,56632100,0.734,65013400,0.735,35756400,0.736,18750900,477,0
sh513130,09:31:41,1765762303369,09:32:42,1765762302460,0.732,0.7318,0.0273,5574.33,0.9059,1.4837,3230600,2364786,0.732,1.005,0.731,93900100,0.73,122113000,0.729,83911600,0.728,43601400,0.727,34704300,0.732,588200,0.733,44308200,0.734,65009900,0.735,52946000,0.736,18648700,909,0
sh513130,09:31:41,1765762304369,09:32:42,1765762304071,0.732,0.7318,0.0273,5574.33,0.9059,1.5973,0,0,0.732,1.0,0.731,93900100,0.73,122113000,0.729,83911600,0.728,43601400,0.727,34704300,0.732,588200,0.733,44308200,0.734,65009900,0.735,52946000,0.736,18648700,298,0
sh513130,09:31:44,1765762305369,09:32:44,1765762304561,0.732,0.7318,0.0273,5576.12,0.9059,2.9149,2318900,1697435,0.732,1.0,0.732,7648300,0.731,100151100,0.73,122725200,0.729,72054000,0.728,43618400,0.733,38053800,0.734,65259900,0.735,52946000,0.736,21666900,0.737,17444800,808,0
sh513130,09:31:44,1765762306367,09:32:44,1765762306311,0.732,0.7318,0.0273,5576.12,0.9059,1.9015,0,0,0.732,0.998,0.732,7648300,0.731,100151100,0.73,122725200,0.729,72054000,0.728,43618400,0.733,38053800,0.734,65259900,0.735,52946000,0.736,21666900,0.737,17444800,56,0
sh513130,09:31:44,1765762307401,09:32:46,1765762306518,0.732,0.7318,0.0273,5577.03,0.9059,2.1114,0,0,0.732,1.034,0.732,7648300,0.731,100151100,0.73,122725200,0.729,72054000,0.728,43618400,0.733,38053800,0.734,65259900,0.735,52946000,0.736,21666900,0.737,17444800,883,0
sh513130,09:31:46,1765762308377,09:32:46,1765762306518,0.732,0.7318,0.0273,5577.03,0.9059,2.5566,1582300,1158244,0.732,0.975,0.732,33129200,0.731,98423200,0.73,112240700,0.729,62690000,0.728,43565600,0.733,30039200,0.734,72689900,0.735,64350800,0.736,21666900,0.737,18444800,1859,0
sh513130,09:31:46,1765762309378,09:32:48,1765762308498,0.732,0.7318,0.0273,5577.88,0.9059,2.9701,0,0,0.732,1.001,0.732,33129200,0.731,98423200,0.73,112240700,0.729,62690000,0.728,43565600,0.733,30039200,0.734,72689900,0.735,64350800,0.736,21666900,0.737,18444800,880,0
sh513130,09:31:46,1765762310377,09:32:48,1765762308498,0.732,0.7318,0.0273,5577.88,0.9059,2.4012,0,0,0.732,1.0,0.732,33129200,0.731,98423200,0.73,112240700,0.729,62690000,0.728,43565600,0.733,30039200,0.734,72689900,0.735,64350800,0.736,21666900,0.737,18444800,1879,0
sh513130,09:31:50,1765762311377,09:32:50,1765762310570,0.733,0.7324,0.0819,5577.34,0.9059,4.1035,151200,110754,0.7325,1.0,0.732,31740600,0.731,99843500,0.73,112344700,0.729,72950400,0.728,43571000,0.733,55136400,0.734,57011900,0.735,52946000,0.736,22666300,0.737,18444800,807,0
sh513130,09:31:50,1765762312377,09:32:50,1765762310570,0.733,0.7324,0.0819,5577.34,0.9059,2.2675,0,0,0.733,1.0,0.732,31740600,0.731,99843500,0.73,112344700,0.729,72950400,0.728,43571000,0.733,55136400,0.734,57011900,0.735,52946000,0.736,22666300,0.737,18444800,1807,0
sh513130,09:31:50,1765762313374,09:32:52,1765762312741,0.733,0.7324,0.0819,5577.28,0.9059,1.5696,0,0,0.733,0.997,0.732,31740600,0.731,99843500,0.73,112344700,0.729,72950400,0.728,43571000,0.733,55136400,0.734,57011900,0.735,52946000,0.736,22666300,0.737,18444800,633,0
sh513130,09:31:52,1765762314376,09:32:52,1765762312741,0.732,0.7324,-0.0546,5577.28,0.9059,-0.1593,1805900,1322197,0.7322,1.002,0.732,29232800,0.731,87938100,0.73,112278000,0.729,72950400,0.728,43621000,0.733,68612700,0.734,57008500,0.735,40948400,0.736,23176300,0.737,18444800,1635,0
sh513130,09:31:52,1765762315380,09:32:54,1765762314906,0.732,0.7324,-0.0546,5578.1,0.9059,0.6987,0,0,0.732,1.004,0.732,29232800,0.731,87938100,0.73,112278000,0.729,72950400,0.728,43621000,0.733,68612700,0.734,57008500,0.735,40948400,0.736,23176300,0.737,18444800,474,0
sh513130,09:31:52,1765762316384,09:32:54,1765762314906,0.732,0.7324,-0.0546,5578.1,0.9059,0.7018,0,0,0.732,1.004,0.732,29232800,0.731,87938100,0.73,112278000,0.729,72950400,0.728,43621000,0.733,68612700,0.734,57008500,0.735,40948400,0.736,23176300,0.737,18444800,1478,0
sh513130,09:31:56,1765762317379,09:32:56,1765762317064,0.733,0.7325,0.0683,5577.79,0.9059,1.2675,101500,74389,0.7329,0.995,0.732,31385800,0.731,100105700,0.73,111853500,0.729,73876300,0.728,43687800,0.733,71538600,0.734,57278500,0.735,40058400,0.736,23166900,0.737,18444800,315,0
sh513130,09:31:56,1765762318396,09:32:56,1765762317064,0.733,0.7325,0.0683,5577.79,0.9059,1.2047,0,0,0.733,1.018,0.732,31385800,0.731,100105700,0.73,111853500,0.729,73876300,0.728,43687800,0.733,71538600,0.734,57278500,0.735,40058400,0.736,23166900,0.737,18444800,1332,0
sh513130,09:31:56,1765762319394,09:32:58,1765762319229,0.733,0.7325,0.0683,5577.04,0.9059,2.0243,0,0,0.733,0.998,0.732,31385800,0.731,100105700,0.73,111853500,0.729,73876300,0.728,43687800,0.733,71538600,0.734,57278500,0.735,40058400,0.736,23166900,0.737,18444800,165,0
sh513130,09:31:56,1765762320383,09:32:58,1765762319229,0.733,0.7325,0.0683,5577.04,0.9059,1.9751,0,0,0.733,0.989,0.732,31385800,0.731,100105700,0.73,111853500,0.729,73876300,0.728,43687800,0.733,71538600,0.734,57278500,0.735,40058400,0.736,23166900,0.737,18444800,1154,0
sh513130,09:31:58,1765762321383,09:33:00,1765762320463,0.733,0.7325,0.0683,5576.21,0.9059,2.0139,548300,401870,0.7329,0.999,0.732,33392800,0.731,87972500,0.73,110960100,0.729,86739300,0.728,43702800,0.733,71527900,0.734,57053500,0.735,41148400,0.736,22276900,0.737,18545800,920,0
sh513130,09:31:58,1765762322396,09:33:00,1765762321403,0.733,0.7325,0.0683,5576.21,0.9059,2.9468,0,0,0.733,1.013,0.732,33392800,0.731,87972500,0.73,110960100,0.729,86739300,0.728,43702800,0.733,71527900,0.734,57053500,0.735,41148400,0.736,22276900,0.737,18545800,993,0
sh513130,09:32:02,1765762323390,09:33:02,1765762323205,0.733,0.7325,0.0683,5576.93,0.9059,3.7625,1714200,1256500,0.733,0.994,0.732,26272600,0.731,96781300,0.73,110871300,0.729,88177700,0.728,43534600,0.733,70216600,0.734,57153500,0.735,41148400,0.736,24275700,0.737,23225800,185,0
sh513130,09:32:02,1765762324397,09:33:02,1765762323593,0.733,0.7325,0.0683,5576.93,0.9059,3.6517,0,0,0.733,1.007,0.732,26272600,0.731,96781300,0.73,110871300,0.729,88177700,0.728,43534600,0.733,70216600,0.734,57153500,0.735,41148400,0.736,24275700,0.737,23225800,804,0
sh513130,09:32:02,1765762325390,09:33:04,1765762324500,0.733,0.7325,0.0683,5576.88,0.9059,2.8608,0,0,0.733,0.993,0.732,26272600,0.731,96781300,0.73,110871300,0.729,88177700,0.728,43534600,0.733,70216600,0.734,57153500,0.735,41148400,0.736,24275700,0.737,23225800,890,0
sh513130,09:32:05,1765762326386,09:33:04,1765762325788,0.732,0.7325,-0.0683,5576.88,0.9059,2.4159,344200,252254,0.7329,0.996,0.732,34037200,0.731,88697800,0.73,110810700,0.729,89104600,0.728,43498200,0.733,69794200,0.734,57403500,0.735,41148400,0.736,24455700,0.737,23225800,598,0
sh513130,09:32:05,1765762327397,09:33:06,1765762326542,0.732,0.7325,-0.0683,5577.72,0.9059,2.6261,0,0,0.732,1.011,0.732,34037200,0.731,88697800,0.73,110810700,0.729,89104600,0.728,43498200,0.733,69794200,0.734,57403500,0.735,41148400,0.736,24455700,0.737,23225800,855,0
sh513130,09:32:05,1765762328395,09:33:06,1765762327961,0.732,0.7325,-0.0683,5577.72,0.9059,0.3779,0,0,0.732,0.997,0.732,34037200,0.731,88697800,0.73,110810700,0.729,89104600,0.728,43498200,0.733,69794200,0.734,57403500,0.735,41148400,0.736,24455700,0.737,23225800,434,0
sh513130,09:32:05,1765762329398,09:33:08,1765762328483,0.732,0.7325,-0.0683,5576.83,0.9059,0.359,0,0,0.732,1.003,0.732,34037200,0.731,88697800,0.73,110810700,0.729,89104600,0.728,43498200,0.733,69794200,0.734,57403500,0.735,41148400,0.736,24455700,0.737,23225800,915,0
sh513130,09:32:08,1765762330397,09:33:08,1765762330136,0.733,0.7325,0.0683,5576.83,0.9059,4.3658,950700,696847,0.733,0.999,0.732,29733400,0.731,99999600,0.73,110982800,0.729,73078000,0.728,43479100,0.733,35248300,0.734,58793000,0.735,60166500,0.736,24455700,0.737,22226400,261,0
sh513130,09:32:08,1765762331395,09:33:10,1765762330504,0.733,0.7325,0.0683,5578.17,0.9059,5.5124,0,0,0.733,0.998,0.732,29733400,0.731,99999600,0.73,110982800,0.729,73078000,0.728,43479100,0.733,35248300,0.734,58793000,0.735,60166500,0.736,24455700,0.737,22226400,891,0
sh513130,09:32:11,1765762332399,09:33:10,1765762332312,0.733,0.7325,0.0683,5578.17,0.9059,5.6011,465400,340958,0.7326,1.004,0.732,39576600,0.731,100186400,0.73,111113700,0.729,74022300,0.728,43485900,0.733,35197800,0.734,58693000,0.735,53163300,0.736,24455700,0.737,22226400,87,0
sh513130,09:32:11,1765762333399,09:33:12,1765762332512,0.733,0.7325,0.0683,5580.13,0.9059,5.8412,0,0,0.733,1.0,0.732,39576600,0.731,100186400,0.73,111113700,0.729,74022300,0.728,43485900,0.733,35197800,0.734,58693000,0.735,53163300,0.736,24455700,0.737,22226400,887,0
sh513130,09:32:11,1765762334402,09:33:12,1765762332512,0.733,0.7325,0.0683,5580.13,0.9059,5.4922,0,0,0.733,1.003,0.732,39576600,0.731,100186400,0.73,111113700,0.729,74022300,0.728,43485900,0.733,35197800,0.734,58693000,0.735,53163300,0.736,24455700,0.737,22226400,1890,0
sh513130,09:32:14,1765762335411,09:33:14,1765762334478,0.733,0.7325,0.0683,5578.94,0.9059,5.4764,1745500,1279376,0.733,1.01,0.732,41188600,0.731,101280300,0.73,111074600,0.729,74903500,0.728,43426400,0.733,34093400,0.734,58943500,0.735,72161400,0.736,25445700,0.737,23225800,933,0
sh513130,09:32:14,1765762336405,09:33:14,1765762334478,0.733,0.7325,0.0683,5578.94,0.9059,4.9905,0,0,0.733,0.993,0.732,41188600,0.731,101280300,0.73,111074600,0.729,74903500,0.728,43426400,0.733,34093400,0.734,58943500,0.735,72161400,0.736,25445700,0.737,23225800,1927,0
sh513130,09:32:14,1765762337400,09:33:16,1765762336653,0.733,0.7325,0.0683,5580.35,0.9059,4.4249,0,0,0.733,0.996,0.732,41188600,0.731,101280300,0.73,111074600,0.729,74903500,0.728,43426400,0.733,34093400,0.734,58943500,0.735,72161400,0.736,25445700,0.737,23225800,747,0
sh513130,09:32:14,1765762338404,09:33:16,1765762336653,0.733,0.7325,0.0683,5580.35,0.9059,4.9314,0,0,0.733,1.004,0.732,41188600,0.731,101280300,0.73,111074600,0.729,74903500,0.728,43426400,0.733,34093400,0.734,58943500,0.735,72161400,0.736,25445700,0.737,23225800,1751,0
sh513130,09:32:17,1765762339412,09:33:18,1765762338835,0.733,0.7325,0.0683,5579.37,0.9059,4.4701,824000,603835,0.7328,1.008,0.732,41341100,0.731,101623600,0.73,111087700,0.729,75786900,0.728,43418700,0.733,33229700,0.734,58693500,0.735,60216800,0.736,25445700,0.737,23225800,577,0
sh513130,09:32:19,1765762340411,09:33:20,1765762340404,0.733,0.7325,0.0683,5577.8,0.9059,4.072,1387500,1016913,0.7329,0.999,0.732,34167400,0.731,107243100,0.73,111369700,0.729,81565100,0.728,43445900,0.733,66764800,0.734,58707800,0.735,43228700,0.736,25445700,0.737,23281800,7,0
sh513130,09:32:19,1765762341413,09:33:20,1765762341010,0.733,0.7325,0.0683,5577.8,0.9059,3.5079,0,0,0.733,1.003,0.732,34167400,0.731,107243100,0.73,111369700,0.729,81565100,0.728,43445900,0.733,66764800,0.734,58707800,0.735,43228700,0.736,25445700,0.737,23281800,403,0
sh513130,09:32:19,1765762342415,09:33:20,1765762341010,0.733,0.7325,0.0683,5577.8,0.9059,2.7625,0,0,0.733,1.002,0.732,34167400,0.731,107243100,0.73,111369700,0.729,81565100,0.728,43445900,0.733,66764800,0.734,58707800,0.735,43228700,0.736,25445700,0.737,23281800,1405,0
sh513130,09:32:19,1765762343413,09:33:22,1765762343178,0.733,0.7325,0.0683,5578.38,0.9059,2.631,0,0,0.733,0.998,0.732,34167400,0.731,107243100,0.73,111369700,0.729,81565100,0.728,43445900,0.733,66764800,0.734,58707800,0.735,43228700,0.736,25445700,0.737,23281800,235,0
sh513130,09:32:19,1765762344414,09:33:22,1765762343178,0.733,0.7325,0.0683,5578.38,0.9059,3.7303,0,0,0.733,1.0,0.732,34167400,0.731,107243100,0.73,111369700,0.729,81565100,0.728,43445900,0.733,66764800,0.734,58707800,0.735,43228700,0.736,25445700,0.737,23281800,1236,0
sh513130,09:32:22,1765762345421,09:33:24,1765762345336,0.733,0.7325,0.0683,5579.02,0.9059,4.5373,891300,652938,0.7326,1.007,0.732,34698700,0.731,98255700,0.73,111656200,0.729,94449100,0.728,43439100,0.733,66482200,0.734,58707800,0.735,55658300,0.736,25445700,0.737,23281800,85,0
sh513130,09:32:22,1765762346419,09:33:26,1765762346413,0.733,0.7325,0.0683,5577.28,0.9059,4.3409,0,0,0.733,0.998,0.732,34698700,0.731,98255700,0.73,111656200,0.729,94449100,0.728,43439100,0.733,66482200,0.734,58707800,0.735,55658300,0.736,25445700,0.737,23281800,6,0
sh513130,09:32:22,1765762347419,09:33:26,1765762346480,0.733,0.7325,0.0683,5577.28,0.9059,3.3896,0,0,0.733,1.001,0.732,34698700,0.731,98255700,0.73,111656200,0.729,94449100,0.728,43439100,0.733,66482200,0.734,58707800,0.735,55658300,0.736,25445700,0.737,23281800,939,0
sh513130,09:32:26,1765762348437,09:33:28,1765762348421,0.732,0.7325,-0.0683,5574.49,0.9059,3.3121,658000,482172,0.7328,1.017,0.732,42190600,0.731,94028400,0.73,111953300,0.729,95239500,0.728,43949600,0.733,68389200,0.734,59041100,0.735,55758300,0.736,25445700,0.737,23281800,16,0
sh513130,09:32:26,1765762349425,09:33:28,1765762348503,0.732,0.7325,-0.0683,5574.49,0.9059,3.3531,0,0,0.732,0.988,0.732,42190600,0.731,94028400,0.73,111953300,0.729,95239500,0.728,43949600,0.733,68389200,0.734,59041100,0.735,55758300,0.736,25445700,0.737,23281800,922,0
sh513130,09:32:26,1765762350434,09:33:30,1765762350433,0.732,0.7325,-0.0683,5574.35,0.9059,3.6892,0,0,0.732,1.009,0.732,42190600,0.731,94028400,0.73,111953300,0.729,95239500,0.728,43949600,0.733,68389200,0.734,59041100,0.735,55758300,0.736,25445700,0.737,23281800,1,0
sh513130,09:32:29,1765762351430,09:33:30,1765762350504,0.733,0.7325,0.0683,5574.35,0.9059,2.9868,5291600,3873742,0.7321,0.996,0.732,37588800,0.731,74810500,0.73,113061300,0.729,96117200,0.728,43970600,0.733,68246800,0.734,60442800,0.735,56027900,0.736,24476700,0.737,23281800,926,0
sh513130,09:32:29,1765762352440,09:33:30,1765762351828,0.733,0.7325,0.0683,5574.35,0.9059,4.3984,0,0,0.733,1.009,0.732,37588800,0.731,74810500,0.73,113061300,0.729,96117200,0.728,43970600,0.733,68246800,0.734,60442800,0.735,56027900,0.736,24476700,0.737,23281800,612,0
sh513130,09:32:29,1765762353430,09:33:32,1765762352538,0.733,0.7325,0.0683,5576.18,0.9059,4.2857,0,0,0.733,0.99,0.732,37588800,0.731,74810500,0.73,113061300,0.729,96117200,0.728,43970600,0.733,68246800,0.734,60442800,0.735,56027900,0.736,24476700,0.737,23281800,892,0
sh513130,09:32:31,1765762354431,09:33:34,1765762354429,0.733,0.7325,0.0683,5575.51,0.9059,5.502,522400,382500,0.7322,1.001,0.732,37500900,0.731,75889700,0.73,134247900,0.729,122073200,0.728,43970600,0.733,68937200,0.734,60444800,0.735,56089600,0.736,24476700,0.737,23291800,2,0
sh513130,09:32:31,1765762355435,09:33:34,1765762354746,0.733,0.7325,0.0683,5575.51,0.9059,3.8656,0,0,0.733,1.004,0.732,37500900,0.731,75889700,0.73,134247900,0.729,122073200,0.728,43970600,0.733,68937200,0.734,60444800,0.735,56089600,0.736,24476700,0.737,23291800,689,0
sh513130,09:32:31,1765762356434,09:33:36,1765762356432,0.733,0.7325,0.0683,5575.98,0.9059,3.259,0,0,0.733,0.999,0.732,37500900,0.731,75889700,0.73,134247900,0.729,122073200,0.728,43970600,0.733,68937200,0.734,60444800,0.735,56089600,0.736,24476700,0.737,23291800,2,0
sh513130,09:32:34,1765762357434,09:33:36,1765762356538,0.732,0.7318,0.0273,5575.98,0.9059,3.3541,358700,262747,0.7325,1.0,0.732,38763400,0.731,94893800,0.73,123576300,0.729,112965100,0.728,43967600,0.733,68945600,0.734,60546900,0.735,56089600,0.736,24476700,0.737,23291800,896,0
sh513130,09:32:34,1765762358448,09:33:38,1765762358410,0.732,0.7318,0.0273,5575.61,0.9059,2.97,0,0,0.732,1.013,0.732,38763400,0.731,94893800,0.73,123576300,0.729,112965100,0.728,43967600,0.733,68945600,0.734,60546900,0.735,56089600,0.736,24476700,0.737,23291800,38,0
sh513130,09:32:38,1765762359439,09:33:38,1765762358486,0.732,0.7318,0.0273,5575.61,0.9059,3.2127,2412000,1765866,0.7321,0.992,0.732,35948000,0.731,75996200,0.73,124738400,0.729,113836900,0.728,46560800,0.733,69154500,0.734,60546900,0.735,56589600,0.736,24476700,0.737,23291800,953,0
sh513130,09:32:38,1765762360440,09:33:40,1765762360425,0.732,0.7318,0.0273,5575.74,0.9059,4.5852,0,0,0.732,1.001,0.732,35948000,0.731,75996200,0.73,124738400,0.729,113836900,0.728,46560800,0.733,69154500,0.734,60546900,0.735,56589600,0.736,24476700,0.737,23291800,15,0
sh513130,09:32:38,1765762361446,09:33:40,1765762360515,0.732,0.7318,0.0273,5575.74,0.9059,4.3873,0,0,0.732,1.006,0.732,35948000,0.731,75996200,0.73,124738400,0.729,113836900,0.728,46560800,0.733,69154500,0.734,60546900,0.735,56589600,0.736,24476700,0.737,23291800,931,0
sh513130,09:32:38,1765762362438,09:33:42,1765762362414,0.732,0.7318,0.0273,5576.22,0.9059,6.6047,0,0,0.732,0.992,0.732,35948000,0.731,75996200,0.73,124738400,0.729,113836900,0.728,46560800,0.733,69154500,0.734,60546900,0.735,56589600,0.736,24476700,0.737,23291800,24,0
sh513130,09:32:41,1765762363462,09:33:42,1765762362694,0.733,0.7318,0.164,5576.22,0.9059,4.8928,46764600,34231519,0.732,1.023,0.732,24712700,0.731,76809300,0.73,124780500,0.729,99914900,0.728,46591800,0.733,81230600,0.734,70544900,0.735,56739600,0.736,24476700,0.737,23291800,768,0
sh513130,09:32:41,1765762364456,09:33:44,1765762364434,0.733,0.7318,0.164,5576.34,0.9059,4.3862,0,0,0.733,0.995,0.732,24712700,0.731,76809300,0.73,124780500,0.729,99914900,0.728,46591800,0.733,81230600,0.734,70544900,0.735,56739600,0.736,24476700,0.737,23291800,22,0
sh513130,09:32:41,1765762365447,09:33:44,1765762364860,0.733,0.7318,0.164,5576.34,0.9059,4.1603,0,0,0.733,0.991,0.732,24712700,0.731,76809300,0.73,124780500,0.729,99914900,0.728,46591800,0.733,81230600,0.734,70544900,0.735,56739600,0.736,24476700,0.737,23291800,587,0
sh513130,09:32:43,1765762366467,09:33:44,1765762364860,0.733,0.7318,0.164,5576.34,0.9059,3.7717,367200,268937,0.7324,1.019,0.732,25628600,0.731,97041900,0.73,124021600,0.729,99916900,0.728,70687000,0.733,78281900,0.734,72544500,0.735,65807800,0.736,24476700,0.737,23291800,1607,0
sh513130,09:32:43,1765762367462,09:33:46,1765762367031,0.733,0.7318,0.164,5576.96,0.9059,3.1802,0,0,0.733,0.995,0.732,25628600,0.731,97041900,0.73,124021600,0.729,99916900,0.728,70687000,0.733,78281900,0.734,72544500,0.735,65807800,0.736,24476700,0.737,23291800,431,0
sh513130,09:32:46,1765762368461,09:33:48,1765762368458,0.733,0.7318,0.164,5575.91,0.9059,2.7222,270200,198005,0.7328,0.999,0.732,10575500,0.731,78604200,0.73,125031400,0.729,100802000,0.728,71296800,0.733,81745200,0.734,68631800,0.735,75807800,0.736,19479700,0.737,18294800,3,0
sh513130,09:32:46,1765762369463,09:33:48,1765762369194,0.733,0.7318,0.164,5575.91,0.9059,2.1551,0,0,0.733,1.002,0.732,10575500,0.731,78604200,0.73,125031400,0.729,100802000,0.728,71296800,0.733,81745200,0.734,68631800,0.735,75807800,0.736,19479700,0.737,18294800,269,0
sh513130,09:32:46,1765762370460,09:33:50,1765762370445,0.733,0.7318,0.164,5575.64,0.9059,2.4271,0,0,0.733,0.997,0.732,10575500,0.731,78604200,0.73,125031400,0.729,100802000,0.728,71296800,0.733,81745200,0.734,68631800,0.735,75807800,0.736,19479700,0.737,18294800,15,0
sh513130,09:32:49,1765762371461,09:33:50,1765762371435,0.733,0.7318,0.164,5575.64,0.9059,1.8978,978000,716824,0.7329,1.001,0.732,15527300,0.731,78914400,0.73,125058600,0.729,101704400,0.728,71850300,0.733,84364700,0.734,69121800,0.735,75807800,0.736,19479700,0.737,18297800,26,0
sh513130,09:32:49,1765762372461,09:33:52,1765762372433,0.733,0.7318,0.164,5575.93,0.9059,2.6156,0,0,0.733,0.999,0.732,15527300,0.731,78914400,0.73,125058600,0.729,101704400,0.728,71850300,0.733,84364700,0.734,69121800,0.735,75807800,0.736,19479700,0.737,18297800,28,0
sh513130,09:32:49,1765762373460,09:33:52,1765762372556,0.733,0.7318,0.164,5575.93,0.9059,2.7585,0,0,0.733,1.0,0.732,15527300,0.731,78914400,0.73,125058600,0.729,101704400,0.728,71850300,0.733,84364700,0.734,69121800,0.735,75807800,0.736,19479700,0.737,18297800,904,0
sh513130,09:32:52,1765762374476,09:33:54,1765762374439,0.733,0.7318,0.164,5576.31,0.9059,3.4057,213600,156540,0.7329,1.016,0.732,13991600,0.731,79074400,0.73,125261500,0.729,102617700,0.728,71892800,0.733,84751200,0.734,68971800,0.735,75968600,0.736,19479700,0.737,18366300,37,0
sh513130,09:32:52,1765762375466,09:33:54,1765762374531,0.733,0.7318,0.164,5576.31,0.9059,4.5742,0,0,0.733,0.989,0.732,13991600,0.731,79074400,0.73,125261500,0.729,102617700,0.728,71892800,0.733,84751200,0.734,68971800,0.735,75968600,0.736,19479700,0.737,18366300,935,0
sh513130,09:32:52,1765762376465,09:33:56,1765762376442,0.733,0.7318,0.164,5576.96,0.9059,3.783,0,0,0.733,0.999,0.732,13991600,0.731,79074400,0.73,125261500,0.729,102617700,0.728,71892800,0.733,84751200,0.734,68971800,0.735,75968600,0.736,19479700,0.737,18366300,23,0
sh513130,09:32:56,1765762377464,09:33:56,1765762376539,0.733,0.7325,0.0683,5576.96,0.9059,5.7637,7194700,5266795,0.732,0.999,0.732,6716500,0.731,79553800,0.73,125412600,0.729,103473100,0.728,71902800,0.733,84686700,0.734,69293300,0.735,75969600,0.736,19621600,0.737,18366300,925,0
sh513130,09:32:56,1765762378470,09:33:58,1765762378445,0.733,0.7325,0.0683,5575.13,0.9059,4.3784,0,0,0.733,1.006,0.732,6716500,0.731,79553800,0.73,125412600,0.729,103473100,0.728,71902800,0.733,84686700,0.734,69293300,0.735,75969600,0.736,19621600,0.737,18366300,25,0
sh513130,09:32:56,1765762379470,09:33:58,1765762378536,0.733,0.7325,0.0683,5575.13,0.9059,3.4574,0,0,0.733,1.0,0.732,6716500,0.731,79553800,0.73,125412600,0.729,103473100,0.728,71902800,0.733,84686700,0.734,69293300,0.735,75969600,0.736,19621600,0.737,18366300,934,0
sh513130,09:32:58,1765762380467,09:34:00,1765762380430,0.733,0.7325,0.0683,5574.79,0.9059,4.1043,640200,468734,0.7322,0.997,0.732,2358200,0.731,79825500,0.73,125920600,0.729,104343500,0.728,71962800,0.733,84435300,0.734,69272000,0.735,76678400,0.736,19621600,0.737,18374200,37,0
sh513130,09:32:58,1765762381468,09:34:00,1765762380700,0.733,0.7325,0.0683,5574.79,0.9059,3.5454,0,0,0.733,1.001,0.732,2358200,0.731,79825500,0.73,125920600,0.729,104343500,0.728,71962800,0.733,84435300,0.734,69272000,0.735,76678400,0.736,19621600,0.737,18374200,768,0
sh513130,09:32:58,1765762382472,09:34:02,1765762382436,0.733,0.7325,0.0683,5575.92,0.9059,3.4257,0,0,0.733,1.004,0.732,2358200,0.731,79825500,0.73,125920600,0.729,104343500,0.728,71962800,0.733,84435300,0.734,69272000,0.735,76678400,0.736,19621600,0.737,18374200,36,0
sh513130,09:32:58,1765762383480,09:34:02,1765762383210,0.733,0.7325,0.0683,5575.92,0.9059,2.3642,0,0,0.733,1.007,0.732,2358200,0.731,79825500,0.73,125920600,0.729,104343500,0.728,71962800,0.733,84435300,0.734,69272000,0.735,76678400,0.736,19621600,0.737,18374200,270,0
sh513130,09:33:02,1765762384479,09:34:04,1765762384429,0.733,0.7318,0.164,5576.64,0.9059,3.1368,419500,307444,0.7329,0.999,0.732,9275700,0.731,81756600,0.73,128045800,0.729,105279100,0.728,71967800,0.733,84056000,0.734,71252000,0.735,78658400,0.736,19621600,0.737,18374200,50,0
sh513130,09:33:02,1765762385479,09:34:04,1765762384514,0.733,0.7318,0.164,5576.64,0.9059,2.6006,0,0,0.733,1.001,0.732,9275700,0.731,81756600,0.73,128045800,0.729,105279100,0.728,71967800,0.733,84056000,0.734,71252000,0.735,78658400,0.736,19621600,0.737,18374200,965,0
sh513130,09:33:05,1765762386483,09:34:06,1765762386470,0.732,0.7325,-0.0683,5576.26,0.9059,2.4421,10985500,8041533,0.732,1.003,0.731,101816000,0.73,127884000,0.729,106149500,0.728,71957800,0.727,37370000,0.732,438500,0.733,83917600,0.734,71252000,0.735,78658400,0.736,19621600,13,0
sh513130,09:33:05,1765762387492,09:34:06,1765762386578,0.732,0.7325,-0.0683,5576.26,0.9059,4.6657,0,0,0.732,1.01,0.731,101816000,0.73,127884000,0.729,106149500,0.728,71957800,0.727,37370000,0.732,438500,0.733,83917600,0.734,71252000,0.735,78658400,0.736,19621600,914,0
sh513130,09:33:05,1765762388484,09:34:08,1765762388412,0.732,0.7325,-0.0683,5576.43,0.9059,3.9654,0,0,0.732,0.992,0.731,101816000,0.73,127884000,0.729,106149500,0.728,71957800,0.727,37370000,0.732,438500,0.733,83917600,0.734,71252000,0.735,78658400,0.736,19621600,72,0
sh513130,09:33:07,1765762389484,09:34:08,1765762388762,0.732,0.7325,-0.0683,5576.43,0.9059,3.977,4959600,3630422,0.732,1.0,0.731,84339800,0.73,129082200,0.729,106959900,0.728,71913800,0.727,37370000,0.732,411800,0.733,85998300,0.734,71241500,0.735,78658400,0.736,19621600,722,0
sh513130,09:33:07,1765762390483,09:34:10,1765762390426,0.732,0.7325,-0.0683,5575.72,0.9059,3.4346,0,0,0.732,1.0,0.731,84339800,0.73,129082200,0.729,106959900,0.728,71913800,0.727,37370000,0.732,411800,0.733,85998300,0.734,71241500,0.735,78658400,0.736,19621600,57,0
sh513130,09:33:07,1765762391494,09:34:10,1765762390929,0.732,0.7325,-0.0683,5575.72,0.9059,3.1871,0,0,0.732,1.011,0.731,84339800,0.73,129082200,0.729,106959900,0.728,71913800,0.727,37370000,0.732,411800,0.733,85998300,0.734,71241500,0.735,78658400,0.736,19621600,565,0
sh513130,09:33:10,1765762392488,09:34:12,1765762392443,0.732,0.7318,0.0273,5574.73,0.9059,4.1179,4078000,2985096,0.732,0.994,0.731,82413800,0.73,129409500,0.729,100032800,0.728,72967500,0.727,37370000,0.732,64424400,0.733,73097600,0.734,70242100,0.735,44663200,0.736,20330100,45,0
sh513130,09:33:10,1765762393496,09:34:12,1765762393098,0.732,0.7318,0.0273,5574.73,0.9059,2.4648,0,0,0.732,1.008,0.731,82413800,0.73,129409500,0.729,100032800,0.728,72967500,0.727,37370000,0.732,64424400,0.733,73097600,0.734,70242100,0.735,44663200,0.736,20330100,398,0
sh513130,09:33:10,1765762394503,09:34:14,1765762394477,0.732,0.7318,0.0273,5575.06,0.9059,1.3935,0,0,0.732,1.007,0.731,82413800,0.73,129409500,0.729,100032800,0.728,72967500,0.727,37370000,0.732,64424400,0.733,73097600,0.734,70242100,0.735,44663200,0.736,20330100,26,0
sh513130,09:33:10,1765762395495,09:34:14,1765762395271,0.732,0.7318,0.0273,5575.06,0.9059,1.1558,0,0,0.732,0.991,0.731,82413800,0.73,129409500,0.729,100032800,0.728,72967500,0.727,37370000,0.732,64424400,0.733,73097600,0.734,70242100,0.735,44663200,0.736,20330100,224,0
sh513130,09:33:14,1765762396500,09:34:16,1765762396438,0.732,0.7318,0.0273,5574.58,0.9059,1.0016,428500,313658,0.732,1.005,0.731,82745800,0.73,129466000,0.729,100068500,0.728,71968500,0.727,37370000,0.732,26707300,0.733,72454000,0.734,70110200,0.735,78658400,0.736,20540100,62,0
sh513130,09:33:14,1765762397499,09:34:16,1765762397462,0.732,0.7318,0.0273,5574.58,0.9059,-0.9893,0,0,0.732,0.999,0.731,82745800,0.73,129466000,0.729,100068500,0.728,71968500,0.727,37370000,0.732,26707300,0.733,72454000,0.734,70110200,0.735,78658400,0.736,20540100,37,0
sh513130,09:33:14,1765762398499,09:34:18,1765762398428,0.732,0.7318,0.0273,5574.39,0.9059,0.3805,0,0,0.732,1.0,0.731,82745800,0.73,129466000,0.729,100068500,0.728,71968500,0.727,37370000,0.732,26707300,0.733,72454000,0.734,70110200,0.735,78658400,0.736,20540100,71,0
sh513130,09:33:14,1765762399516,09:34:18,1765762398527,0.732,0.7318,0.0273,5574.39,0.9059,0.3895,0,0,0.732,1.018,0.731,82745800,0.73,129466000,0.729,100068500,0.728,71968500,0.727,37370000,0.732,26707300,0.733,72454000,0.734,70110200,0.735,78658400,0.736,20540100,989,0
sh513130,09:33:16,1765762400500,09:34:20,1765762400475,0.732,0.7318,0.0273,5575.71,0.9059,0.6722,1355800,992432,0.732,0.984,0.731,84860400,0.73,129442200,0.729,100068500,0.728,72105600,0.727,37607400,0.732,7206900,0.733,83666100,0.734,71107600,0.735,78672100,0.736,20563100,25,0
sh513130,09:33:16,1765762401514,09:34:20,1765762400475,0.732,0.7318,0.0273,5575.71,0.9059,1.1045,0,0,0.732,1.014,0.731,84860400,0.73,129442200,0.729,100068500,0.728,72105600,0.727,37607400,0.732,7206900,0.733,83666100,0.734,71107600,0.735,78672100,0.736,20563100,1039,0
sh513130,09:33:19,1765762402502,09:34:22,1765762402499,0.732,0.7318,0.0273,5575.93,0.9059,1.7743,570900,417720,0.7317,0.988,0.731,85260200,0.73,128660700,0.729,100030900,0.728,72113700,0.727,37612200,0.732,4049400,0.733,83633300,0.734,71179900,0.735,78695100,0.736,20563100,3,0
sh513130,09:33:19,1765762403513,09:34:22,1765762402499,0.732,0.7318,0.0273,5575.93,0.9059,1.6873,0,0,0.732,1.01,0.731,85260200,0.73,128660700,0.729,100030900,0.728,72113700,0.727,37612200,0.732,4049400,0.733,83633300,0.734,71179900,0.735,78695100,0.736,20563100,1014,0
sh513130,09:33:19,1765762404498,09:34:24,1765762404443,0.732,0.7318,0.0273,5576.37,0.9059,1.934,0,0,0.732,0.986,0.731,85260200,0.73,128660700,0.729,100030900,0.728,72113700,0.727,37612200,0.732,4049400,0.733,83633300,0.734,71179900,0.735,78695100,0.736,20563100,55,0
sh513130,09:33:22,1765762405505,09:34:24,1765762404532,0.732,0.7318,0.0273,5576.37,0.9059,3.3228,9573800,7008021,0.732,1.007,0.732,59800,0.731,109387600,0.73,128722700,0.729,100877400,0.728,72120000,0.733,83966100,0.734,70689900,0.735,78327500,0.736,20563100,0.737,18384200,973,0
sh513130,09:33:22,1765762406516,09:34:26,1765762406455,0.732,0.7318,0.0273,5576.09,0.9059,2.8155,0,0,0.732,1.011,0.732,59800,0.731,109387600,0.73,128722700,0.729,100877400,0.728,72120000,0.733,83966100,0.734,70689900,0.735,78327500,0.736,20563100,0.737,18384200,61,0
sh513130,09:33:25,1765762407561,09:34:26,1765762406547,0.732,0.7318,0.0273,5576.09,0.9059,2.6087,1689700,1236821,0.732,1.045,0.731,109268400,0.73,129801900,0.729,101755400,0.728,72191800,0.727,37673000,0.733,83841800,0.734,70789900,0.735,78327500,0.736,20563100,0.737,18481200,1014,0
sh513130,09:33:25,1765762408528,09:34:26,1765762408284,0.732,0.7318,0.0273,5576.09,0.9059,4.9158,0,0,0.732,0.967,0.731,109268400,0.73,129801900,0.729,101755400,0.728,72191800,0.727,37673000,0.733,83841800,0.734,70789900,0.735,78327500,0.736,20563100,0.737,18481200,244,0
sh513130,09:33:25,1765762409520,09:34:28,1765762408594,0.732,0.7318,0.0273,5576.5,0.9059,2.2771,0,0,0.732,0.992,0.731,109268400,0.73,129801900,0.729,101755400,0.728,72191800,0.727,37673000,0.733,83841800,0.734,70789900,0.735,78327500,0.736,20563100,0.737,18481200,926,0
sh513130,09:33:25,1765762410512,09:34:30,1765762410482,0.732,0.7318,0.0273,5575.47,0.9059,0.839,0,0,0.732,0.992,0.731,109268400,0.73,129801900,0.729,101755400,0.728,72191800,0.727,37673000,0.733,83841800,0.734,70789900,0.735,78327500,0.736,20563100,0.737,18481200,30,0
sh513130,09:33:28,1765762411539,09:34:30,1765762410482,0.732,0.7325,-0.0683,5575.47,0.9059,1.4549,1220300,893260,0.732,1.027,0.731,87146200,0.73,131756600,0.729,102641100,0.728,72212000,0.727,37653000,0.732,14473600,0.733,84784800,0.734,70969900,0.735,78327500,0.736,20583100,1057,0
sh513130,09:33:28,1765762412529,09:34:32,1765762412528,0.732,0.7325,-0.0683,5575.55,0.9059,1.3831,0,0,0.732,0.99,0.731,87146200,0.73,131756600,0.729,102641100,0.728,72212000,0.727,37653000,0.732,14473600,0.733,84784800,0.734,70969900,0.735,78327500,0.736,20583100,1,0
sh513130,09:33:31,1765762413525,09:34:32,1765762412615,0.732,0.7325,-0.0683,5575.55,0.9059,1.6854,560000,409879,0.7319,0.996,0.731,113806800,0.73,136766600,0.729,108528500,0.728,77205800,0.727,42651200,0.732,7016800,0.733,85584500,0.734,71039900,0.735,78327500,0.736,20583100,910,0
sh513130,09:33:31,1765762414525,09:34:34,1765762414519,0.732,0.7325,-0.0683,5575.65,0.9059,2.1,0,0,0.732,1.0,0.731,113806800,0.73,136766600,0.729,108528500,0.728,77205800,0.727,42651200,0.732,7016800,0.733,85584500,0.734,71039900,0.735,78327500,0.736,20583100,6,0
sh513130,09:33:31,1765762415527,09:34:34,1765762414787,0.732,0.7325,-0.0683,5575.65,0.9059,2.0205,0,0,0.732,1.002,0.731,113806800,0.73,136766600,0.729,108528500,0.728,77205800,0.727,42651200,0.732,7016800,0.733,85584500,0.734,71039900,0.735,78327500,0.736,20583100,740,0
sh513130,09:33:35,1765762416524,09:34:36,1765762416457,0.732,0.7318,0.0273,5576.88,0.9059,2.1467,7885200,5771897,0.732,0.997,0.732,10472800,0.731,114918500,0.73,137309200,0.729,109494900,0.728,77181400,0.733,85565100,0.734,72458300,0.735,78327500,0.736,20583100,0.737,18481200,67,0
sh513130,09:33:35,1765762417529,09:34:36,1765762416930,0.732,0.7318,0.0273,5576.88,0.9059,2.5135,0,0,0.732,1.005,0.732,10472800,0.731,114918500,0.73,137309200,0.729,109494900,0.728,77181400,0.733,85565100,0.734,72458300,0.735,78327500,0.736,20583100,0.737,18481200,599,0
sh513130,09:33:35,1765762418529,09:34:38,1765762418478,0.732,0.7318,0.0273,5577.71,0.9059,1.6488,0,0,0.732,0.999,0.732,10472800,0.731,114918500,0.73,137309200,0.729,109494900,0.728,77181400,0.733,85565100,0.734,72458300,0.735,78327500,0.736,20583100,0.737,18481200,51,0
sh513130,09:33:37,1765762419528,09:34:38,1765762419095,0.732,0.7318,0.0273,5577.71,0.9059,1.3409,980500,717726,0.732,0.999,0.732,21807200,0.731,115170700,0.73,137410700,0.729,105376000,0.728,77228800,0.733,85801500,0.734,72458300,0.735,78327500,0.736,20583100,0.737,18481200,433,0
sh513130,09:33:37,1765762420532,09:34:40,1765762420527,0.732,0.7318,0.0273,5577.11,0.9059,2.3048,0,0,0.732,1.005,0.732,21807200,0.731,115170700,0.73,137410700,0.729,105376000,0.728,77228800,0.733,85801500,0.734,72458300,0.735,78327500,0.736,20583100,0.737,18481200,5,0
sh513130,09:33:37,1765762421534,09:34:40,1765762421262,0.732,0.7318,0.0273,5577.11,0.9059,1.9305,0,0,0.732,1.001,0.732,21807200,0.731,115170700,0.73,137410700,0.729,105376000,0.728,77228800,0.733,85801500,0.734,72458300,0.735,78327500,0.736,20583100,0.737,18481200,272,0
sh513130,09:33:41,1765762422527,09:34:42,1765762422493,0.732,0.7318,0.0273,5575.79,0.9059,3.4912,17568000,12859749,0.732,0.993,0.731,114642000,0.73,137269300,0.729,111310000,0.728,77283800,0.727,41796700,0.732,16052900,0.733,85541000,0.734,71458900,0.735,78327500,0.736,20588100,34,0
sh513130,09:33:41,1765762423533,09:34:42,1765762423435,0.732,0.7318,0.0273,5575.79,0.9059,3.5771,0,0,0.732,1.006,0.731,114642000,0.73,137269300,0.729,111310000,0.728,77283800,0.727,41796700,0.732,16052900,0.733,85541000,0.734,71458900,0.735,78327500,0.736,20588100,98,0
sh513130,09:33:41,1765762424544,09:34:44,1765762424517,0.732,0.7318,0.0273,5575.56,0.9059,3.1181,0,0,0.732,1.012,0.731,114642000,0.73,137269300,0.729,111310000,0.728,77283800,0.727,41796700,0.732,16052900,0.733,85541000,0.734,71458900,0.735,78327500,0.736,20588100,27,0
sh513130,09:33:44,1765762425538,09:34:44,1765762424517,0.732,0.7318,0.0273,5575.56,0.9059,4.0813,1922000,1406844,0.732,0.993,0.731,91400300,0.73,137289300,0.729,112180400,0.728,77293800,0.727,41796700,0.732,14451000,0.733,86115900,0.734,70460300,0.735,78327500,0.736,20590800,1021,0
sh513130,09:33:44,1765762426539,09:34:46,1765762426492,0.732,0.7318,0.0273,5576.24,0.9059,4.8671,0,0,0.732,1.001,0.731,91400300,0.73,137289300,0.729,112180400,0.728,77293800,0.727,41796700,0.732,14451000,0.733,86115900,0.734,70460300,0.735,78327500,0.736,20590800,47,0
sh513130,09:33:44,1765762427548,09:34:46,1765762426492,0.732,0.7318,0.0273,5576.24,0.9059,3.9993,0,0,0.732,1.009,0.731,91400300,0.73,137289300,0.729,112180400,0.728,77293800,0.727,41796700,0.732,14451000,0.733,86115900,0.734,70460300,0.735,78327500,0.736,20590800,1056,0
sh513130,09:33:46,1765762428537,09:34:48,1765762428488,0.732,0.7325,-0.0683,5576.18,0.9059,3.9265,700300,512610,0.732,0.989,0.731,115211800,0.73,137283400,0.729,113050800,0.728,77295000,0.727,41806700,0.732,7202500,0.733,86133600,0.734,70460300,0.735,78327500,0.736,20590800,49,0
sh513130,09:33:46,1765762429551,09:34:48,1765762428488,0.732,0.7325,-0.0683,5576.18,0.9059,3.3703,0,0,0.732,1.014,0.731,115211800,0.73,137283400,0.729,113050800,0.728,77295000,0.727,41806700,0.732,7202500,0.733,86133600,0.734,70460300,0.735,78327500,0.736,20590800,1063,0
sh513130,09:33:46,1765762430542,09:34:50,1765762430478,0.732,0.7325,-0.0683,5576.43,0.9059,2.9501,0,0,0.732,0.991,0.731,115211800,0.73,137283400,0.729,113050800,0.728,77295000,0.727,41806700,0.732,7202500,0.733,86133600,0.734,70460300,0.735,78327500,0.736,20590800,64,0
sh513130,09:33:49,1765762431545,09:34:50,1765762430478,0.732,0.7318,0.0273,5576.43,0.9059,2.888,1059700,775575,0.7319,1.002,0.731,116035000,0.73,137363000,0.729,113972200,0.728,77418400,0.727,42880900,0.732,2367700,0.733,90190000,0.734,71459700,0.735,78327500,0.736,20591800,1067,0
sh513130,09:33:49,1765762432548,09:34:52,1765762432530,0.732,0.7318,0.0273,5576.21,0.9059,2.5618,0,0,0.732,1.003,0.731,116035000,0.73,137363000,0.729,113972200,0.728,77418400,0.727,42880900,0.732,2367700,0.733,90190000,0.734,71459700,0.735,78327500,0.736,20591800,18,0
sh513130,09:33:49,1765762433547,09:34:52,1765762432530,0.732,0.7318,0.0273,5576.21,0.9059,2.732,0,0,0.732,0.999,0.731,116035000,0.73,137363000,0.729,113972200,0.728,77418400,0.727,42880900,0.732,2367700,0.733,90190000,0.734,71459700,0.735,78327500,0.736,20591800,1017,0
sh513130,09:33:53,1765762434546,09:34:54,1765762434515,0.732,0.7318,0.0273,5576.46,0.9059,2.4796,1377100,1008003,0.732,1.0,0.731,114948000,0.73,137379000,0.729,114844600,0.728,77449400,0.727,42880900,0.732,12109400,0.733,86105200,0.734,70460300,0.735,78449500,0.736,20591800,31,0
sh513130,09:33:53,1765762435554,09:34:54,1765762434515,0.732,0.7318,0.0273,5576.46,0.9059,2.0292,0,0,0.732,1.008,0.731,114948000,0.73,137379000,0.729,114844600,0.728,77449400,0.727,42880900,0.732,12109400,0.733,86105200,0.734,70460300,0.735,78449500,0.736,20591800,1039,0
sh513130,09:33:53,1765762436555,09:34:56,1765762436499,0.732,0.7318,0.0273,5575.97,0.9059,3.4093,0,0,0.732,1.0,0.731,114948000,0.73,137379000,0.729,114844600,0.728,77449400,0.727,42880900,0.732,12109400,0.733,86105200,0.734,70460300,0.735,78449500,0.736,20591800,56,0
sh513130,09:33:53,1765762437554,09:34:56,1765762436499,0.732,0.7318,0.0273,5575.97,0.9059,3.1037,0,0,0.732,0.999,0.731,114948000,0.73,137379000,0.729,114844600,0.728,77449400,0.727,42880900,0.732,12109400,0.733,86105200,0.734,70460300,0.735,78449500,0.736,20591800,1055,0
sh513130,09:33:55,1765762438551,09:34:58,1765762438521,0.731,0.7318,-0.1093,5573.71,0.9059,2.427,427200,312597,0.7317,0.997,0.731,116249200,0.73,137449700,0.729,115735000,0.728,77449800,0.727,42880900,0.732,11911400,0.733,85865000,0.734,70460300,0.735,78518300,0.736,20592800,30,0
sh513130,09:33:55,1765762439562,09:34:58,1765762438627,0.731,0.7318,-0.1093,5573.71,0.9059,2.4718,0,0,0.731,1.01,0.731,116249200,0.73,137449700,0.729,115735000,0.728,77449800,0.727,42880900,0.732,11911400,0.733,85865000,0.734,70460300,0.735,78518300,0.736,20592800,935,0
sh513130,09:33:55,1765762440554,09:35:00,1765762440513,0.731,0.7318,-0.1093,5574.19,0.9059,2.8036,0,0,0.731,0.992,0.731,116249200,0.73,137449700,0.729,115735000,0.728,77449800,0.727,42880900,0.732,11911400,0.733,85865000,0.734,70460300,0.735,78518300,0.736,20592800,41,0
sh513130,09:33:58,1765762441560,09:35:00,1765762440792,0.732,0.7318,0.0273,5574.19,0.9059,2.8909,883200,646500,0.732,1.006,0.731,91083000,0.73,137544900,0.729,117705400,0.728,79451800,0.727,42807200,0.732,70224100,0.733,78687800,0.734,59461400,0.735,44523100,0.736,20593600,768,0
sh513130,09:33:58,1765762442558,09:35:02,1765762442461,0.732,0.7318,0.0273,5575.84,0.9059,2.5873,0,0,0.732,0.998,0.731,91083000,0.73,137544900,0.729,117705400,0.728,79451800,0.727,42807200,0.732,70224100,0.733,78687800,0.734,59461400,0.735,44523100,0.736,20593600,97,0
sh513130,09:34:02,1765762443557,09:35:02,1765762443203,0.732,0.7318,0.0273,5575.84,0.9059,3.9978,1276000,933594,0.7317,0.999,0.731,111744600,0.73,137578100,0.729,107189100,0.728,77451800,0.727,42934800,0.732,15527900,0.733,81501800,0.734,78420900,0.735,75568300,0.736,20593600,354,0
sh513130,09:34:02,1765762444560,09:35:04,1765762444516,0.732,0.7318,0.0273,5576.71,0.9059,3.6455,0,0,0.732,1.003,0.731,111744600,0.73,137578100,0.729,107189100,0.728,77451800,0.727,42934800,0.732,15527900,0.733,81501800,0.734,78420900,0.735,75568300,0.736,20593600,44,0
sh513130,09:34:02,1765762445572,09:35:04,1765762445138,0.732,0.7318,0.0273,5576.71,0.9059,5.8501,0,0,0.732,1.011,0.731,111744600,0.73,137578100,0.729,107189100,0.728,77451800,0.727,42934800,0.732,15527900,0.733,81501800,0.734,78420900,0.735,75568300,0.736,20593600,434,0
sh513130,09:34:05,1765762446562,09:35:06,1765762446466,0.732,0.7318,0.0273,5576.03,0.9059,5.3535,1188000,869602,0.732,0.991,0.731,117212100,0.73,137606300,0.729,107069600,0.728,77458400,0.727,42934800,0.732,4638300,0.733,78278300,0.734,78420900,0.735,78538300,0.736,20593600,96,0
sh513130,09:34:05,1765762447568,09:35:06,1765762447325,0.732,0.7318,0.0273,5576.03,0.9059,4.2473,0,0,0.732,1.005,0.731,117212100,0.73,137606300,0.729,107069600,0.728,77458400,0.727,42934800,0.732,4638300,0.733,78278300,0.734,78420900,0.735,78538300,0.736,20593600,243,0
sh513130,09:34:05,1765762448567,09:35:08,1765762448490,0.732,0.7318,0.0273,5576.64,0.9059,3.0753,0,0,0.732,1.0,0.731,117212100,0.73,137606300,0.729,107069600,0.728,77458400,0.727,42934800,0.732,4638300,0.733,78278300,0.734,78420900,0.735,78538300,0.736,20593600,77,0
sh513130,09:34:07,1765762449575,09:35:08,1765762449540,0.732,0.7318,0.0273,5576.64,0.9059,3.016,427900,313205,0.732,1.007,0.731,118114000,0.73,137923500,0.729,108055600,0.728,78303700,0.727,42974800,0.732,11769400,0.733,77633300,0.734,79019500,0.735,78520300,0.736,20693700,35,0
sh513130,09:34:07,1765762450567,09:35:10,1765762450481,0.732,0.7318,0.0273,5576.42,0.9059,2.6204,0,0,0.732,0.992,0.731,118114000,0.73,137923500,0.729,108055600,0.728,78303700,0.727,42974800,0.732,11769400,0.733,77633300,0.734,79019500,0.735,78520300,0.736,20693700,86,0
sh513130,09:34:07,1765762451578,09:35:10,1765762450481,0.732,0.7318,0.0273,5576.42,0.9059,2.0855,0,0,0.732,1.012,0.731,118114000,0.73,137923500,0.729,108055600,0.728,78303700,0.727,42974800,0.732,11769400,0.733,77633300,0.734,79019500,0.735,78520300,0.736,20693700,1097,0
sh513130,09:34:07,1765762452580,09:35:12,1765762452481,0.732,0.7318,0.0273,5574.45,0.9059,2.0515,0,0,0.732,1.002,0.731,118114000,0.73,137923500,0.729,108055600,0.728,78303700,0.727,42974800,0.732,11769400,0.733,77633300,0.734,79019500,0.735,78520300,0.736,20693700,99,0
sh513130,09:34:10,1765762453596,09:35:12,1765762452481,0.732,0.7318,0.0273,5574.45,0.9059,2.0517,1083800,793315,0.732,1.016,0.731,115407800,0.73,138203700,0.729,109056200,0.728,78111000,0.727,42975800,0.732,12115400,0.733,76938200,0.734,79054500,0.735,78570300,0.736,20693700,1115,0
sh513130,09:34:10,1765762454575,09:35:14,1765762454493,0.732,0.7318,0.0273,5574.96,0.9059,2.0303,0,0,0.732,0.978,0.731,115407800,0.73,138203700,0.729,109056200,0.728,78111000,0.727,42975800,0.732,12115400,0.733,76938200,0.734,79054500,0.735,78570300,0.736,20693700,82,0
sh513130,09:34:13,1765762455583,09:35:14,1765762454493,0.732,0.7318,0.0273,5574.96,0.9059,3.6237,249900,182825,0.7316,1.009,0.731,116508300,0.73,138308000,0.729,105571600,0.728,80111000,0.727,42997200,0.732,77179200,0.733,69742900,0.734,60056400,0.735,44575100,0.736,20693700,1090,0
sh513130,09:34:13,1765762456577,09:35:16,1765762456560,0.732,0.7318,0.0273,5574.26,0.9059,3.5753,0,0,0.732,0.994,0.731,116508300,0.73,138308000,0.729,105571600,0.728,80111000,0.727,42997200,0.732,77179200,0.733,69742900,0.734,60056400,0.735,44575100,0.736,20693700,17,0
sh513130,09:34:13,1765762457588,09:35:16,1765762456560,0.732,0.7318,0.0273,5574.26,0.9059,3.4355,0,0,0.732,1.011,0.731,116508300,0.73,138308000,0.729,105571600,0.728,80111000,0.727,42997200,0.732,77179200,0.733,69742900,0.734,60056400,0.735,44575100,0.736,20693700,1028,0
sh513130,09:34:13,1765762458580,09:35:18,1765762458523,0.732,0.7318,0.0273,5573.22,0.9059,2.8381,0,0,0.732,0.991,0.731,116508300,0.73,138308000,0.729,105571600,0.728,80111000,0.727,42997200,0.732,77179200,0.733,69742900,0.734,60056400,0.735,44575100,0.736,20693700,57,0
sh513130,09:34:16,1765762459588,09:35:18,1765762458523,0.732,0.7318,0.0273,5573.22,0.9059,2.5982,258700,189338,0.7319,1.009,0.731,121432800,0.73,143313800,0.729,110572000,0.728,78984600,0.727,42997200,0.732,82554300,0.733,73942700,0.734,65056400,0.735,44575100,0.736,20698700,1065,0
sh513130,09:34:16,1765762460584,09:35:20,1765762460493,0.732,0.7318,0.0273,5572.86,0.9059,2.4577,0,0,0.732,0.995,0.731,121432800,0.73,143313800,0.729,110572000,0.728,78984600,0.727,42997200,0.732,82554300,0.733,73942700,0.734,65056400,0.735,44575100,0.736,20698700,91,0
sh513130,09:34:19,1765762461588,09:35:20,1765762460493,0.732,0.7318,0.0273,5572.86,0.9059,2.2951,634600,464129,0.7314,1.005,0.731,122831200,0.73,143442400,0.729,111672000,0.728,79906100,0.727,43002200,0.732,40719500,0.733,84850800,0.734,65056400,0.735,75601300,0.736,20698700,1095,0
sh513130,09:34:19,1765762462595,09:35:22,1765762462511,0.732,0.7318,0.0273,5573.41,0.9059,2.9892,0,0,0.732,1.006,0.731,122831200,0.73,143442400,0.729,111672000,0.728,79906100,0.727,43002200,0.732,40719500,0.733,84850800,0.734,65056400,0.735,75601300,0.736,20698700,84,0
sh513130,09:34:19,1765762463594,09:35:22,1765762462511,0.732,0.7318,0.0273,5573.41,0.9059,6.1144,0,0,0.732,1.0,0.731,122831200,0.73,143442400,0.729,111672000,0.728,79906100,0.727,43002200,0.732,40719500,0.733,84850800,0.734,65056400,0.735,75601300,0.736,20698700,1083,0
sh513130,09:34:22,1765762464590,09:35:24,1765762464534,0.732,0.7318,0.0273,5574.57,0.9059,6.3707,471400,344929,0.7317,0.995,0.731,122697400,0.73,143432000,0.729,112544400,0.728,80011100,0.727,43002200,0.732,17026100,0.733,84492300,0.734,84061400,0.735,75555300,0.736,20695700,56,0
sh513130,09:34:22,1765762465598,09:35:24,1765762464677,0.732,0.7318,0.0273,5574.57,0.9059,7.2268,0,0,0.732,1.008,0.731,122697400,0.73,143432000,0.729,112544400,0.728,80011100,0.727,43002200,0.732,17026100,0.733,84492300,0.734,84061400,0.735,75555300,0.736,20695700,921,0
sh513130,09:34:22,1765762466591,09:35:26,1765762466520,0.732,0.7318,0.0273,5575.16,0.9059,6.6313,0,0,0.732,0.993,0.731,122697400,0.73,143432000,0.729,112544400,0.728,80011100,0.727,43002200,0.732,17026100,0.733,84492300,0.734,84061400,0.735,75555300,0.736,20695700,71,0
sh513130,09:34:25,1765762467592,09:35:26,1765762466844,0.732,0.7318,0.0273,5575.16,0.9059,5.9684,4900300,3586584,0.7319,1.001,0.732,5574300,0.731,124593200,0.73,143502900,0.729,112689800,0.728,78287900,0.733,85814200,0.734,86060800,0.735,78525300,0.736,20785700,0.737,18531200,748,0
sh513130,09:34:25,1765762468594,09:35:28,1765762468510,0.732,0.7318,0.0273,5576.11,0.9059,5.428,0,0,0.732,1.003,0.732,5574300,0.731,124593200,0.73,143502900,0.729,112689800,0.728,78287900,0.733,85814200,0.734,86060800,0.735,78525300,0.736,20785700,0.737,18531200,84,0
sh513130,09:34:25,1765762469597,09:35:28,1765762469012,0.732,0.7318,0.0273,5576.11,0.9059,3.8498,0,0,0.732,1.003,0.732,5574300,0.731,124593200,0.73,143502900,0.729,112689800,0.728,78287900,0.733,85814200,0.734,86060800,0.735,78525300,0.736,20785700,0.737,18531200,585,0
sh513130,09:34:28,1765762470594,09:35:30,1765762470466,0.732,0.7318,0.0273,5576.7,0.9059,3.3587,351600,257372,0.732,0.997,0.732,7968900,0.731,124607300,0.73,143598400,0.729,113560200,0.728,78288200,0.733,86160800,0.734,86160700,0.735,78445000,0.736,20785700,0.737,18523200,128,0
sh513130,09:34:28,1765762471601,09:35:30,1765762471176,0.732,0.7318,0.0273,5576.7,0.9059,2.9127,0,0,0.732,1.007,0.732,7968900,0.731,124607300,0.73,143598400,0.729,113560200,0.728,78288200,0.733,86160800,0.734,86160700,0.735,78445000,0.736,20785700,0.737,18523200,425,0
sh513130,09:34:28,1765762472597,09:35:32,1765762472517,0.732,0.7318,0.0273,5575.93,0.9059,2.5303,0,0,0.732,0.996,0.732,7968900,0.731,124607300,0.73,143598400,0.729,113560200,0.728,78288200,0.733,86160800,0.734,86160700,0.735,78445000,0.736,20785700,0.737,18523200,80,0
sh513130,09:34:31,1765762473609,09:35:32,1765762473342,0.732,0.7318,0.0273,5575.93,0.9059,3.2727,3700500,2709768,0.7323,1.012,0.731,125172400,0.73,143561600,0.729,114494600,0.728,78288500,0.727,43004400,0.732,2604300,0.733,85760900,0.734,86160700,0.735,83445000,0.736,20785700,267,0
sh513130,09:34:31,1765762474595,09:35:34,1765762474493,0.732,0.7318,0.0273,5577.08,0.9059,2.5758,0,0,0.732,0.986,0.731,125172400,0.73,143561600,0.729,114494600,0.728,78288500,0.727,43004400,0.732,2604300,0.733,85760900,0.734,86160700,0.735,83445000,0.736,20785700,102,0
sh513130,09:34:31,1765762475608,09:35:34,1765762475579,0.732,0.7318,0.0273,5577.08,0.9059,2.9471,0,0,0.732,1.013,0.731,125172400,0.73,143561600,0.729,114494600,0.728,78288500,0.727,43004400,0.732,2604300,0.733,85760900,0.734,86160700,0.735,83445000,0.736,20785700,29,0
sh513130,09:34:31,1765762476617,09:35:36,1765762476581,0.732,0.7318,0.0273,5578.4,0.9059,2.7112,0,0,0.732,1.008,0.731,125172400,0.73,143561600,0.729,114494600,0.728,78288500,0.727,43004400,0.732,2604300,0.733,85760900,0.734,86160700,0.735,83445000,0.736,20785700,36,0
sh513130,09:34:35,1765762477613,09:35:36,1765762476581,0.732,0.7324,-0.0546,5578.4,0.9059,3.4973,2522300,1846343,0.732,0.996,0.732,50163800,0.731,140610200,0.73,143565600,0.729,86997900,0.728,54809300,0.733,85708600,0.734,86260600,0.735,83512800,0.736,20785700,0.737,18543200,1032,0
sh513130,09:34:35,1765762478609,09:35:38,1765762478494,0.732,0.7324,-0.0546,5579.12,0.9059,4.3069,0,0,0.732,0.996,0.732,50163800,0.731,140610200,0.73,143565600,0.729,86997900,0.728,54809300,0.733,85708600,0.734,86260600,0.735,83512800,0.736,20785700,0.737,18543200,115,0
sh513130,09:34:37,1765762479611,09:35:38,1765762478494,0.733,0.7324,0.0819,5579.12,0.9059,2.7171,300,220,0.7333,1.002,0.732,57228600,0.731,139533300,0.73,142575800,0.729,84849300,0.728,54819300,0.733,83985400,0.734,86505700,0.735,83512800,0.736,20785700,0.737,18544200,1117,0
sh513130,09:34:37,1765762480609,09:35:40,1765762480542,0.733,0.7324,0.0819,5579.31,0.9059,1.8685,0,0,0.733,0.998,0.732,57228600,0.731,139533300,0.73,142575800,0.729,84849300,0.728,54819300,0.733,83985400,0.734,86505700,0.735,83512800,0.736,20785700,0.737,18544200,67,0
sh513130,09:34:37,1765762481612,09:35:40,1765762480542,0.733,0.7324,0.0819,5579.31,0.9059,1.7611,0,0,0.733,1.003,0.732,57228600,0.731,139533300,0.73,142575800,0.729,84849300,0.728,54819300,0.733,83985400,0.734,86505700,0.735,83512800,0.736,20785700,0.737,18544200,1070,0
sh513130,09:34:41,1765762482616,09:35:42,1765762482520,0.732,0.7324,-0.0546,5580.26,0.9059,2.3974,114000,83448,0.732,1.004,0.732,68408800,0.731,139584200,0.73,142750600,0.729,80721900,0.728,54819300,0.733,84508500,0.734,86505700,0.735,83512800,0.736,20744800,0.737,18544200,96,0
sh513130,09:34:41,1765762483621,09:35:42,1765762482520,0.732,0.7324,-0.0546,5580.26,0.9059,2.0796,0,0,0.732,1.006,0.732,68408800,0.731,139584200,0.73,142750600,0.729,80721900,0.728,54819300,0.733,84508500,0.734,86505700,0.735,83512800,0.736,20744800,0.737,18544200,1101,0
sh513130,09:34:41,1765762484617,09:35:44,1765762484518,0.732,0.7324,-0.0546,5578.95,0.9059,1.6676,0,0,0.732,0.996,0.732,68408800,0.731,139584200,0.73,142750600,0.729,80721900,0.728,54819300,0.733,84508500,0.734,86505700,0.735,83512800,0.736,20744800,0.737,18544200,99,0
sh513130,09:34:41,1765762485617,09:35:44,1765762484518,0.732,0.7324,-0.0546,5578.95,0.9059,1.3007,0,0,0.732,0.999,0.732,68408800,0.731,139584200,0.73,142750600,0.729,80721900,0.728,54819300,0.733,84508500,0.734,86505700,0.735,83512800,0.736,20744800,0.737,18544200,1099,0
sh513130,09:34:44,1765762486619,09:35:46,1765762486544,0.733,0.7324,0.0819,5579.4,0.9059,1.1027,94100,68936,0.7326,1.002,0.732,70556000,0.731,139307600,0.73,142007300,0.729,81592300,0.728,54808600,0.733,70305100,0.734,93942700,0.735,83512800,0.736,30744800,0.737,18544200,75,0
sh513130,09:34:44,1765762487618,09:35:46,1765762486544,0.733,0.7324,0.0819,5579.4,0.9059,2.0271,0,0,0.733,0.999,0.732,70556000,0.731,139307600,0.73,142007300,0.729,81592300,0.728,54808600,0.733,70305100,0.734,93942700,0.735,83512800,0.736,30744800,0.737,18544200,1074,0
sh513130,09:34:44,1765762488616,09:35:46,1765762488611,0.733,0.7324,0.0819,5579.4,0.9059,1.2849,0,0,0.733,0.998,0.732,70556000,0.731,139307600,0.73,142007300,0.729,81592300,0.728,54808600,0.733,70305100,0.734,93942700,0.735,83512800,0.736,30744800,0.737,18544200,5,0
sh513130,09:34:46,1765762489625,09:35:48,1765762489080,0.732,0.7324,-0.0546,5580.54,0.9059,1.4034,12200,8932,0.7321,1.009,0.732,74204300,0.731,139432700,0.73,141922000,0.729,82542700,0.728,54840600,0.733,87608600,0.734,86815200,0.735,83512800,0.736,20744800,0.737,18490200,545,0
sh513130,09:34:46,1765762490621,09:35:50,1765762490519,0.732,0.7324,-0.0546,5580.62,0.9059,1.3363,0,0,0.732,0.996,0.732,74204300,0.731,139432700,0.73,141922000,0.729,82542700,0.728,54840600,0.733,87608600,0.734,86815200,0.735,83512800,0.736,20744800,0.737,18490200,102,0
sh513130,09:34:49,1765762491633,09:35:50,1765762490782,0.733,0.7331,-0.0136,5580.62,0.9059,0.827,237100,173633,0.7323,1.012,0.732,74437800,0.731,138845400,0.73,141924100,0.729,84062500,0.728,55045600,0.733,46200000,0.734,94245200,0.735,83522800,0.736,54784100,0.737,18490200,851,0
sh513130,09:34:49,1765762492628,09:35:50,1765762490782,0.733,0.7331,-0.0136,5580.62,0.9059,0.1255,0,0,0.733,0.995,0.732,74437800,0.731,138845400,0.73,141924100,0.729,84062500,0.728,55045600,0.733,46200000,0.734,94245200,0.735,83522800,0.736,54784100,0.737,18490200,1846,0
sh513130,09:34:49,1765762493633,09:35:52,1765762493055,0.733,0.7331,-0.0136,5580.09,0.9059,0.1192,0,0,0.733,1.005,0.732,74437800,0.731,138845400,0.73,141924100,0.729,84062500,0.728,55045600,0.733,46200000,0.734,94245200,0.735,83522800,0.736,54784100,0.737,18490200,578,0
sh513130,09:34:52,1765762494632,09:35:54,1765762494504,0.733,0.7331,-0.0136,5579.68,0.9059,-0.1717,258200,189261,0.733,0.998,0.732,75653400,0.731,139406300,0.73,142680900,0.729,85092900,0.728,55120400,0.733,46692300,0.734,91474900,0.735,83965200,0.736,20878900,0.737,18501900,128,0
sh513130,09:34:52,1765762495637,09:35:54,1765762495117,0.733,0.7331,-0.0136,5579.68,0.9059,-0.4243,0,0,0.733,1.005,0.732,75653400,0.731,139406300,0.73,142680900,0.729,85092900,0.728,55120400,0.733,46692300,0.734,91474900,0.735,83965200,0.736,20878900,0.737,18501900,520,0
sh513130,09:34:52,1765762496633,09:35:56,1765762496457,0.733,0.7331,-0.0136,5577.86,0.9059,-0.132,0,0,0.733,0.996,0.732,75653400,0.731,139406300,0.73,142680900,0.729,85092900,0.728,55120400,0.733,46692300,0.734,91474900,0.735,83965200,0.736,20878900,0.737,18501900,176,0
sh513130,09:34:55,1765762497639,09:35:56,1765762497291,0.733,0.7331,-0.0136,5577.86,0.9059,0.8728,133300,97627,0.7324,1.006,0.732,42818400,0.731,125422700,0.73,142716100,0.729,103329100,0.728,79115700,0.733,88847500,0.734,86877300,0.735,83965200,0.736,20878900,0.737,18504900,348,0
sh513130,09:34:52,1765762498641,09:35:58,1765762498481,0.733,0.7331,-0.0136,5577.51,0.9059,-0.5852,0,0,0.733,1.003,0.732,75653400,0.731,139406300,0.73,142680900,0.729,85092900,0.728,55120400,0.733,46692300,0.734,91474900,0.735,83965200,0.736,20878900,0.737,18501900,160,0
sh513130,09:34:55,1765762499641,09:35:58,1765762499460,0.733,0.7331,-0.0136,5577.51,0.9059,-0.0216,133300,97627,0.7324,1.0,0.732,42818400,0.731,125422700,0.73,142716100,0.729,103329100,0.728,79115700,0.733,88847500,0.734,86877300,0.735,83965200,0.736,20878900,0.737,18504900,181,0
sh513130,09:34:59,1765762500636,09:36:00,1765762500534,0.733,0.7324,0.0819,5577.13,0.9059,-0.1136,595000,435770,0.7324,0.995,0.732,34882300,0.731,125345800,0.73,144726400,0.729,104209500,0.728,79118700,0.733,89617300,0.734,86877300,0.735,83965200,0.736,20878900,0.737,18604900,102,0
sh513130,09:34:59,1765762501643,09:36:00,1765762501624,0.733,0.7324,0.0819,5577.13,0.9059,0.5211,0,0,0.733,1.007,0.732,34882300,0.731,125345800,0.73,144726400,0.729,104209500,0.728,79118700,0.733,89617300,0.734,86877300,0.735,83965200,0.736,20878900,0.737,18604900,19,0
sh513130,09:34:59,1765762502644,09:36:02,1765762502450,0.733,0.7324,0.0819,5578.03,0.9059,1.1121,0,0,0.733,1.001,0.732,34882300,0.731,125345800,0.73,144726400,0.729,104209500,0.728,79118700,0.733,89617300,0.734,86877300,0.735,83965200,0.736,20878900,0.737,18604900,194,0
sh513130,09:35:01,1765762503642,09:36:02,1765762503204,0.733,0.7324,0.0819,5578.03,0.9059,2.5436,575000,421441,0.7329,0.998,0.732,52438700,0.731,151384100,0.73,143743400,0.729,105099900,0.728,55123500,0.733,90147700,0.734,87882000,0.735,83984600,0.736,23878900,0.737,18618700,438,0
sh513130,09:35:01,1765762504647,09:36:04,1765762504459,0.733,0.7324,0.0819,5578.57,0.9059,3.0261,0,0,0.733,1.005,0.732,52438700,0.731,151384100,0.73,143743400,0.729,105099900,0.728,55123500,0.733,90147700,0.734,87882000,0.735,83984600,0.736,23878900,0.737,18618700,188,0
sh513130,09:35:01,1765762505645,09:36:04,1765762504459,0.733,0.7324,0.0819,5578.57,0.9059,2.8835,0,0,0.733,0.998,0.732,52438700,0.731,151384100,0.73,143743400,0.729,105099900,0.728,55123500,0.733,90147700,0.734,87882000,0.735,83984600,0.736,23878900,0.737,18618700,1186,0
sh513130,09:35:05,1765762506658,09:36:04,1765762505976,0.732,0.7324,-0.0546,5578.57,0.9059,2.058,18218200,13335821,0.732,1.013,0.731,135782900,0.73,154677800,0.729,111362300,0.728,79109700,0.727,51975500,0.732,45812900,0.733,94770200,0.734,76883600,0.735,81994700,0.736,21979100,682,0
sh513130,09:35:05,1765762507700,09:36:06,1765762506742,0.732,0.7324,-0.0546,5576.98,0.9059,2.5832,0,0,0.732,1.041,0.731,135782900,0.73,154677800,0.729,111362300,0.728,79109700,0.727,51975500,0.732,45812900,0.733,94770200,0.734,76883600,0.735,81994700,0.736,21979100,958,0
sh513130,09:35:05,1765762508649,09:36:08,1765762508527,0.732,0.7324,-0.0546,5577.57,0.9059,2.4068,0,0,0.732,0.949,0.731,135782900,0.73,154677800,0.729,111362300,0.728,79109700,0.727,51975500,0.732,45812900,0.733,94770200,0.734,76883600,0.735,81994700,0.736,21979100,122,0
sh513130,09:35:08,1765762509657,09:36:08,1765762508527,0.732,0.7324,-0.0546,5577.57,0.9059,1.9086,389500,285114,0.732,1.008,0.731,135519200,0.73,154763800,0.729,112182700,0.728,79159700,0.727,51985500,0.732,26822800,0.733,100841300,0.734,77883000,0.735,79694700,0.736,21979100,1130,0
sh513130,09:35:08,1765762510652,09:36:10,1765762510508,0.732,0.7324,-0.0546,5578.71,0.9059,1.8329,0,0,0.732,0.995,0.731,135519200,0.73,154763800,0.729,112182700,0.728,79159700,0.727,51985500,0.732,26822800,0.733,100841300,0.734,77883000,0.735,79694700,0.736,21979100,144,0
sh513130,09:35:08,1765762511656,09:36:10,1765762510508,0.732,0.7324,-0.0546,5578.71,0.9059,1.8765,0,0,0.732,1.004,0.731,135519200,0.73,154763800,0.729,112182700,0.728,79159700,0.727,51985500,0.732,26822800,0.733,100841300,0.734,77883000,0.735,79694700,0.736,21979100,1148,0
sh513130,09:35:10,1765762512657,09:36:12,1765762512655,0.732,0.7324,-0.0546,5577.76,0.9059,1.7401,1946500,1424794,0.732,1.001,0.732,27947200,0.731,134957600,0.73,154764900,0.729,112048600,0.728,79253700,0.733,98813300,0.734,96881100,0.735,82664700,0.736,21979100,0.737,18593700,2,0
sh513130,09:35:08,1765762513656,09:36:12,1765762512655,0.732,0.7324,-0.0546,5577.76,0.9059,1.8372,0,0,0.732,0.999,0.731,135519200,0.73,154763800,0.729,112182700,0.728,79159700,0.727,51985500,0.732,26822800,0.733,100841300,0.734,77883000,0.735,79694700,0.736,21979100,1001,0
sh513130,09:35:13,1765762514661,09:36:14,1765762514643,0.732,0.7324,-0.0546,5578.1,0.9059,1.7882,2288500,1675138,0.732,1.005,0.732,36171500,0.731,135037700,0.73,152819900,0.729,105466600,0.728,79253700,0.733,100596700,0.734,96881100,0.735,82074700,0.736,21979100,0.737,18593700,18,0
sh513130,09:35:10,1765762515657,09:36:14,1765762514643,0.732,0.7324,-0.0546,5578.1,0.9059,1.5609,0,0,0.732,0.996,0.732,27947200,0.731,134957600,0.73,154764900,0.729,112048600,0.728,79253700,0.733,98813300,0.734,96881100,0.735,82664700,0.736,21979100,0.737,18593700,1014,0
sh513130,09:35:13,1765762516664,09:36:16,1765762516531,0.732,0.7324,-0.0546,5577.87,0.9059,2.0779,342000,250344,0.732,1.007,0.732,36171500,0.731,135037700,0.73,152819900,0.729,105466600,0.728,79253700,0.733,100596700,0.734,96881100,0.735,82074700,0.736,21979100,0.737,18593700,133,0
sh513130,09:35:13,1765762517664,09:36:16,1765762516815,0.732,0.7324,-0.0546,5577.87,0.9059,2.1674,0,0,0.732,1.0,0.732,36171500,0.731,135037700,0.73,152819900,0.729,105466600,0.728,79253700,0.733,100596700,0.734,96881100,0.735,82074700,0.736,21979100,0.737,18593700,849,0
sh513130,09:35:16,1765762518676,09:36:18,1765762518509,0.732,0.7324,-0.0546,5577.3,0.9059,2.7818,12698000,9294954,0.732,1.012,0.731,138362000,0.73,153862600,0.729,105866600,0.728,79263700,0.727,52075800,0.732,11832600,0.733,108085900,0.734,96002300,0.735,83069800,0.736,21979100,167,0
sh513130,09:35:16,1765762519664,09:36:18,1765762518984,0.732,0.7324,-0.0546,5577.3,0.9059,2.6832,0,0,0.732,0.988,0.731,138362000,0.73,153862600,0.729,105866600,0.728,79263700,0.727,52075800,0.732,11832600,0.733,108085900,0.734,96002300,0.735,83069800,0.736,21979100,680,0
sh513130,09:35:16,1765762520668,09:36:20,1765762520461,0.732,0.7324,-0.0546,5576.12,0.9059,4.1187,0,0,0.732,1.004,0.731,138362000,0.73,153862600,0.729,105866600,0.728,79263700,0.727,52075800,0.732,11832600,0.733,108085900,0.734,96002300,0.735,83069800,0.736,21979100,207,0
sh513130,09:35:19,1765762521670,09:36:20,1765762521166,0.732,0.7324,-0.0546,5576.12,0.9059,3.1571,642700,470437,0.732,1.002,0.731,138854200,0.73,153914200,0.729,113262100,0.728,80157300,0.727,52075800,0.732,47126200,0.733,103839700,0.734,76004800,0.735,77669800,0.736,21979100,504,0
sh513130,09:35:19,1765762522675,09:36:22,1765762522463,0.732,0.7324,-0.0546,5577.96,0.9059,2.4335,0,0,0.732,1.005,0.731,138854200,0.73,153914200,0.729,113262100,0.728,80157300,0.727,52075800,0.732,47126200,0.733,103839700,0.734,76004800,0.735,77669800,0.736,21979100,212,0
sh513130,09:35:19,1765762523685,09:36:22,1765762523350,0.732,0.7324,-0.0546,5577.96,0.9059,3.2289,0,0,0.732,1.01,0.731,138854200,0.73,153914200,0.729,113262100,0.728,80157300,0.727,52075800,0.732,47126200,0.733,103839700,0.734,76004800,0.735,77669800,0.736,21979100,335,0
sh513130,09:35:22,1765762524676,09:36:24,1765762524475,0.732,0.7324,-0.0546,5576.87,0.9059,1.35,847000,619584,0.7315,0.99,0.731,139714000,0.73,153909600,0.729,113263100,0.728,86036900,0.727,52175800,0.732,24431400,0.733,110375800,0.734,77004200,0.735,77488300,0.736,21979100,201,0
sh513130,09:35:22,1765762525674,09:36:24,1765762525524,0.732,0.7324,-0.0546,5576.87,0.9059,1.4613,0,0,0.732,0.998,0.731,139714000,0.73,153909600,0.729,113263100,0.728,86036900,0.727,52175800,0.732,24431400,0.733,110375800,0.734,77004200,0.735,77488300,0.736,21979100,150,0
sh513130,09:35:22,1765762526677,09:36:26,1765762526527,0.732,0.7324,-0.0546,5576.05,0.9059,0.264,0,0,0.732,1.003,0.731,139714000,0.73,153909600,0.729,113263100,0.728,86036900,0.727,52175800,0.732,24431400,0.733,110375800,0.734,77004200,0.735,77488300,0.736,21979100,150,0
sh513130,09:35:25,1765762527680,09:36:26,1765762526527,0.732,0.7324,-0.0546,5576.05,0.9059,1.2691,2246000,1643953,0.7319,1.003,0.731,139412500,0.73,154022600,0.729,108273200,0.728,85958800,0.727,52176500,0.732,71204000,0.733,105779600,0.734,75992700,0.735,53493100,0.736,22109100,1153,0
sh513130,09:35:25,1765762528679,09:36:28,1765762528531,0.732,0.7324,-0.0546,5575.68,0.9059,1.8936,0,0,0.732,1.0,0.731,139412500,0.73,154022600,0.729,108273200,0.728,85958800,0.727,52176500,0.732,71204000,0.733,105779600,0.734,75992700,0.735,53493100,0.736,22109100,148,0
sh513130,09:35:25,1765762529680,09:36:28,1765762528531,0.732,0.7324,-0.0546,5575.68,0.9059,1.8143,0,0,0.732,1.0,0.731,139412500,0.73,154022600,0.729,108273200,0.728,85958800,0.727,52176500,0.732,71204000,0.733,105779600,0.734,75992700,0.735,53493100,0.736,22109100,1149,0
sh513130,09:35:28,1765762530677,09:36:30,1765762530536,0.731,0.7324,-0.1912,5575.43,0.9059,0.6111,654500,479061,0.7319,0.997,0.731,139604400,0.73,154082300,0.729,109264200,0.728,86842400,0.727,52176500,0.732,49251200,0.733,105477200,0.734,75992700,0.735,77451800,0.736,22109100,141,0
sh513130,09:35:28,1765762531684,09:36:30,1765762530536,0.731,0.7324,-0.1912,5575.43,0.9059,0.6169,0,0,0.731,1.007,0.731,139604400,0.73,154082300,0.729,109264200,0.728,86842400,0.727,52176500,0.732,49251200,0.733,105477200,0.734,75992700,0.735,77451800,0.736,22109100,1148,0
sh513130,09:35:28,1765762532685,09:36:32,1765762532474,0.731,0.7324,-0.1912,5576.34,0.9059,2.0226,0,0,0.731,1.0,0.731,139604400,0.73,154082300,0.729,109264200,0.728,86842400,0.727,52176500,0.732,49251200,0.733,105477200,0.734,75992700,0.735,77451800,0.736,22109100,211,0
sh513130,09:35:31,1765762533693,09:36:32,1765762532474,0.732,0.7324,-0.0546,5576.34,0.9059,1.973,874200,639844,0.7319,1.008,0.731,142937200,0.73,154147200,0.729,108274200,0.728,87708000,0.727,52186500,0.732,46016900,0.733,105755700,0.734,75696900,0.735,77451800,0.736,22109100,1219,0
sh513130,09:35:31,1765762534691,09:36:34,1765762534510,0.732,0.7324,-0.0546,5575.75,0.9059,3.3359,0,0,0.732,0.998,0.731,142937200,0.73,154147200,0.729,108274200,0.728,87708000,0.727,52186500,0.732,46016900,0.733,105755700,0.734,75696900,0.735,77451800,0.736,22109100,181,0
sh513130,09:35:31,1765762535689,09:36:34,1765762534510,0.732,0.7324,-0.0546,5575.75,0.9059,2.8976,0,0,0.732,0.997,0.731,142937200,0.73,154147200,0.729,108274200,0.728,87708000,0.727,52186500,0.732,46016900,0.733,105755700,0.734,75696900,0.735,77451800,0.736,22109100,1179,0
sh513130,09:35:35,1765762536691,09:36:36,1765762536465,0.732,0.7324,-0.0546,5576.08,0.9059,2.4038,252300,184676,0.732,1.003,0.731,143025500,0.73,154529100,0.729,108387900,0.728,88561600,0.727,52207500,0.732,50865700,0.733,105978600,0.734,75696900,0.735,77451800,0.736,22109100,226,0
sh513130,09:35:35,1765762537694,09:36:36,1765762536465,0.732,0.7324,-0.0546,5576.08,0.9059,1.9532,0,0,0.732,1.003,0.731,143025500,0.73,154529100,0.729,108387900,0.728,88561600,0.727,52207500,0.732,50865700,0.733,105978600,0.734,75696900,0.735,77451800,0.736,22109100,1229,0
sh513130,09:35:35,1765762538694,09:36:38,1765762538526,0.732,0.7324,-0.0546,5577.39,0.9059,1.9136,0,0,0.732,1.0,0.731,143025500,0.73,154529100,0.729,108387900,0.728,88561600,0.727,52207500,0.732,50865700,0.733,105978600,0.734,75696900,0.735,77451800,0.736,22109100,168,0
sh513130,09:35:35,1765762539707,09:36:38,1765762538526,0.732,0.7324,-0.0546,5577.39,0.9059,2.9558,0,0,0.732,1.013,0.731,143025500,0.73,154529100,0.729,108387900,0.728,88561600,0.727,52207500,0.732,50865700,0.733,105978600,0.734,75696900,0.735,77451800,0.736,22109100,1181,0
sh513130,09:35:37,1765762540699,09:36:40,1765762540681,0.732,0.7324,-0.0546,5576.84,0.9059,2.7757,205500,150421,0.732,0.992,0.731,144655700,0.73,154522900,0.729,108485300,0.728,89533200,0.727,52496300,0.732,24579200,0.733,109797500,0.734,76696300,0.735,77484700,0.736,22114100,18,0
sh513130,09:35:40,1765762541698,09:36:40,1765762540681,0.732,0.7324,-0.0546,5576.84,0.9059,4.4323,9150800,6698387,0.732,1.0,0.732,33969800,0.731,143273100,0.73,154357600,0.729,101538800,0.728,84303600,0.733,108184400,0.734,90917500,0.735,85854700,0.736,22114100,0.737,18560600,1017,0
sh513130,09:35:40,1765762542710,09:36:42,1765762542510,0.732,0.7324,-0.0546,5577.55,0.9059,4.2214,0,0,0.732,1.012,0.732,33969800,0.731,143273100,0.73,154357600,0.729,101538800,0.728,84303600,0.733,108184400,0.734,90917500,0.735,85854700,0.736,22114100,0.737,18560600,200,0
sh513130,09:35:40,1765762543699,09:36:42,1765762542862,0.732,0.7324,-0.0546,5577.55,0.9059,3.6433,0,0,0.732,0.989,0.732,33969800,0.731,143273100,0.73,154357600,0.729,101538800,0.728,84303600,0.733,108184400,0.734,90917500,0.735,85854700,0.736,22114100,0.737,18560600,837,0
sh513130,09:35:40,1765762544707,09:36:44,1765762544492,0.732,0.7324,-0.0546,5577.41,0.9059,4.2483,0,0,0.732,1.008,0.732,33969800,0.731,143273100,0.73,154357600,0.729,101538800,0.728,84303600,0.733,108184400,0.734,90917500,0.735,85854700,0.736,22114100,0.737,18560600,215,0
sh513130,09:35:43,1765762545702,09:36:44,1765762545042,0.732,0.7324,-0.0546,5577.41,0.9059,3.9175,475800,348286,0.732,0.995,0.732,28841000,0.731,144123900,0.73,154505100,0.729,101540800,0.728,84304800,0.733,109056800,0.734,91070600,0.735,85964700,0.736,22122100,0.737,18560600,660,0
sh513130,09:35:43,1765762546707,09:36:46,1765762546533,0.732,0.7324,-0.0546,5577.81,0.9059,3.6052,0,0,0.732,1.006,0.732,28841000,0.731,144123900,0.73,154505100,0.729,101540800,0.728,84304800,0.733,109056800,0.734,91070600,0.735,85964700,0.736,22122100,0.737,18560600,174,0
sh513130,09:35:43,1765762547713,09:36:46,1765762547233,0.732,0.7324,-0.0546,5577.81,0.9059,4.4875,0,0,0.732,1.005,0.732,28841000,0.731,144123900,0.73,154505100,0.729,101540800,0.728,84304800,0.733,109056800,0.734,91070600,0.735,85964700,0.736,22122100,0.737,18560600,480,0
sh513130,09:35:46,1765762548711,09:36:48,1765762548493,0.732,0.7323,-0.041,5576.75,0.9059,3.7676,99500,72848,0.7321,0.998,0.732,30259200,0.731,144146800,0.73,154498000,0.729,101562800,0.728,84584500,0.733,111927900,0.734,91097200,0.735,84977700,0.736,22152100,0.737,18570600,218,0
sh513130,09:35:46,1765762549710,09:36:48,1765762549418,0.732,0.7323,-0.041,5576.75,0.9059,3.3249,0,0,0.732,0.999,0.732,30259200,0.731,144146800,0.73,154498000,0.729,101562800,0.728,84584500,0.733,111927900,0.734,91097200,0.735,84977700,0.736,22152100,0.737,18570600,292,0
sh513130,09:35:46,1765762550707,09:36:50,1765762550536,0.732,0.7323,-0.041,5577.73,0.9059,2.5067,0,0,0.732,0.997,0.732,30259200,0.731,144146800,0.73,154498000,0.729,101562800,0.728,84584500,0.733,111927900,0.734,91097200,0.735,84977700,0.736,22152100,0.737,18570600,171,0
sh513130,09:35:49,1765762551721,09:36:50,1765762551575,0.732,0.7323,-0.041,5577.73,0.9059,2.0346,121900,89273,0.7323,1.013,0.732,9361600,0.731,143928800,0.73,154518200,0.729,101169700,0.728,84605000,0.733,112553300,0.734,91229700,0.735,85047700,0.736,22152100,0.737,18570600,146,0
sh513130,09:35:49,1765762552711,09:36:52,1765762552473,0.732,0.7323,-0.041,5577.73,0.9059,2.3673,0,0,0.732,0.991,0.732,9361600,0.731,143928800,0.73,154518200,0.729,101169700,0.728,84605000,0.733,112553300,0.734,91229700,0.735,85047700,0.736,22152100,0.737,18570600,238,0
sh513130,09:35:49,1765762553727,09:36:52,1765762552473,0.732,0.7323,-0.041,5577.73,0.9059,3.1825,0,0,0.732,1.016,0.732,9361600,0.731,143928800,0.73,154518200,0.729,101169700,0.728,84605000,0.733,112553300,0.734,91229700,0.735,85047700,0.736,22152100,0.737,18570600,1254,0
sh513130,09:35:52,1765762554718,09:36:54,1765762554543,0.732,0.7323,-0.041,5577.87,0.9059,3.5463,216000,158166,0.7322,0.991,0.732,39792600,0.731,143334500,0.73,154669600,0.729,101196700,0.728,84649500,0.733,114107600,0.734,91308500,0.735,85047700,0.736,22152100,0.737,18570600,175,0
sh513130,09:35:52,1765762555716,09:36:54,1765762554543,0.732,0.7323,-0.041,5577.87,0.9059,3.1063,0,0,0.732,0.999,0.732,39792600,0.731,143334500,0.73,154669600,0.729,101196700,0.728,84649500,0.733,114107600,0.734,91308500,0.735,85047700,0.736,22152100,0.737,18570600,1173,0
sh513130,09:35:52,1765762556720,09:36:56,1765762556459,0.732,0.7323,-0.041,5577.63,0.9059,2.5689,0,0,0.732,1.003,0.732,39792600,0.731,143334500,0.73,154669600,0.729,101196700,0.728,84649500,0.733,114107600,0.734,91308500,0.735,85047700,0.736,22152100,0.737,18570600,261,0
sh513130,09:35:55,1765762557727,09:36:56,1765762556459,0.732,0.7323,-0.041,5577.63,0.9059,2.9024,5842100,4276473,0.732,1.007,0.732,4793800,0.731,143577700,0.73,154676100,0.729,101495500,0.728,85225500,0.733,115068600,0.734,91308500,0.735,85149600,0.736,22152100,0.737,18556800,1268,0
sh513130,09:35:55,1765762558726,09:36:58,1765762558538,0.732,0.7323,-0.041,5577.85,0.9059,3.1227,0,0,0.732,0.999,0.732,4793800,0.731,143577700,0.73,154676100,0.729,101495500,0.728,85225500,0.733,115068600,0.734,91308500,0.735,85149600,0.736,22152100,0.737,18556800,188,0
sh513130,09:35:55,1765762559730,09:36:58,1765762558538,0.732,0.7323,-0.041,5577.85,0.9059,4.2344,0,0,0.732,1.004,0.732,4793800,0.731,143577700,0.73,154676100,0.729,101495500,0.728,85225500,0.733,115068600,0.734,91308500,0.735,85149600,0.736,22152100,0.737,18556800,1192,0
sh513130,09:35:55,1765762560726,09:37:00,1765762560488,0.732,0.7323,-0.041,5577.44,0.9059,3.9008,0,0,0.732,0.995,0.732,4793800,0.731,143577700,0.73,154676100,0.729,101495500,0.728,85225500,0.733,115068600,0.734,91308500,0.735,85149600,0.736,22152100,0.737,18556800,238,0
sh513130,09:35:58,1765762561735,09:37:00,1765762560488,0.732,0.7323,-0.041,5577.44,0.9059,3.5183,7649500,5599434,0.732,1.01,0.731,138362400,0.73,150457100,0.729,96895500,0.728,85229100,0.727,52673600,0.732,4794800,0.733,105076900,0.734,86309100,0.735,80149600,0.736,22152100,1247,0
sh513130,09:35:58,1765762562730,09:37:02,1765762562532,0.732,0.7323,-0.041,5578.97,0.9059,4.3399,0,0,0.732,0.994,0.731,138362400,0.73,150457100,0.729,96895500,0.728,85229100,0.727,52673600,0.732,4794800,0.733,105076900,0.734,86309100,0.735,80149600,0.736,22152100,198,0
sh513130,09:36:02,1765762563742,09:37:02,1765762563198,0.732,0.7323,-0.041,5578.97,0.9059,4.1494,4368400,3197699,0.732,1.013,0.731,142113600,0.73,150658900,0.729,96898600,0.728,85313100,0.727,52673600,0.732,5807000,0.733,103476100,0.734,90566000,0.735,81383000,0.736,22152100,544,0
sh513130,09:36:02,1765762564734,09:37:04,1765762564711,0.732,0.7323,-0.041,5576.97,0.9059,3.8847,0,0,0.732,0.992,0.731,142113600,0.73,150658900,0.729,96898600,0.728,85313100,0.727,52673600,0.732,5807000,0.733,103476100,0.734,90566000,0.735,81383000,0.736,22152100,23,0
sh513130,09:36:02,1765762565731,09:37:04,1765762564711,0.732,0.7323,-0.041,5576.97,0.9059,5.7088,0,0,0.732,0.997,0.731,142113600,0.73,150658900,0.729,96898600,0.728,85313100,0.727,52673600,0.732,5807000,0.733,103476100,0.734,90566000,0.735,81383000,0.736,22152100,1020,0
sh513130,09:36:02,1765762566760,09:37:06,1765762566476,0.732,0.7323,-0.041,5576.78,0.9059,4.9165,0,0,0.732,1.029,0.731,142113600,0.73,150658900,0.729,96898600,0.728,85313100,0.727,52673600,0.732,5807000,0.733,103476100,0.734,90566000,0.735,81383000,0.736,22152100,284,0
sh513130,09:36:04,1765762567741,09:37:06,1765762566813,0.732,0.7323,-0.041,5576.78,0.9059,4.8561,222000,162497,0.732,0.982,0.731,140831500,0.73,150963400,0.729,96935600,0.728,86184500,0.727,52799700,0.732,105574100,0.733,98445500,0.734,68568200,0.735,41896100,0.736,22152100,928,0
sh513130,09:36:04,1765762568742,09:37:08,1765762568526,0.732,0.7323,-0.041,5575.64,0.9059,5.113,0,0,0.732,1.001,0.731,140831500,0.73,150963400,0.729,96935600,0.728,86184500,0.727,52799700,0.732,105574100,0.733,98445500,0.734,68568200,0.735,41896100,0.736,22152100,216,0
sh513130,09:36:08,1765762569742,09:37:08,1765762568981,0.732,0.7323,-0.041,5575.64,0.9059,4.9016,655500,479826,0.732,1.0,0.731,163863200,0.73,151012200,0.729,96985600,0.728,62994500,0.727,52799800,0.732,57272200,0.733,105896400,0.734,68568200,0.735,76103100,0.736,22202100,761,0
sh513130,09:36:08,1765762570737,09:37:10,1765762570657,0.732,0.7323,-0.041,5576.5,0.9059,5.1433,0,0,0.732,0.994,0.731,163863200,0.73,151012200,0.729,96985600,0.728,62994500,0.727,52799800,0.732,57272200,0.733,105896400,0.734,68568200,0.735,76103100,0.736,22202100,80,0
sh513130,09:36:08,1765762571743,09:37:10,1765762571147,0.732,0.7323,-0.041,5576.5,0.9059,5.725,0,0,0.732,1.007,0.731,163863200,0.73,151012200,0.729,96985600,0.728,62994500,0.727,52799800,0.732,57272200,0.733,105896400,0.734,68568200,0.735,76103100,0.736,22202100,596,0
