symbol,tx_server_time,tx_local_time,bd_server_time,bd_local_time,price,iopv,premium_rate,index_price,fx_rate,sentiment,tick_vol,tick_amt,tick_vwap,interval_s,bp1,bv1,bp2,bv2,bp3,bv3,bp4,bv4,bp5,bv5,sp1,sv1,sp2,sv2,sp3,sv3,sp4,sv4,sp5,sv5,idx_delay_ms,fut_delay_ms,data_flags
sh513130,9:35:35,1.76637E+12,9:36:38,1.76637E+12,0.724,0.7251,-0.1517,5529.34,0.9044,2.8478,0,0,0.724,0,0.723,69474300,0.722,76564100,0.721,59604900,0.72,36544800,0.719,35667100,0.724,47618300,0.725,90351400,0.726,64121900,0.727,50207000,0.728,33490000,656,0,1
sh513130,9:35:38,1.76637E+12,9:36:38,1.76637E+12,0.724,0.7251,-0.1517,5529.34,0.9044,3.4179,64200,46480,0.724,1.054,0.723,74854300,0.722,78103400,0.721,59704900,0.72,31544900,0.719,35545000,0.724,44787000,0.725,94294000,0.726,64123000,0.727,50231000,0.728,33506000,1710,0,0
sh513130,9:35:38,1.76637E+12,9:36:40,1.76637E+12,0.724,0.7251,-0.1517,5528.42,0.9044,3.9408,0,0,0.724,1,0.723,74854300,0.722,78103400,0.721,59704900,0.72,31544900,0.719,35545000,0.724,44787000,0.725,94294000,0.726,64123000,0.727,50231000,0.728,33506000,832,0,0
sh513130,9:35:38,1.76637E+12,9:36:42,1.76637E+12,0.724,0.7251,-0.1517,5529.19,0.9044,3.8702,0,0,0.724,0.85,0.723,74854300,0.722,78103400,0.721,59704900,0.72,31544900,0.719,35545000,0.724,44787000,0.725,94294000,0.726,64123000,0.727,50231000,0.728,33506000,40,0,0
sh513130,9:35:41,1.76637E+12,9:36:42,1.76637E+12,0.724,0.7251,-0.1517,5529.19,0.9044,3.291,5183600,3752906,0.724,1.012,0.723,76203200,0.722,78980800,0.721,59778400,0.72,31554500,0.719,35545000,0.724,28670500,0.725,81647500,0.726,64964600,0.727,50521000,0.728,33516000,979,0,0
sh513130,9:35:41,1.76637E+12,9:36:44,1.76637E+12,0.724,0.7251,-0.1517,5529.53,0.9044,3.2299,0,0,0.724,0.998,0.723,76203200,0.722,78980800,0.721,59778400,0.72,31554500,0.719,35545000,0.724,28670500,0.725,81647500,0.726,64964600,0.727,50521000,0.728,33516000,28,0,0
sh513130,9:35:41,1.76637E+12,9:36:44,1.76637E+12,0.724,0.7251,-0.1517,5529.53,0.9044,3.1696,0,0,0.724,1.004,0.723,76203200,0.722,78980800,0.721,59778400,0.72,31554500,0.719,35545000,0.724,28670500,0.725,81647500,0.726,64964600,0.727,50521000,0.728,33516000,788,0,0
sh513130,9:35:44,1.76637E+12,9:36:46,1.76637E+12,0.724,0.7244,-0.0552,5529.79,0.9044,2.8705,34504400,24981185,0.724,1.002,0.724,33300900,0.723,81424200,0.722,78862200,0.721,58818400,0.72,31282200,0.725,82344300,0.726,65964600,0.727,50928700,0.728,48517000,0.729,29430600,64,0,0
sh513130,9:35:44,1.76637E+12,9:36:46,1.76637E+12,0.724,0.7244,-0.0552,5529.79,0.9044,4.6113,0,0,0.724,1,0.724,33300900,0.723,81424200,0.722,78862200,0.721,58818400,0.72,31282200,0.725,82344300,0.726,65964600,0.727,50928700,0.728,48517000,0.729,29430600,587,0,0
sh513130,9:35:44,1.76637E+12,9:36:48,1.76637E+12,0.724,0.7244,-0.0552,5530.51,0.9044,4.1272,0,0,0.724,0.984,0.724,33300900,0.723,81424200,0.722,78862200,0.721,58818400,0.72,31282200,0.725,82344300,0.726,65964600,0.727,50928700,0.728,48517000,0.729,29430600,55,0,0
sh513130,9:35:47,1.76637E+12,9:36:48,1.76637E+12,0.724,0.7244,-0.0552,5530.51,0.9044,4.0541,171600,124239,0.724,1.026,0.724,33667900,0.723,83886900,0.722,79739500,0.721,56498400,0.72,31285500,0.725,95415000,0.726,66014800,0.727,57908700,0.728,33522500,0.729,29455600,398,0,0
sh513130,9:35:47,1.76637E+12,9:36:50,1.76637E+12,0.724,0.7244,-0.0552,5530.63,0.9044,4.0303,0,0,0.724,0.979,0.724,33667900,0.723,83886900,0.722,79739500,0.721,56498400,0.72,31285500,0.725,95415000,0.726,66014800,0.727,57908700,0.728,33522500,0.729,29455600,44,0,0
sh513130,9:35:47,1.76637E+12,9:36:50,1.76637E+12,0.724,0.7244,-0.0552,5530.63,0.9044,3.6055,0,0,0.724,1.019,0.724,33667900,0.723,83886900,0.722,79739500,0.721,56498400,0.72,31285500,0.725,95415000,0.726,66014800,0.727,57908700,0.728,33522500,0.729,29455600,193,0,0
sh513130,9:35:50,1.76637E+12,9:36:52,1.76637E+12,0.724,0.7251,-0.1517,5530.59,0.9044,3.6043,399000,288881,0.724,0.974,0.724,28179800,0.723,83357300,0.722,79681200,0.721,56924400,0.72,31285500,0.725,95639200,0.726,66087800,0.727,57904100,0.728,33530500,0.729,29455600,35,0,0
sh513130,9:35:50,1.76637E+12,9:36:52,1.76637E+12,0.724,0.7251,-0.1517,5530.59,0.9044,3.6043,0,0,0.724,1.022,0.724,28179800,0.723,83357300,0.722,79681200,0.721,56924400,0.72,31285500,0.725,95639200,0.726,66087800,0.727,57904100,0.728,33530500,0.729,29455600,1057,0,0
sh513130,9:35:50,1.76637E+12,9:36:54,1.76637E+12,0.724,0.7251,-0.1517,5529.91,0.9044,5.7088,0,0,0.724,0.995,0.724,28179800,0.723,83357300,0.722,79681200,0.721,56924400,0.72,31285500,0.725,95639200,0.726,66087800,0.727,57904100,0.728,33530500,0.729,29455600,20,0,0
sh513130,9:35:53,1.76637E+12,9:36:54,1.76637E+12,0.724,0.7251,-0.1517,5529.91,0.9044,5.6206,194300,140696,0.7241,1.016,0.724,29903000,0.723,83816700,0.722,81411500,0.721,56924400,0.72,31287500,0.725,95669200,0.726,66090800,0.727,57904100,0.728,33530500,0.729,29455800,1036,0,0
sh513130,9:35:53,1.76637E+12,9:36:56,1.76637E+12,0.724,0.7251,-0.1517,5530.68,0.9044,5.606,0,0,0.724,0.982,0.724,29903000,0.723,83816700,0.722,81411500,0.721,56924400,0.72,31287500,0.725,95669200,0.726,66090800,0.727,57904100,0.728,33530500,0.729,29455800,61,0,0
sh513130,9:35:53,1.76637E+12,9:36:56,1.76637E+12,0.724,0.7251,-0.1517,5530.68,0.9044,5.6601,0,0,0.724,1.008,0.724,29903000,0.723,83816700,0.722,81411500,0.721,56924400,0.72,31287500,0.725,95669200,0.726,66090800,0.727,57904100,0.728,33530500,0.729,29455800,1070,0,0
sh513130,9:35:56,1.76637E+12,9:36:58,1.76637E+12,0.724,0.7251,-0.1517,5531.44,0.9044,5.5297,1329800,962908,0.7241,1.005,0.724,42419300,0.723,84184400,0.722,81692700,0.721,49534400,0.72,31667400,0.725,96019200,0.726,66085800,0.727,58994100,0.728,33530500,0.729,29561300,81,0,0
sh513130,9:35:56,1.76637E+12,9:36:58,1.76637E+12,0.724,0.7251,-0.1517,5531.44,0.9044,5.5163,0,0,0.724,0.999,0.724,42419300,0.723,84184400,0.722,81692700,0.721,49534400,0.72,31667400,0.725,96019200,0.726,66085800,0.727,58994100,0.728,33530500,0.729,29561300,1080,0,0
sh513130,9:35:56,1.76637E+12,9:37:00,1.76637E+12,0.724,0.7251,-0.1517,5530.58,0.9044,5.448,0,0,0.724,1,0.724,42419300,0.723,84184400,0.722,81692700,0.721,49534400,0.72,31667400,0.725,96019200,0.726,66085800,0.727,58994100,0.728,33530500,0.729,29561300,45,0,0
sh513130,9:35:59,1.76637E+12,9:37:00,1.76637E+12,0.725,0.7251,-0.0138,5530.58,0.9044,6.9922,223200,161781,0.7248,0.996,0.724,43595600,0.723,84878100,0.722,81684700,0.721,50013000,0.72,31677400,0.725,97198400,0.726,66244200,0.727,58994100,0.728,33532500,0.729,29561300,918,0,0
sh513130,9:35:59,1.76637E+12,9:37:02,1.76637E+12,0.725,0.7251,-0.0138,5530.12,0.9044,7.4054,0,0,0.725,1.006,0.724,43595600,0.723,84878100,0.722,81684700,0.721,50013000,0.72,31677400,0.725,97198400,0.726,66244200,0.727,58994100,0.728,33532500,0.729,29561300,42,0,0
sh513130,9:36:02,1.76637E+12,9:37:02,1.76637E+12,0.725,0.7251,-0.0138,5530.12,0.9044,6.2419,656700,475526,0.7241,1,0.724,39742800,0.723,85131900,0.722,81482200,0.721,50509300,0.72,31652900,0.725,85874400,0.726,66321600,0.727,58005100,0.728,48555800,0.729,29566500,1043,0,0
sh513130,9:36:02,1.76637E+12,9:37:04,1.76637E+12,0.725,0.7251,-0.0138,5531.24,0.9044,6.2543,0,0,0.725,1.005,0.724,39742800,0.723,85131900,0.722,81482200,0.721,50509300,0.72,31652900,0.725,85874400,0.726,66321600,0.727,58005100,0.728,48555800,0.729,29566500,102,0,0
sh513130,9:36:02,1.76637E+12,9:37:04,1.76637E+12,0.725,0.7251,-0.0138,5531.24,0.9044,6.0588,0,0,0.725,0.994,0.724,39742800,0.723,85131900,0.722,81482200,0.721,50509300,0.72,31652900,0.725,85874400,0.726,66321600,0.727,58005100,0.728,48555800,0.729,29566500,964,0,0
sh513130,9:36:02,1.76637E+12,9:37:06,1.76637E+12,0.725,0.7251,-0.0138,5531.77,0.9044,5.9763,0,0,0.725,1.003,0.724,39742800,0.723,85131900,0.722,81482200,0.721,50509300,0.72,31652900,0.725,85874400,0.726,66321600,0.727,58005100,0.728,48555800,0.729,29566500,1,0,0
sh513130,9:36:05,1.76637E+12,9:37:06,1.76637E+12,0.724,0.7251,-0.1517,5531.77,0.9044,5.8027,110300,79886,0.7243,0.989,0.724,42562500,0.723,85787800,0.722,81458000,0.721,50499300,0.72,31612900,0.725,83677800,0.726,66321600,0.727,58995100,0.728,48555800,0.729,29570500,754,0,0
sh513130,9:36:05,1.76637E+12,9:37:08,1.76637E+12,0.724,0.7251,-0.1517,5531.91,0.9044,4.5674,0,0,0.724,1.025,0.724,42562500,0.723,85787800,0.722,81458000,0.721,50499300,0.72,31612900,0.725,83677800,0.726,66321600,0.727,58995100,0.728,48555800,0.729,29570500,7,0,0
sh513130,9:36:08,1.76637E+12,9:37:08,1.76637E+12,0.724,0.7251,-0.1517,5531.91,0.9044,4.2986,137800,99789,0.7242,0.977,0.724,39385000,0.723,85846600,0.722,81378800,0.721,53948900,0.72,31589800,0.725,100470400,0.726,67194100,0.727,58005100,0.728,33551800,0.729,29571500,561,0,0
sh513130,9:36:08,1.76637E+12,9:37:10,1.76637E+12,0.724,0.7251,-0.1517,5531.27,0.9044,4.0516,0,0,0.724,1.004,0.724,39385000,0.723,85846600,0.722,81378800,0.721,53948900,0.72,31589800,0.725,100470400,0.726,67194100,0.727,58005100,0.728,33551800,0.729,29571500,78,0,0
sh513130,9:36:08,1.76637E+12,9:37:10,1.76637E+12,0.724,0.7251,-0.1517,5531.27,0.9044,3.7689,0,0,0.724,1.005,0.724,39385000,0.723,85846600,0.722,81378800,0.721,53948900,0.72,31589800,0.725,100470400,0.726,67194100,0.727,58005100,0.728,33551800,0.729,29571500,379,0,0
sh513130,9:36:08,1.76637E+12,9:37:12,1.76637E+12,0.724,0.7251,-0.1517,5531.93,0.9044,4.0103,0,0,0.724,1.011,0.724,39385000,0.723,85846600,0.722,81378800,0.721,53948900,0.72,31589800,0.725,100470400,0.726,67194100,0.727,58005100,0.728,33551800,0.729,29571500,67,0,0
sh513130,9:36:11,1.76637E+12,9:37:12,1.76637E+12,0.724,0.7251,-0.1517,5531.93,0.9044,4.2777,91800,66524,0.7247,0.997,0.724,44878600,0.723,86419600,0.722,81390400,0.721,50948900,0.72,31589800,0.725,85478400,0.726,68071600,0.727,58120200,0.728,48552800,0.729,29600000,187,0,0
sh513130,9:36:11,1.76637E+12,9:37:14,1.76637E+12,0.724,0.7251,-0.1517,5532.04,0.9044,3.5373,0,0,0.724,1.008,0.724,44878600,0.723,86419600,0.722,81390400,0.721,50948900,0.72,31589800,0.725,85478400,0.726,68071600,0.727,58120200,0.728,48552800,0.729,29600000,0,0,0
sh513130,9:36:11,1.76637E+12,9:37:14,1.76637E+12,0.724,0.7251,-0.1517,5532.04,0.9044,3.1444,0,0,0.724,1.049,0.724,44878600,0.723,86419600,0.722,81390400,0.721,50948900,0.72,31589800,0.725,85478400,0.726,68071600,0.727,58120200,0.728,48552800,0.729,29600000,33,0,0
sh513130,9:36:14,1.76637E+12,9:37:16,1.76637E+12,0.725,0.7251,-0.0138,5531.87,0.9044,3.0856,676700,490453,0.7248,0.957,0.724,45198600,0.723,87095300,0.722,81421600,0.721,50945400,0.72,31671800,0.725,84342600,0.726,68975100,0.727,59110200,0.728,48566600,0.729,29600000,61,0,0
sh513130,9:36:14,1.76637E+12,9:37:16,1.76637E+12,0.725,0.7251,-0.0138,5531.87,0.9044,3.0431,0,0,0.725,1.095,0.724,45198600,0.723,87095300,0.722,81421600,0.721,50945400,0.72,31671800,0.725,84342600,0.726,68975100,0.727,59110200,0.728,48566600,0.729,29600000,1156,0,0
sh513130,9:36:14,1.76637E+12,9:37:18,1.76637E+12,0.725,0.7251,-0.0138,5532.3,0.9044,3.0431,0,0,0.725,0.906,0.724,45198600,0.723,87095300,0.722,81421600,0.721,50945400,0.72,31671800,0.725,84342600,0.726,68975100,0.727,59110200,0.728,48566600,0.729,29600000,3,0,0
sh513130,9:36:17,1.76637E+12,9:37:18,1.76637E+12,0.724,0.7251,-0.1517,5532.3,0.9044,3.5162,130600,94651,0.7247,1.151,0.724,39068400,0.723,87364300,0.722,81432100,0.721,57325400,0.72,31658000,0.725,85691600,0.726,70006000,0.727,58182300,0.728,33566600,0.729,29600000,1154,0,0
sh513130,9:36:17,1.76637E+12,9:37:20,1.76637E+12,0.724,0.7251,-0.1517,5531.41,0.9044,3.5117,0,0,0.724,0.846,0.724,39068400,0.723,87364300,0.722,81432100,0.721,57325400,0.72,31658000,0.725,85691600,0.726,70006000,0.727,58182300,0.728,33566600,0.729,29600000,159,0,0
sh513130,9:36:20,1.76637E+12,9:37:20,1.76637E+12,0.725,0.7251,-0.0138,5531.41,0.9044,4.1125,247900,179662,0.7247,1.213,0.724,45647300,0.723,86989100,0.722,81481700,0.721,50945400,0.72,31658000,0.725,85688300,0.726,71187600,0.727,58212400,0.728,48568600,0.729,29602000,1054,0,0
sh513130,9:36:20,1.76637E+12,9:37:22,1.76637E+12,0.725,0.7251,-0.0138,5529.88,0.9044,4.0848,0,0,0.725,0.795,0.724,45647300,0.723,86989100,0.722,81481700,0.721,50945400,0.72,31658000,0.725,85688300,0.726,71187600,0.727,58212400,0.728,48568600,0.729,29602000,74,0,0
sh513130,9:36:20,1.76637E+12,9:37:22,1.76637E+12,0.725,0.7251,-0.0138,5529.88,0.9044,4.0848,0,0,0.725,0.994,0.724,45647300,0.723,86989100,0.722,81481700,0.721,50945400,0.72,31658000,0.725,85688300,0.726,71187600,0.727,58212400,0.728,48568600,0.729,29602000,1068,0,0
sh513130,9:36:20,1.76637E+12,9:37:24,1.76637E+12,0.725,0.7251,-0.0138,5530.58,0.9044,4.2754,0,0,0.725,1.131,0.724,45647300,0.723,86989100,0.722,81481700,0.721,50945400,0.72,31658000,0.725,85688300,0.726,71187600,0.727,58212400,0.728,48568600,0.729,29602000,0,0,0
sh513130,9:36:23,1.76637E+12,9:37:24,1.76637E+12,0.725,0.7251,-0.0138,5530.58,0.9044,5.4963,835400,604891,0.7241,1.262,0.724,39443100,0.723,87091300,0.722,81627800,0.721,58335400,0.72,31658000,0.725,101819300,0.726,72024900,0.727,58225400,0.728,33568600,0.729,29613000,1262,0,0
sh513130,9:36:23,1.76637E+12,9:37:26,1.76637E+12,0.725,0.7251,-0.0138,5531.3,0.9044,5.4095,0,0,0.725,0.609,0.724,39443100,0.723,87091300,0.722,81627800,0.721,58335400,0.72,31658000,0.725,101819300,0.726,72024900,0.727,58225400,0.728,33568600,0.729,29613000,31,0,0
sh513130,9:36:23,1.76637E+12,9:37:26,1.76637E+12,0.725,0.7251,-0.0138,5531.3,0.9044,5.8797,0,0,0.725,1.131,0.724,39443100,0.723,87091300,0.722,81627800,0.721,58335400,0.72,31658000,0.725,101819300,0.726,72024900,0.727,58225400,0.728,33568600,0.729,29613000,1161,0,0
sh513130,9:36:26,1.76637E+12,9:37:28,1.76637E+12,0.724,0.7251,-0.1517,5532.82,0.9044,5.8624,380300,275648,0.7248,0.945,0.724,53092100,0.723,87218100,0.722,82006600,0.721,45955400,0.72,31658000,0.725,101137600,0.726,72967400,0.727,59225600,0.728,33571600,0.729,29636400,138,0,0
sh513130,9:36:26,1.76637E+12,9:37:28,1.76637E+12,0.724,0.7251,-0.1517,5532.82,0.9044,5.7735,0,0,0.724,1.14,0.724,53092100,0.723,87218100,0.722,82006600,0.721,45955400,0.72,31658000,0.725,101137600,0.726,72967400,0.727,59225600,0.728,33571600,0.729,29636400,1056,0,0
sh513130,9:36:26,1.76637E+12,9:37:30,1.76637E+12,0.724,0.7251,-0.1517,5532.94,0.9044,5.9493,0,0,0.724,0.787,0.724,53092100,0.723,87218100,0.722,82006600,0.721,45955400,0.72,31658000,0.725,101137600,0.726,72967400,0.727,59225600,0.728,33571600,0.729,29636400,67,0,0
sh513130,9:36:29,1.76637E+12,9:37:30,1.76637E+12,0.725,0.7251,-0.0138,5532.94,0.9044,5.4078,132800,96215,0.7245,1.19,0.724,53329700,0.723,86979000,0.722,82006400,0.721,45460400,0.72,31892400,0.725,101936300,0.726,73928700,0.727,59228600,0.728,33571600,0.729,29657700,838,0,0
sh513130,9:36:29,1.76637E+12,9:37:32,1.76637E+12,0.725,0.7251,-0.0138,5532.48,0.9044,5.0042,0,0,0.725,0.807,0.724,53329700,0.723,86979000,0.722,82006400,0.721,45460400,0.72,31892400,0.725,101936300,0.726,73928700,0.727,59228600,0.728,33571600,0.729,29657700,61,0,0
sh513130,9:36:29,1.76637E+12,9:37:32,1.76637E+12,0.725,0.7251,-0.0138,5532.48,0.9044,5.0042,0,0,0.725,1.274,0.724,53329700,0.723,86979000,0.722,82006400,0.721,45460400,0.72,31892400,0.725,101936300,0.726,73928700,0.727,59228600,0.728,33571600,0.729,29657700,700,0,0
sh513130,9:36:32,1.76637E+12,9:37:34,1.76637E+12,0.725,0.7251,-0.0138,5532.64,0.9044,4.9213,162900,118002,0.7244,0.784,0.724,60054800,0.723,92363500,0.722,86912000,0.721,45460400,0.72,31942400,0.725,103036400,0.726,74856200,0.727,59403900,0.728,33571600,0.729,30494000,103,0,0
sh513130,9:36:32,1.76637E+12,9:37:34,1.76637E+12,0.725,0.7251,-0.0138,5532.64,0.9044,6.8083,0,0,0.725,1.159,0.724,60054800,0.723,92363500,0.722,86912000,0.721,45460400,0.72,31942400,0.725,103036400,0.726,74856200,0.727,59403900,0.728,33571600,0.729,30494000,344,0,0
sh513130,9:36:32,1.76637E+12,9:37:36,1.76637E+12,0.725,0.7251,-0.0138,5531.55,0.9044,6.8083,0,0,0.725,0.801,0.724,60054800,0.723,92363500,0.722,86912000,0.721,45460400,0.72,31942400,0.725,103036400,0.726,74856200,0.727,59403900,0.728,33571600,0.729,30494000,41,0,0
sh513130,9:36:35,1.76637E+12,9:37:36,1.76637E+12,0.725,0.7251,-0.0138,5531.55,0.9044,5.7957,423000,306345,0.7242,1.071,0.724,55146000,0.723,93223700,0.722,86905400,0.721,50460400,0.72,31941900,0.725,103612200,0.726,75793600,0.727,59346800,0.728,33656700,0.729,30493800,34,0,0
sh513130,9:36:35,1.76637E+12,9:37:38,1.76637E+12,0.725,0.7251,-0.0138,5533.86,0.9044,6.276,0,0,0.725,0.934,0.724,55146000,0.723,93223700,0.722,86905400,0.721,50460400,0.72,31941900,0.725,103612200,0.726,75793600,0.727,59346800,0.728,33656700,0.729,30493800,117,0,0
sh513130,9:36:38,1.76637E+12,9:37:38,1.76637E+12,0.725,0.7251,-0.0138,5533.86,0.9044,5.6475,160600,116373,0.7246,1.008,0.724,61643300,0.723,93156700,0.722,86903900,0.721,45460400,0.72,31863000,0.725,103772100,0.726,76683100,0.727,59714900,0.728,33689700,0.729,30396800,1125,0,0
sh513130,9:36:38,1.76637E+12,9:37:40,1.76637E+12,0.725,0.7251,-0.0138,5532.09,0.9044,5.5815,0,0,0.725,1.031,0.724,61643300,0.723,93156700,0.722,86903900,0.721,45460400,0.72,31863000,0.725,103772100,0.726,76683100,0.727,59714900,0.728,33689700,0.729,30396800,58,0,0
sh513130,9:36:38,1.76637E+12,9:37:40,1.76637E+12,0.725,0.7251,-0.0138,5532.09,0.9044,5.0237,0,0,0.725,1.116,0.724,61643300,0.723,93156700,0.722,86903900,0.721,45460400,0.72,31863000,0.725,103772100,0.726,76683100,0.727,59714900,0.728,33689700,0.729,30396800,1174,0,0
sh513130,9:36:41,1.76637E+12,9:37:42,1.76637E+12,0.725,0.7251,-0.0138,5532.39,0.9044,5.0101,833300,603443,0.7242,0.847,0.724,48786500,0.723,93655800,0.722,86964800,0.721,57835400,0.72,31920300,0.725,104652800,0.726,77076600,0.727,59914900,0.728,33695900,0.729,30403800,78,0,0
sh513130,9:36:41,1.76637E+12,9:37:42,1.76637E+12,0.725,0.7251,-0.0138,5532.39,0.9044,4.9271,0,0,0.725,1.155,0.724,48786500,0.723,93655800,0.722,86964800,0.721,57835400,0.72,31920300,0.725,104652800,0.726,77076600,0.727,59914900,0.728,33695900,0.729,30403800,1234,0,0
sh513130,9:36:41,1.76637E+12,9:37:44,1.76637E+12,0.725,0.7251,-0.0138,5532.59,0.9044,5.0311,0,0,0.725,0.845,0.724,48786500,0.723,93655800,0.722,86964800,0.721,57835400,0.72,31920300,0.725,104652800,0.726,77076600,0.727,59914900,0.728,33695900,0.729,30403800,66,0,0
sh513130,9:36:41,1.76637E+12,9:37:44,1.76637E+12,0.725,0.7251,-0.0138,5532.59,0.9044,4.4182,0,0,0.725,1.234,0.724,48786500,0.723,93655800,0.722,86964800,0.721,57835400,0.72,31920300,0.725,104652800,0.726,77076600,0.727,59914900,0.728,33695900,0.729,30403800,1300,0,0
sh513130,9:36:44,1.76637E+12,9:37:46,1.76637E+12,0.725,0.7251,-0.0138,5532.27,0.9044,4.3638,507000,367519,0.7249,0.788,0.724,49447800,0.723,93656600,0.722,86963300,0.721,57835400,0.72,31952800,0.725,104573200,0.726,77297800,0.727,59919900,0.728,33745900,0.729,30403800,118,0,0
sh513130,9:36:44,1.76637E+12,9:37:46,1.76637E+12,0.725,0.7251,-0.0138,5532.27,0.9044,4.3909,0,0,0.725,1.176,0.724,49447800,0.723,93656600,0.722,86963300,0.721,57835400,0.72,31952800,0.725,104573200,0.726,77297800,0.727,59919900,0.728,33745900,0.729,30403800,1294,0,0
sh513130,9:36:44,1.76637E+12,9:37:48,1.76637E+12,0.725,0.7251,-0.0138,5532.01,0.9044,4.3909,0,0,0.725,0.817,0.724,49447800,0.723,93656600,0.722,86963300,0.721,57835400,0.72,31952800,0.725,104573200,0.726,77297800,0.727,59919900,0.728,33745900,0.729,30403800,101,0,0
sh513130,9:36:47,1.76637E+12,9:37:48,1.76637E+12,0.725,0.7251,-0.0138,5532.01,0.9044,3.7636,819700,594224,0.7249,0.999,0.724,49432500,0.723,93518100,0.722,86943300,0.721,57835400,0.72,31952800,0.725,104159700,0.726,77739900,0.727,60012700,0.728,33747900,0.729,30403800,1100,0,0
sh513130,9:36:47,1.76637E+12,9:37:50,1.76637E+12,0.725,0.7251,-0.0138,5532.47,0.9044,3.6954,0,0,0.725,1.146,0.724,49432500,0.723,93518100,0.722,86943300,0.721,57835400,0.72,31952800,0.725,104159700,0.726,77739900,0.727,60012700,0.728,33747900,0.729,30403800,0,0,0
sh513130,9:36:50,1.76637E+12,9:37:50,1.76637E+12,0.724,0.725,-0.1379,5532.47,0.9044,3.6954,179400,130044,0.7249,0.95,0.724,42219500,0.723,93514700,0.722,86948200,0.721,57827800,0.72,31952800,0.725,104308200,0.726,77791400,0.727,60012700,0.728,33784900,0.729,30403800,951,0,0
sh513130,9:36:50,1.76637E+12,9:37:52,1.76637E+12,0.724,0.725,-0.1379,5532.76,0.9044,3.4848,0,0,0.724,0.921,0.724,42219500,0.723,93514700,0.722,86948200,0.721,57827800,0.72,31952800,0.725,104308200,0.726,77791400,0.727,60012700,0.728,33784900,0.729,30403800,112,0,0
sh513130,9:36:50,1.76637E+12,9:37:52,1.76637E+12,0.724,0.725,-0.1379,5532.76,0.9044,3.4686,0,0,0.724,1.221,0.724,42219500,0.723,93514700,0.722,86948200,0.721,57827800,0.72,31952800,0.725,104308200,0.726,77791400,0.727,60012700,0.728,33784900,0.729,30403800,989,0,0
sh513130,9:36:53,1.76637E+12,9:37:54,1.76637E+12,0.725,0.725,0,5532.94,0.9044,2.5166,492900,357332,0.725,0.763,0.724,48730500,0.723,93866600,0.722,87083200,0.721,57817800,0.72,31952800,0.725,104928100,0.726,77890200,0.727,59992700,0.728,33804900,0.729,30403800,128,0,0
sh513130,9:36:50,1.76637E+12,9:37:54,1.76637E+12,0.724,0.725,-0.1379,5532.94,0.9044,2.1482,0,0,0.724,1.232,0.724,42219500,0.723,93514700,0.722,86948200,0.721,57827800,0.72,31952800,0.725,104308200,0.726,77791400,0.727,60012700,0.728,33784900,0.729,30403800,799,0,1
sh513130,9:36:53,1.76637E+12,9:37:56,1.76637E+12,0.725,0.725,0,5531.59,0.9044,2.1082,492900,357332,0.725,0.987,0.724,48730500,0.723,93866600,0.722,87083200,0.721,57817800,0.72,31952800,0.725,104928100,0.726,77890200,0.727,59992700,0.728,33804900,0.729,30403800,162,0,0
sh513130,9:36:53,1.76637E+12,9:37:56,1.76637E+12,0.725,0.725,0,5531.59,0.9044,2.083,0,0,0.725,0.786,0.724,48730500,0.723,93866600,0.722,87083200,0.721,57817800,0.72,31952800,0.725,104928100,0.726,77890200,0.727,59992700,0.728,33804900,0.729,30403800,381,0,0
sh513130,9:36:56,1.76637E+12,9:37:58,1.76637E+12,0.725,0.7251,-0.0138,5532.79,0.9044,1.83,578300,418717,0.724,1.243,0.724,42916600,0.723,93758400,0.722,87083200,0.721,57817800,0.72,31957800,0.725,106211700,0.726,77675200,0.727,59045700,0.728,33817000,0.729,30523800,380,0,0
sh513130,9:36:56,1.76637E+12,9:37:58,1.76637E+12,0.725,0.7251,-0.0138,5532.79,0.9044,4.2196,0,0,0.725,0.769,0.724,42916600,0.723,93758400,0.722,87083200,0.721,57817800,0.72,31957800,0.725,106211700,0.726,77675200,0.727,59045700,0.728,33817000,0.729,30523800,110,0,0
sh513130,9:36:59,1.76637E+12,9:38:00,1.76637E+12,0.724,0.7251,-0.1517,5531.39,0.9044,4.2183,1108600,803120,0.7244,1.117,0.724,48043800,0.723,94699800,0.722,87216400,0.721,57817800,0.72,31957800,0.725,104891800,0.726,77775200,0.727,59050300,0.728,33844000,0.729,30523800,176,0,0
sh513130,9:36:59,1.76637E+12,9:38:00,1.76637E+12,0.724,0.7251,-0.1517,5531.39,0.9044,4.1633,0,0,0.724,0.902,0.724,48043800,0.723,94699800,0.722,87216400,0.721,57817800,0.72,31957800,0.725,104891800,0.726,77775200,0.727,59050300,0.728,33844000,0.729,30523800,6,0,0
sh513130,9:36:59,1.76637E+12,9:38:02,1.76637E+12,0.724,0.7251,-0.1517,5531.6,0.9044,3.8004,0,0,0.724,1.076,0.724,48043800,0.723,94699800,0.722,87216400,0.721,57817800,0.72,31957800,0.725,104891800,0.726,77775200,0.727,59050300,0.728,33844000,0.729,30523800,197,0,0
sh513130,9:36:59,1.76637E+12,9:38:02,1.76637E+12,0.724,0.7251,-0.1517,5531.6,0.9044,3.0814,0,0,0.724,0.918,0.724,48043800,0.723,94699800,0.722,87216400,0.721,57817800,0.72,31957800,0.725,104891800,0.726,77775200,0.727,59050300,0.728,33844000,0.729,30523800,1115,0,0
sh513130,9:37:02,1.76637E+12,9:38:04,1.76637E+12,0.724,0.7251,-0.1517,5532.91,0.9044,3.4008,126300,91552,0.7249,1.245,0.724,48253000,0.723,96109700,0.722,87240300,0.721,57747600,0.72,31989400,0.725,105559000,0.726,77775200,0.727,59051300,0.728,34131400,0.729,30524300,357,0,0
sh513130,9:37:02,1.76637E+12,9:38:04,1.76637E+12,0.724,0.7251,-0.1517,5532.91,0.9044,3.6154,0,0,0.724,0.739,0.724,48253000,0.723,96109700,0.722,87240300,0.721,57747600,0.72,31989400,0.725,105559000,0.726,77775200,0.727,59051300,0.728,34131400,0.729,30524300,1096,0,0
sh513130,9:37:05,1.76637E+12,9:38:06,1.76637E+12,0.724,0.7251,-0.1517,5532.92,0.9044,3.5818,81900,59336,0.7245,1.102,0.724,48996600,0.723,97941500,0.722,87240300,0.721,57747600,0.72,31988400,0.725,105861800,0.726,77851300,0.727,59147600,0.728,34227300,0.729,30524300,201,0,0
sh513130,9:37:05,1.76637E+12,9:38:06,1.76637E+12,0.724,0.7251,-0.1517,5532.92,0.9044,3.5818,0,0,0.724,0.914,0.724,48996600,0.723,97941500,0.722,87240300,0.721,57747600,0.72,31988400,0.725,105861800,0.726,77851300,0.727,59147600,0.728,34227300,0.729,30524300,1115,0,0
sh513130,9:37:05,1.76637E+12,9:38:08,1.76637E+12,0.724,0.7251,-0.1517,5534.87,0.9044,6.3525,0,0,0.724,1,0.724,48996600,0.723,97941500,0.722,87240300,0.721,57747600,0.72,31988400,0.725,105861800,0.726,77851300,0.727,59147600,0.728,34227300,0.729,30524300,165,0,0
sh513130,9:37:05,1.76637E+12,9:38:08,1.76637E+12,0.724,0.7251,-0.1517,5534.87,0.9044,6.3525,0,0,0.724,0.992,0.724,48996600,0.723,97941500,0.722,87240300,0.721,57747600,0.72,31988400,0.725,105861800,0.726,77851300,0.727,59147600,0.728,34227300,0.729,30524300,1158,0,0
sh513130,9:37:08,1.76637E+12,9:38:10,1.76637E+12,0.725,0.7251,-0.0138,5533.72,0.9044,6.1719,101600,73627,0.7247,1.014,0.724,70061600,0.723,91531600,0.722,87222200,0.721,42732200,0.72,32062500,0.725,105250200,0.726,77793400,0.727,60161600,0.728,34227300,0.729,30551800,107,0,0
sh513130,9:37:08,1.76637E+12,9:38:10,1.76637E+12,0.725,0.7251,-0.0138,5533.72,0.9044,6.0819,0,0,0.725,0.995,0.724,70061600,0.723,91531600,0.722,87222200,0.721,42732200,0.72,32062500,0.725,105250200,0.726,77793400,0.727,60161600,0.728,34227300,0.729,30551800,1102,0,0
sh513130,9:37:08,1.76637E+12,9:38:12,1.76637E+12,0.725,0.7251,-0.0138,5534.8,0.9044,5.9922,0,0,0.725,1.239,0.724,70061600,0.723,91531600,0.722,87222200,0.721,42732200,0.72,32062500,0.725,105250200,0.726,77793400,0.727,60161600,0.728,34227300,0.729,30551800,176,0,0
sh513130,9:37:11,1.76637E+12,9:38:12,1.76637E+12,0.725,0.7251,-0.0138,5534.8,0.9044,4.8025,32600,23622,0.7246,0.794,0.724,70116700,0.723,92622600,0.722,87208100,0.721,35407800,0.72,32076500,0.725,105291900,0.726,77793400,0.727,60176600,0.728,34280200,0.729,30551800,970,0,0
sh513130,9:37:11,1.76637E+12,9:38:14,1.76637E+12,0.725,0.7251,-0.0138,5534.79,0.9044,4.3225,0,0,0.725,0.98,0.724,70116700,0.723,92622600,0.722,87208100,0.721,35407800,0.72,32076500,0.725,105291900,0.726,77793400,0.727,60176600,0.728,34280200,0.729,30551800,183,0,0
sh513130,9:37:11,1.76637E+12,9:38:14,1.76637E+12,0.725,0.7251,-0.0138,5534.79,0.9044,4.7741,0,0,0.725,1.009,0.724,70116700,0.723,92622600,0.722,87208100,0.721,35407800,0.72,32076500,0.725,105291900,0.726,77793400,0.727,60176600,0.728,34280200,0.729,30551800,787,0,0
sh513130,9:37:14,1.76637E+12,9:38:16,1.76637E+12,0.725,0.7251,-0.0138,5535.11,0.9044,4.3886,215500,156221,0.7249,0.984,0.724,70774100,0.723,93554500,0.722,87373200,0.721,35407800,0.72,32076500,0.725,105668600,0.726,79051400,0.727,61176800,0.728,34280200,0.729,30551800,152,0,0
sh513130,9:37:14,1.76637E+12,9:38:16,1.76637E+12,0.725,0.7251,-0.0138,5535.11,0.9044,6.9228,0,0,0.725,1.002,0.724,70774100,0.723,93554500,0.722,87373200,0.721,35407800,0.72,32076500,0.725,105668600,0.726,79051400,0.727,61176800,0.728,34280200,0.729,30551800,550,0,0
sh513130,9:37:14,1.76637E+12,9:38:18,1.76637E+12,0.725,0.7251,-0.0138,5534.98,0.9044,6.9185,0,0,0.725,1.013,0.724,70774100,0.723,93554500,0.722,87373200,0.721,35407800,0.72,32076500,0.725,105668600,0.726,79051400,0.727,61176800,0.728,34280200,0.729,30551800,118,0,0
sh513130,9:37:17,1.76637E+12,9:38:18,1.76637E+12,0.725,0.7251,-0.0138,5534.98,0.9044,8.1236,4542200,3293051,0.725,1.057,0.724,71108600,0.723,94842500,0.722,87391800,0.721,35608900,0.72,32108300,0.725,101295700,0.726,79051500,0.727,61216800,0.728,34280200,0.729,30651800,413,0,0
sh513130,9:37:17,1.76637E+12,9:38:20,1.76637E+12,0.725,0.7251,-0.0138,5534.6,0.9044,8.0127,0,0,0.725,0.932,0.724,71108600,0.723,94842500,0.722,87391800,0.721,35608900,0.72,32108300,0.725,101295700,0.726,79051500,0.727,61216800,0.728,34280200,0.729,30651800,135,0,0
sh513130,9:37:20,1.76637E+12,9:38:20,1.76637E+12,0.725,0.725,0,5534.6,0.9044,7.9324,2122500,1538363,0.7248,1.019,0.724,70644000,0.723,95718500,0.722,88453900,0.721,35641700,0.72,32223600,0.725,101670800,0.726,79223100,0.727,61726800,0.728,34387200,0.729,30741500,148,0,0
sh513130,9:37:17,1.76637E+12,9:38:22,1.76637E+12,0.725,0.7251,-0.0138,5534.26,0.9044,7.8903,0,0,0.725,1.013,0.724,71108600,0.723,94842500,0.722,87391800,0.721,35608900,0.72,32108300,0.725,101295700,0.726,79051500,0.727,61216800,0.728,34280200,0.729,30651800,41,0,1
sh513130,9:37:20,1.76637E+12,9:38:22,1.76637E+12,0.725,0.725,0,5534.26,0.9044,7.8887,2122500,1538363,0.7248,0.98,0.724,70644000,0.723,95718500,0.722,88453900,0.721,35641700,0.72,32223600,0.725,101670800,0.726,79223100,0.727,61726800,0.728,34387200,0.729,30741500,1021,0,0
sh513130,9:37:20,1.76637E+12,9:38:24,1.76637E+12,0.725,0.725,0,5534.61,0.9044,9.253,0,0,0.725,0.997,0.724,70644000,0.723,95718500,0.722,88453900,0.721,35641700,0.72,32223600,0.725,101670800,0.726,79223100,0.727,61726800,0.728,34387200,0.729,30741500,204,0,0
sh513130,9:37:23,1.76637E+12,9:38:24,1.76637E+12,0.725,0.725,0,5534.61,0.9044,8.5125,1952100,1415231,0.725,1.004,0.724,71079700,0.723,96638600,0.722,90428900,0.721,35651700,0.72,32173500,0.725,100065500,0.726,79231100,0.727,61734200,0.728,34443600,0.729,30741500,1208,0,0
sh513130,9:37:23,1.76637E+12,9:38:26,1.76637E+12,0.725,0.725,0,5534.48,0.9044,7.5311,0,0,0.725,0.998,0.724,71079700,0.723,96638600,0.722,90428900,0.721,35651700,0.72,32173500,0.725,100065500,0.726,79231100,0.727,61734200,0.728,34443600,0.729,30741500,164,0,0
sh513130,9:37:23,1.76637E+12,9:38:26,1.76637E+12,0.725,0.725,0,5534.48,0.9044,7.7706,0,0,0.725,1.019,0.724,71079700,0.723,96638600,0.722,90428900,0.721,35651700,0.72,32173500,0.725,100065500,0.726,79231100,0.727,61734200,0.728,34443600,0.729,30741500,1183,0,0
sh513130,9:37:26,1.76637E+12,9:38:28,1.76637E+12,0.724,0.725,-0.1379,5535.43,0.9044,7.4751,155000,112353,0.7249,1.005,0.724,71130500,0.723,97278000,0.722,92215600,0.721,35651700,0.72,32173500,0.725,100074300,0.726,79220200,0.727,62736700,0.728,34448800,0.729,30742500,229,0,0
sh513130,9:37:26,1.76637E+12,9:38:28,1.76637E+12,0.724,0.725,-0.1379,5535.43,0.9044,6.7841,0,0,0.724,0.995,0.724,71130500,0.723,97278000,0.722,92215600,0.721,35651700,0.72,32173500,0.725,100074300,0.726,79220200,0.727,62736700,0.728,34448800,0.729,30742500,1223,0,0
sh513130,9:37:26,1.76637E+12,9:38:30,1.76637E+12,0.724,0.725,-0.1379,5533.68,0.9044,6.6939,0,0,0.724,0.993,0.724,71130500,0.723,97278000,0.722,92215600,0.721,35651700,0.72,32173500,0.725,100074300,0.726,79220200,0.727,62736700,0.728,34448800,0.729,30742500,157,0,0
sh513130,9:37:29,1.76637E+12,9:38:30,1.76637E+12,0.725,0.7257,-0.0965,5533.68,0.9044,5.842,185300,134334,0.725,1.007,0.724,71139700,0.723,97978500,0.722,92221900,0.721,35651700,0.72,32163500,0.725,100188000,0.726,79339100,0.727,62800400,0.728,34448800,0.729,30742500,1164,0,0
sh513130,9:37:29,1.76637E+12,9:38:32,1.76637E+12,0.725,0.7257,-0.0965,5533,0.9044,5.8195,0,0,0.725,0.996,0.724,71139700,0.723,97978500,0.722,92221900,0.721,35651700,0.72,32163500,0.725,100188000,0.726,79339100,0.727,62800400,0.728,34448800,0.729,30742500,138,0,0
sh513130,9:37:29,1.76637E+12,9:38:32,1.76637E+12,0.725,0.7257,-0.0965,5533,0.9044,5.757,0,0,0.725,1.016,0.724,71139700,0.723,97978500,0.722,92221900,0.721,35651700,0.72,32163500,0.725,100188000,0.726,79339100,0.727,62800400,0.728,34448800,0.729,30742500,1154,0,0
sh513130,9:37:32,1.76637E+12,9:38:34,1.76637E+12,0.724,0.7257,-0.2343,5533.03,0.9044,5.7181,483100,350070,0.7246,0.983,0.724,57358100,0.723,100069100,0.722,92224900,0.721,40761900,0.72,32170500,0.725,100188800,0.726,79427000,0.727,61847200,0.728,34459300,0.729,30742500,84,0,0
sh513130,9:37:32,1.76637E+12,9:38:34,1.76637E+12,0.724,0.7257,-0.2343,5533.03,0.9044,4.9106,0,0,0.724,1.083,0.724,57358100,0.723,100069100,0.722,92224900,0.721,40761900,0.72,32170500,0.725,100188800,0.726,79427000,0.727,61847200,0.728,34459300,0.729,30742500,1027,0,0
sh513130,9:37:32,1.76637E+12,9:38:36,1.76637E+12,0.724,0.7257,-0.2343,5531.98,0.9044,4.4498,0,0,0.724,0.915,0.724,57358100,0.723,100069100,0.722,92224900,0.721,40761900,0.72,32170500,0.725,100188800,0.726,79427000,0.727,61847200,0.728,34459300,0.729,30742500,153,0,0
sh513130,9:37:35,1.76637E+12,9:38:36,1.76637E+12,0.724,0.7257,-0.2343,5531.98,0.9044,3.5774,186100,134797,0.7243,1.02,0.724,54777800,0.723,100079100,0.722,92224200,0.721,43657700,0.72,32220500,0.725,101285400,0.726,79477100,0.727,61862200,0.728,34553300,0.729,30742500,755,0,0
sh513130,9:37:35,1.76637E+12,9:38:38,1.76637E+12,0.724,0.7257,-0.2343,5530.36,0.9044,3.5119,0,0,0.724,0.982,0.724,54777800,0.723,100079100,0.722,92224200,0.721,43657700,0.72,32220500,0.725,101285400,0.726,79477100,0.727,61862200,0.728,34553300,0.729,30742500,185,0,0
sh513130,9:37:35,1.76637E+12,9:38:38,1.76637E+12,0.724,0.7257,-0.2343,5530.36,0.9044,2.5327,0,0,0.724,1.016,0.724,54777800,0.723,100079100,0.722,92224200,0.721,43657700,0.72,32220500,0.725,101285400,0.726,79477100,0.727,61862200,0.728,34553300,0.729,30742500,549,0,0
sh513130,9:37:38,1.76637E+12,9:38:40,1.76637E+12,0.724,0.7257,-0.2343,5531.97,0.9044,3.7353,1148000,832068,0.7248,0.983,0.724,46265200,0.723,100115400,0.722,92245800,0.721,49903700,0.72,32253400,0.725,101803500,0.726,79476700,0.727,60872200,0.728,34573300,0.729,30732500,184,0,0
sh513130,9:37:38,1.76637E+12,9:38:40,1.76637E+12,0.724,0.7257,-0.2343,5531.97,0.9044,2.6376,0,0,0.724,1.027,0.724,46265200,0.723,100115400,0.722,92245800,0.721,49903700,0.72,32253400,0.725,101803500,0.726,79476700,0.727,60872200,0.728,34573300,0.729,30732500,362,0,0
sh513130,9:37:41,1.76637E+12,9:38:42,1.76637E+12,0.725,0.7257,-0.0965,5530.37,0.9044,2.5872,284300,206018,0.7247,1.093,0.724,56404100,0.723,97625300,0.722,92227800,0.721,43407200,0.72,32251400,0.725,101728800,0.726,79487700,0.727,61863200,0.728,34832100,0.729,30829200,1,0,0
sh513130,9:37:41,1.76637E+12,9:38:42,1.76637E+12,0.725,0.7257,-0.0965,5530.37,0.9044,1.4931,0,0,0.725,0.895,0.724,56404100,0.723,97625300,0.722,92227800,0.721,43407200,0.72,32251400,0.725,101728800,0.726,79487700,0.727,61863200,0.728,34832100,0.729,30829200,154,0,0
sh513130,9:37:41,1.76637E+12,9:38:44,1.76637E+12,0.725,0.7257,-0.0965,5531.99,0.9044,1.4838,0,0,0.725,0.987,0.724,56404100,0.723,97625300,0.722,92227800,0.721,43407200,0.72,32251400,0.725,101728800,0.726,79487700,0.727,61863200,0.728,34832100,0.729,30829200,35,0,0
sh513130,9:37:41,1.76637E+12,9:38:44,1.76637E+12,0.725,0.7257,-0.0965,5531.99,0.9044,1.2539,0,0,0.725,1.014,0.724,56404100,0.723,97625300,0.722,92227800,0.721,43407200,0.72,32251400,0.725,101728800,0.726,79487700,0.727,61863200,0.728,34832100,0.729,30829200,1048,0,0
sh513130,9:37:44,1.76637E+12,9:38:46,1.76637E+12,0.725,0.725,0,5532.65,0.9044,1.1688,327200,237091,0.7246,0.998,0.724,61365200,0.723,97525300,0.722,92227800,0.721,39278700,0.72,32251400,0.725,101994600,0.726,79497700,0.727,61863700,0.728,34925400,0.729,31095000,166,0,0
sh513130,9:37:44,1.76637E+12,9:38:46,1.76637E+12,0.725,0.725,0,5532.65,0.9044,1.1167,0,0,0.725,1.008,0.724,61365200,0.723,97525300,0.722,92227800,0.721,39278700,0.72,32251400,0.725,101994600,0.726,79497700,0.727,61863700,0.728,34925400,0.729,31095000,1174,0,0
sh513130,9:37:44,1.76637E+12,9:38:48,1.76637E+12,0.725,0.725,0,5533.03,0.9044,1.4727,0,0,0.725,1.205,0.724,61365200,0.723,97525300,0.722,92227800,0.721,39278700,0.72,32251400,0.725,101994600,0.726,79497700,0.727,61863700,0.728,34925400,0.729,31095000,310,0,0
sh513130,9:37:47,1.76637E+12,9:38:48,1.76637E+12,0.724,0.725,-0.1379,5533.03,0.9044,1.58,259800,188176,0.7243,0.786,0.724,72728500,0.723,90087100,0.722,92207800,0.721,35764500,0.72,31865700,0.725,86501000,0.726,79520300,0.727,62859400,0.728,35041800,0.729,31596800,1096,0,0
sh513130,9:37:47,1.76637E+12,9:38:50,1.76637E+12,0.724,0.725,-0.1379,5533.37,0.9044,1.5585,0,0,0.724,1.009,0.724,72728500,0.723,90087100,0.722,92207800,0.721,35764500,0.72,31865700,0.725,86501000,0.726,79520300,0.727,62859400,0.728,35041800,0.729,31596800,148,0,0
sh513130,9:37:50,1.76637E+12,9:38:50,1.76637E+12,0.724,0.725,-0.1379,5533.37,0.9044,1.8744,584900,424031,0.725,0.997,0.724,73237300,0.723,90974800,0.722,92136700,0.721,35772500,0.72,31901100,0.725,102654600,0.726,79870800,0.727,61861400,0.728,35042800,0.729,31704300,1145,0,0
sh513130,9:37:50,1.76637E+12,9:38:52,1.76637E+12,0.724,0.725,-0.1379,5533.79,0.9044,2.0034,0,0,0.724,1.002,0.724,73237300,0.723,90974800,0.722,92136700,0.721,35772500,0.72,31901100,0.725,102654600,0.726,79870800,0.727,61861400,0.728,35042800,0.729,31704300,236,0,0
sh513130,9:37:50,1.76637E+12,9:38:52,1.76637E+12,0.724,0.725,-0.1379,5533.79,0.9044,3.6725,0,0,0.724,1.011,0.724,73237300,0.723,90974800,0.722,92136700,0.721,35772500,0.72,31901100,0.725,102654600,0.726,79870800,0.727,61861400,0.728,35042800,0.729,31704300,1247,0,0
sh513130,9:37:50,1.76637E+12,9:38:54,1.76637E+12,0.724,0.725,-0.1379,5533.87,0.9044,3.7232,0,0,0.724,0.995,0.724,73237300,0.723,90974800,0.722,92136700,0.721,35772500,0.72,31901100,0.725,102654600,0.726,79870800,0.727,61861400,0.728,35042800,0.729,31704300,147,0,0
sh513130,9:37:53,1.76637E+12,9:38:54,1.76637E+12,0.725,0.725,0,5533.87,0.9044,3.6556,89000,64474,0.7244,1.002,0.724,65123800,0.723,97710600,0.722,92136700,0.721,35772500,0.72,31968200,0.725,103032100,0.726,79891000,0.727,61861400,0.728,35079300,0.729,31771500,1149,0,0
sh513130,9:37:53,1.76637E+12,9:38:56,1.76637E+12,0.725,0.725,0,5533.75,0.9044,3.281,0,0,0.725,1.279,0.724,65123800,0.723,97710600,0.722,92136700,0.721,35772500,0.72,31968200,0.725,103032100,0.726,79891000,0.727,61861400,0.728,35079300,0.729,31771500,174,0,0
sh513130,9:37:56,1.76637E+12,9:38:56,1.76637E+12,0.725,0.7257,-0.0965,5533.75,0.9044,2.8316,47000,34074,0.725,0.725,0.724,74371900,0.723,89419200,0.722,92136700,0.721,35782500,0.72,31968200,0.725,103148900,0.726,79882500,0.727,61861700,0.728,35081300,0.729,32338500,899,0,0
sh513130,9:37:56,1.76637E+12,9:38:58,1.76637E+12,0.725,0.7257,-0.0965,5533.21,0.9044,2.8083,0,0,0.725,1.151,0.724,74371900,0.723,89419200,0.722,92136700,0.721,35782500,0.72,31968200,0.725,103148900,0.726,79882500,0.727,61861700,0.728,35081300,0.729,32338500,350,0,0
sh513130,9:37:56,1.76637E+12,9:38:58,1.76637E+12,0.725,0.7257,-0.0965,5533.21,0.9044,2.8695,0,0,0.725,0.844,0.724,74371900,0.723,89419200,0.722,92136700,0.721,35782500,0.72,31968200,0.725,103148900,0.726,79882500,0.727,61861700,0.728,35081300,0.729,32338500,670,0,0
sh513130,9:37:56,1.76637E+12,9:39:00,1.76637E+12,0.725,0.7257,-0.0965,5534.55,0.9044,5.8481,0,0,0.725,1.363,0.724,74371900,0.723,89419200,0.722,92136700,0.721,35782500,0.72,31968200,0.725,103148900,0.726,79882500,0.727,61861700,0.728,35081300,0.729,32338500,449,0,0
sh513130,9:37:59,1.76637E+12,9:39:00,1.76637E+12,0.725,0.7257,-0.0965,5534.55,0.9044,5.817,465000,336790,0.7243,0.653,0.724,72853900,0.723,90325800,0.722,92168600,0.721,35782500,0.72,32133100,0.725,87915900,0.726,80170500,0.727,62861700,0.728,50091500,0.729,32338500,480,0,0
sh513130,9:37:59,1.76637E+12,9:39:02,1.76637E+12,0.725,0.7257,-0.0965,5534.54,0.9044,5.7283,0,0,0.725,1.005,0.724,72853900,0.723,90325800,0.722,92168600,0.721,35782500,0.72,32133100,0.725,87915900,0.726,80170500,0.727,62861700,0.728,50091500,0.729,32338500,182,0,0
sh513130,9:38:02,1.76637E+12,9:39:02,1.76637E+12,0.725,0.7257,-0.0965,5534.54,0.9044,5.9557,366000,265332,0.725,0.991,0.724,72970600,0.723,91311200,0.722,92275000,0.721,35782500,0.72,32106100,0.725,73827400,0.726,84091900,0.727,64910700,0.728,50183700,0.729,32338700,94,0,0
sh513130,9:38:02,1.76637E+12,9:39:04,1.76637E+12,0.725,0.7257,-0.0965,5535.46,0.9044,5.8661,0,0,0.725,1.393,0.724,72970600,0.723,91311200,0.722,92275000,0.721,35782500,0.72,32106100,0.725,73827400,0.726,84091900,0.727,64910700,0.728,50183700,0.729,32338700,477,0,0
sh513130,9:38:02,1.76637E+12,9:39:04,1.76637E+12,0.725,0.7257,-0.0965,5535.46,0.9044,5.4496,0,0,0.725,0.609,0.724,72970600,0.723,91311200,0.722,92275000,0.721,35782500,0.72,32106100,0.725,73827400,0.726,84091900,0.727,64910700,0.728,50183700,0.729,32338700,143,0,0
sh513130,9:38:05,1.76637E+12,9:39:06,1.76637E+12,0.724,0.7257,-0.2343,5536.5,0.9044,5.3386,207300,150152,0.7243,1.026,0.724,72873900,0.723,92322600,0.722,91984800,0.721,35782500,0.72,32113900,0.725,78594300,0.726,80218000,0.727,64918700,0.728,55249000,0.729,32537600,209,0,0
sh513130,9:38:05,1.76637E+12,9:39:06,1.76637E+12,0.724,0.7257,-0.2343,5536.5,0.9044,4.5148,0,0,0.724,0.978,0.724,72873900,0.723,92322600,0.722,91984800,0.721,35782500,0.72,32113900,0.725,78594300,0.726,80218000,0.727,64918700,0.728,55249000,0.729,32537600,1187,0,0
sh513130,9:38:05,1.76637E+12,9:39:08,1.76637E+12,0.724,0.7257,-0.2343,5536.38,0.9044,6.6237,0,0,0.724,1.005,0.724,72873900,0.723,92322600,0.722,91984800,0.721,35782500,0.72,32113900,0.725,78594300,0.726,80218000,0.727,64918700,0.728,55249000,0.729,32537600,215,0,0
sh513130,9:38:05,1.76637E+12,9:39:08,1.76637E+12,0.724,0.7257,-0.2343,5536.38,0.9044,6.8868,0,0,0.724,1.031,0.724,72873900,0.723,92322600,0.722,91984800,0.721,35782500,0.72,32113900,0.725,78594300,0.726,80218000,0.727,64918700,0.728,55249000,0.729,32537600,1247,0,0
sh513130,9:38:08,1.76637E+12,9:39:10,1.76637E+12,0.725,0.7257,-0.0965,5536.02,0.9044,6.789,1122700,813873,0.7249,1.167,0.724,74124400,0.723,93248700,0.722,91200200,0.721,35709400,0.72,32113900,0.725,73252300,0.726,84282300,0.727,64918700,0.728,55366200,0.729,32537600,245,0,0
sh513130,9:38:08,1.76637E+12,9:39:10,1.76637E+12,0.725,0.7257,-0.0965,5536.02,0.9044,6.7819,0,0,0.725,0.813,0.724,74124400,0.723,93248700,0.722,91200200,0.721,35709400,0.72,32113900,0.725,73252300,0.726,84282300,0.727,64918700,0.728,55366200,0.729,32537600,1058,0,0
sh513130,9:38:08,1.76637E+12,9:39:12,1.76637E+12,0.725,0.7257,-0.0965,5536.77,0.9044,8.3711,0,0,0.725,0.987,0.724,74124400,0.723,93248700,0.722,91200200,0.721,35709400,0.72,32113900,0.725,73252300,0.726,84282300,0.727,64918700,0.728,55366200,0.729,32537600,188,0,0
sh513130,9:38:11,1.76637E+12,9:39:12,1.76637E+12,0.725,0.7257,-0.0965,5536.77,0.9044,7.5959,436100,316145,0.7249,1.027,0.724,75580600,0.723,94096800,0.722,91366400,0.721,35681600,0.72,31834000,0.725,73419800,0.726,84271100,0.727,64952300,0.728,55371400,0.729,32537600,1215,0,0
sh513130,9:38:11,1.76637E+12,9:39:14,1.76637E+12,0.725,0.7257,-0.0965,5537.84,0.9044,6.6888,0,0,0.725,0.973,0.724,75580600,0.723,94096800,0.722,91366400,0.721,35681600,0.72,31834000,0.725,73419800,0.726,84271100,0.727,64952300,0.728,55371400,0.729,32537600,202,0,0
sh513130,9:38:11,1.76637E+12,9:39:14,1.76637E+12,0.725,0.7257,-0.0965,5537.84,0.9044,4.8174,0,0,0.725,1.013,0.724,75580600,0.723,94096800,0.722,91366400,0.721,35681600,0.72,31834000,0.725,73419800,0.726,84271100,0.727,64952300,0.728,55371400,0.729,32537600,1215,0,0
sh513130,9:38:14,1.76637E+12,9:39:16,1.76637E+12,0.725,0.7257,-0.0965,5538.55,0.9044,6.3433,21325800,15461205,0.725,0.995,0.724,77078500,0.723,94938600,0.722,90376400,0.721,35110300,0.72,31854000,0.725,33141800,0.726,89185600,0.727,65793900,0.728,55776400,0.729,32552600,158,0,0
sh513130,9:38:14,1.76637E+12,9:39:16,1.76637E+12,0.725,0.7257,-0.0965,5538.55,0.9044,6.1533,0,0,0.725,1.011,0.724,77078500,0.723,94938600,0.722,90376400,0.721,35110300,0.72,31854000,0.725,33141800,0.726,89185600,0.727,65793900,0.728,55776400,0.729,32552600,1169,0,0
sh513130,9:38:14,1.76637E+12,9:39:18,1.76637E+12,0.725,0.7257,-0.0965,5537.83,0.9044,5.3024,0,0,0.725,0.999,0.724,77078500,0.723,94938600,0.722,90376400,0.721,35110300,0.72,31854000,0.725,33141800,0.726,89185600,0.727,65793900,0.728,55776400,0.729,32552600,242,0,0
sh513130,9:38:17,1.76637E+12,9:39:18,1.76637E+12,0.725,0.7257,-0.0965,5537.83,0.9044,5.2203,34027700,24670082,0.725,1.101,0.725,27899100,0.724,73252000,0.723,92472800,0.722,83384000,0.721,35110300,0.726,93069700,0.727,66893900,0.728,55786400,0.729,32578600,0.73,45042200,1068,0,0
sh513130,9:38:17,1.76637E+12,9:39:20,1.76637E+12,0.725,0.7257,-0.0965,5538.24,0.9044,5.2012,0,0,0.725,0.889,0.725,27899100,0.724,73252000,0.723,92472800,0.722,83384000,0.721,35110300,0.726,93069700,0.727,66893900,0.728,55786400,0.729,32578600,0.73,45042200,274,0,0
sh513130,9:38:20,1.76637E+12,9:39:20,1.76637E+12,0.725,0.7257,-0.0965,5538.24,0.9044,5.0224,20913500,15162288,0.725,1.007,0.724,74366400,0.723,94121000,0.722,85923000,0.721,35090300,0.72,31858000,0.725,16271700,0.726,94202900,0.727,67771400,0.728,55786400,0.729,32578600,757,0,0
sh513130,9:38:20,1.76637E+12,9:39:22,1.76637E+12,0.725,0.7257,-0.0965,5537.71,0.9044,4.507,0,0,0.725,1.024,0.724,74366400,0.723,94121000,0.722,85923000,0.721,35090300,0.72,31858000,0.725,16271700,0.726,94202900,0.727,67771400,0.728,55786400,0.729,32578600,229,0,0
sh513130,9:38:20,1.76637E+12,9:39:22,1.76637E+12,0.725,0.7257,-0.0965,5537.71,0.9044,4.3054,0,0,0.725,1.056,0.724,74366400,0.723,94121000,0.722,85923000,0.721,35090300,0.72,31858000,0.725,16271700,0.726,94202900,0.727,67771400,0.728,55786400,0.729,32578600,631,0,0
sh513130,9:38:23,1.76637E+12,9:39:24,1.76637E+12,0.725,0.7257,-0.0965,5537.61,0.9044,4.23,6956800,5043697,0.725,0.927,0.725,1127400,0.724,72590000,0.723,95000600,0.722,87940900,0.721,35133300,0.726,93466300,0.727,68643600,0.728,55379100,0.729,32668600,0.73,45110000,241,0,0
sh513130,9:38:23,1.76637E+12,9:39:24,1.76637E+12,0.725,0.7257,-0.0965,5537.61,0.9044,4.1707,0,0,0.725,1.098,0.725,1127400,0.724,72590000,0.723,95000600,0.722,87940900,0.721,35133300,0.726,93466300,0.727,68643600,0.728,55379100,0.729,32668600,0.73,45110000,386,0,0
sh513130,9:38:23,1.76637E+12,9:39:26,1.76637E+12,0.725,0.7257,-0.0965,5538.37,0.9044,4.0202,0,0,0.725,0.906,0.725,1127400,0.724,72590000,0.723,95000600,0.722,87940900,0.721,35133300,0.726,93466300,0.727,68643600,0.728,55379100,0.729,32668600,0.73,45110000,244,0,0
sh513130,9:38:23,1.76637E+12,9:39:26,1.76637E+12,0.725,0.7257,-0.0965,5538.37,0.9044,3.713,0,0,0.725,1.268,0.725,1127400,0.724,72590000,0.723,95000600,0.722,87940900,0.721,35133300,0.726,93466300,0.727,68643600,0.728,55379100,0.729,32668600,0.73,45110000,358,0,0
sh513130,9:38:26,1.76637E+12,9:39:28,1.76637E+12,0.725,0.7257,-0.0965,5537.44,0.9044,3.667,295900,214529,0.725,0.787,0.725,4657500,0.724,75015500,0.723,95142500,0.722,85653200,0.721,35133300,0.726,93543100,0.727,69534500,0.728,55834500,0.729,32868600,0.73,45289200,330,0,0
sh513130,9:38:26,1.76637E+12,9:39:28,1.76637E+12,0.725,0.7257,-0.0965,5537.44,0.9044,3.6002,0,0,0.725,0.957,0.725,4657500,0.724,75015500,0.723,95142500,0.722,85653200,0.721,35133300,0.726,93543100,0.727,69534500,0.728,55834500,0.729,32868600,0.73,45289200,1287,0,0
sh513130,9:38:26,1.76637E+12,9:39:30,1.76637E+12,0.725,0.7257,-0.0965,5536.48,0.9044,1.6725,0,0,0.725,0.995,0.725,4657500,0.724,75015500,0.723,95142500,0.722,85653200,0.721,35133300,0.726,93543100,0.727,69534500,0.728,55834500,0.729,32868600,0.73,45289200,261,0,0
sh513130,9:38:29,1.76637E+12,9:39:30,1.76637E+12,0.725,0.7257,-0.0965,5536.48,0.9044,1.6227,6616200,4797021,0.725,1.016,0.724,74833900,0.723,96209900,0.722,86112100,0.721,35133400,0.72,31865000,0.725,20386000,0.726,89460300,0.727,68530800,0.728,55844500,0.729,32868600,1277,0,0
sh513130,9:38:29,1.76637E+12,9:39:32,1.76637E+12,0.725,0.7257,-0.0965,5536.2,0.9044,2.8054,0,0,0.725,0.985,0.724,74833900,0.723,96209900,0.722,86112100,0.721,35133400,0.72,31865000,0.725,20386000,0.726,89460300,0.727,68530800,0.728,55844500,0.729,32868600,217,0,0
sh513130,9:38:32,1.76637E+12,9:39:32,1.76637E+12,0.725,0.7257,-0.0965,5536.2,0.9044,1.5259,653600,473860,0.725,1.006,0.724,73265000,0.723,96504100,0.722,89287000,0.721,35138500,0.72,31835000,0.725,49885900,0.726,83316400,0.727,65445600,0.728,40339600,0.729,32868600,1223,0,0
sh513130,9:38:32,1.76637E+12,9:39:34,1.76637E+12,0.725,0.7257,-0.0965,5535.75,0.9044,1.5899,0,0,0.725,1.187,0.724,73265000,0.723,96504100,0.722,89287000,0.721,35138500,0.72,31835000,0.725,49885900,0.726,83316400,0.727,65445600,0.728,40339600,0.729,32868600,400,0,0
sh513130,9:38:32,1.76637E+12,9:39:34,1.76637E+12,0.725,0.7257,-0.0965,5535.75,0.9044,1.5587,0,0,0.725,0.821,0.724,73265000,0.723,96504100,0.722,89287000,0.721,35138500,0.72,31835000,0.725,49885900,0.726,83316400,0.727,65445600,0.728,40339600,0.729,32868600,1220,0,0
sh513130,9:38:32,1.76637E+12,9:39:36,1.76637E+12,0.725,0.7257,-0.0965,5535.66,0.9044,1.5587,0,0,0.725,0.981,0.724,73265000,0.723,96504100,0.722,89287000,0.721,35138500,0.72,31835000,0.725,49885900,0.726,83316400,0.727,65445600,0.728,40339600,0.729,32868600,249,0,0
sh513130,9:38:35,1.76637E+12,9:39:36,1.76637E+12,0.725,0.7257,-0.0965,5535.66,0.9044,1.9886,821400,595513,0.725,1.016,0.724,76055900,0.723,97319300,0.722,89267000,0.721,35637100,0.72,31765000,0.725,30517200,0.726,87465500,0.727,66353600,0.728,50379600,0.729,32888600,1265,0,0
sh513130,9:38:35,1.76637E+12,9:39:38,1.76637E+12,0.725,0.7257,-0.0965,5534.78,0.9044,2.3854,0,0,0.725,1.004,0.724,76055900,0.723,97319300,0.722,89267000,0.721,35637100,0.72,31765000,0.725,30517200,0.726,87465500,0.727,66353600,0.728,50379600,0.729,32888600,205,0,0
sh513130,9:38:35,1.76637E+12,9:39:38,1.76637E+12,0.725,0.7257,-0.0965,5534.78,0.9044,2.3633,0,0,0.725,0.988,0.724,76055900,0.723,97319300,0.722,89267000,0.721,35637100,0.72,31765000,0.725,30517200,0.726,87465500,0.727,66353600,0.728,50379600,0.729,32888600,1193,0,0
sh513130,9:38:38,1.76637E+12,9:39:40,1.76637E+12,0.725,0.7257,-0.0965,5536.72,0.9044,2.3452,85100,61677,0.7248,1.013,0.724,75823100,0.723,97312700,0.722,89267000,0.721,35637100,0.72,31765000,0.725,33941800,0.726,83715100,0.727,66352600,0.728,50379600,0.729,32890000,0,0,0
sh513130,9:38:38,1.76637E+12,9:39:40,1.76637E+12,0.725,0.7257,-0.0965,5536.72,0.9044,2.299,0,0,0.725,1.023,0.724,75823100,0.723,97312700,0.722,89267000,0.721,35637100,0.72,31765000,0.725,33941800,0.726,83715100,0.727,66352600,0.728,50379600,0.729,32890000,1023,0,0
sh513130,9:38:38,1.76637E+12,9:39:42,1.76637E+12,0.725,0.7257,-0.0965,5538.33,0.9044,4.5227,0,0,0.725,0.978,0.724,75823100,0.723,97312700,0.722,89267000,0.721,35637100,0.72,31765000,0.725,33941800,0.726,83715100,0.727,66352600,0.728,50379600,0.729,32890000,211,0,0
sh513130,9:38:38,1.76637E+12,9:39:42,1.76637E+12,0.725,0.7257,-0.0965,5538.33,0.9044,4.5645,0,0,0.725,1.126,0.724,75823100,0.723,97312700,0.722,89267000,0.721,35637100,0.72,31765000,0.725,33941800,0.726,83715100,0.727,66352600,0.728,50379600,0.729,32890000,938,0,0
sh513130,9:38:41,1.76637E+12,9:39:44,1.76637E+12,0.725,0.725,0,5537.83,0.9044,4.5645,480600,348162,0.7244,1.137,0.724,76636900,0.723,97422900,0.722,88277400,0.721,35637200,0.72,31838400,0.725,14755300,0.726,87831300,0.727,67203900,0.728,51381600,0.729,32943700,542,0,0
sh513130,9:38:44,1.76637E+12,9:39:44,1.76637E+12,0.726,0.725,0.1379,5537.83,0.9044,4.3448,11669600,8463482,0.7253,0.733,0.725,19543600,0.724,79374300,0.723,90676800,0.722,87349000,0.721,35651000,0.726,88205300,0.727,69340800,0.728,56734600,0.729,32943700,0.73,45705100,599,0,0
sh513130,9:38:44,1.76637E+12,9:39:46,1.76637E+12,0.726,0.725,0.1379,5539.3,0.9044,3.5591,0,0,0.726,1.007,0.725,19543600,0.724,79374300,0.723,90676800,0.722,87349000,0.721,35651000,0.726,88205300,0.727,69340800,0.728,56734600,0.729,32943700,0.73,45705100,322,0,0
sh513130,9:38:44,1.76637E+12,9:39:46,1.76637E+12,0.726,0.725,0.1379,5539.3,0.9044,3.4939,0,0,0.726,1.021,0.725,19543600,0.724,79374300,0.723,90676800,0.722,87349000,0.721,35651000,0.726,88205300,0.727,69340800,0.728,56734600,0.729,32943700,0.73,45705100,411,0,0
sh513130,9:38:44,1.76637E+12,9:39:48,1.76637E+12,0.726,0.725,0.1379,5539.92,0.9044,3.4297,0,0,0.726,0.973,0.725,19543600,0.724,79374300,0.723,90676800,0.722,87349000,0.721,35651000,0.726,88205300,0.727,69340800,0.728,56734600,0.729,32943700,0.73,45705100,254,0,0
sh513130,9:38:47,1.76637E+12,9:39:48,1.76637E+12,0.725,0.725,0,5539.92,0.9044,3.4297,2657500,1927698,0.7254,1.19,0.725,48062200,0.724,78704100,0.723,90708300,0.722,66644000,0.721,35221600,0.726,86774100,0.727,70251400,0.728,57775700,0.729,32965500,0.73,45705200,356,0,0
sh513130,9:38:47,1.76637E+12,9:39:50,1.76637E+12,0.725,0.725,0,5541.59,0.9044,5.3346,0,0,0.725,0.843,0.725,48062200,0.724,78704100,0.723,90708300,0.722,66644000,0.721,35221600,0.726,86774100,0.727,70251400,0.728,57775700,0.729,32965500,0.73,45705200,305,0,0
sh513130,9:38:47,1.76637E+12,9:39:50,1.76637E+12,0.725,0.725,0,5541.59,0.9044,5.3268,0,0,0.725,0.98,0.725,48062200,0.724,78704100,0.723,90708300,0.722,66644000,0.721,35221600,0.726,86774100,0.727,70251400,0.728,57775700,0.729,32965500,0.73,45705200,1284,0,0
sh513130,9:38:50,1.76637E+12,9:39:52,1.76637E+12,0.726,0.7257,0.0413,5542.81,0.9044,6.2153,209400,151855,0.7252,1.023,0.725,68287900,0.724,69714100,0.723,90727900,0.722,60644200,0.721,35641800,0.726,84919600,0.727,71133600,0.728,59795100,0.729,32973500,0.73,46367800,302,0,0
sh513130,9:38:50,1.76637E+12,9:39:52,1.76637E+12,0.726,0.7257,0.0413,5542.81,0.9044,6.2089,0,0,0.726,1.145,0.725,68287900,0.724,69714100,0.723,90727900,0.722,60644200,0.721,35641800,0.726,84919600,0.727,71133600,0.728,59795100,0.729,32973500,0.73,46367800,1447,0,0
sh513130,9:38:50,1.76637E+12,9:39:54,1.76637E+12,0.726,0.7257,0.0413,5542.12,0.9044,6.1929,0,0,0.726,0.839,0.725,68287900,0.724,69714100,0.723,90727900,0.722,60644200,0.721,35641800,0.726,84919600,0.727,71133600,0.728,59795100,0.729,32973500,0.73,46367800,260,0,0
sh513130,9:38:53,1.76637E+12,9:39:54,1.76637E+12,0.725,0.7257,-0.0965,5542.12,0.9044,6.1353,352400,255772,0.7258,1.003,0.725,70846600,0.724,70383800,0.723,90716200,0.722,50644200,0.721,35631800,0.726,84212300,0.727,71059100,0.728,59803300,0.729,32973500,0.73,47072900,1262,0,0
sh513130,9:38:53,1.76637E+12,9:39:56,1.76637E+12,0.725,0.7257,-0.0965,5541.62,0.9044,6.0454,0,0,0.725,1.167,0.725,70846600,0.724,70383800,0.723,90716200,0.722,50644200,0.721,35631800,0.726,84212300,0.727,71059100,0.728,59803300,0.729,32973500,0.73,47072900,442,0,0
sh513130,9:38:56,1.76637E+12,9:39:56,1.76637E+12,0.726,0.7264,-0.0551,5541.62,0.9044,5.0853,2165000,1571221,0.7257,0.832,0.725,70997800,0.724,71544200,0.723,90515600,0.722,51146500,0.721,35653800,0.726,82791800,0.727,71124100,0.728,58489300,0.729,32968500,0.73,47062600,1274,0,0
sh513130,9:38:56,1.76637E+12,9:39:58,1.76637E+12,0.726,0.7264,-0.0551,5541.87,0.9044,6.9561,0,0,0.726,1.013,0.725,70997800,0.724,71544200,0.723,90515600,0.722,51146500,0.721,35653800,0.726,82791800,0.727,71124100,0.728,58489300,0.729,32968500,0.73,47062600,300,0,0
sh513130,9:38:56,1.76637E+12,9:39:58,1.76637E+12,0.726,0.7264,-0.0551,5541.87,0.9044,6.5369,0,0,0.726,1.056,0.725,70997800,0.724,71544200,0.723,90515600,0.722,51146500,0.721,35653800,0.726,82791800,0.727,71124100,0.728,58489300,0.729,32968500,0.73,47062600,1355,0,0
sh513130,9:38:59,1.76637E+12,9:40:00,1.76637E+12,0.726,0.7264,-0.0551,5541.85,0.9044,5.3911,399400,289886,0.7258,0.949,0.725,63655100,0.724,77801700,0.723,90425700,0.722,51095800,0.721,35658800,0.726,82882900,0.727,71530400,0.728,59524500,0.729,32986500,0.73,47252100,254,0,0
sh513130,9:38:59,1.76637E+12,9:40:00,1.76637E+12,0.726,0.7264,-0.0551,5541.85,0.9044,5.2859,0,0,0.726,0.984,0.725,63655100,0.724,77801700,0.723,90425700,0.722,51095800,0.721,35658800,0.726,82882900,0.727,71530400,0.728,59524500,0.729,32986500,0.73,47252100,1238,0,0
sh513130,9:38:59,1.76637E+12,9:40:02,1.76637E+12,0.726,0.7264,-0.0551,5541.08,0.9044,5.5731,0,0,0.726,1.013,0.725,63655100,0.724,77801700,0.723,90425700,0.722,51095800,0.721,35658800,0.726,82882900,0.727,71530400,0.728,59524500,0.729,32986500,0.73,47252100,35,0,0
sh513130,9:39:02,1.76637E+12,9:40:02,1.76637E+12,0.726,0.7264,-0.0551,5541.08,0.9044,4.4999,709500,515076,0.726,0.984,0.725,60226900,0.724,77925200,0.723,89463700,0.722,55904100,0.721,35702800,0.726,83610400,0.727,72680000,0.728,58687200,0.729,33004800,0.73,47313800,172,0,0
sh513130,9:39:02,1.76637E+12,9:40:04,1.76637E+12,0.726,0.7264,-0.0551,5541.93,0.9044,4.4999,0,0,0.726,1.008,0.725,60226900,0.724,77925200,0.723,89463700,0.722,55904100,0.721,35702800,0.726,83610400,0.727,72680000,0.728,58687200,0.729,33004800,0.73,47313800,283,0,0
sh513130,9:39:02,1.76637E+12,9:40:04,1.76637E+12,0.726,0.7264,-0.0551,5541.93,0.9044,4.5482,0,0,0.726,1.013,0.725,60226900,0.724,77925200,0.723,89463700,0.722,55904100,0.721,35702800,0.726,83610400,0.727,72680000,0.728,58687200,0.729,33004800,0.73,47313800,841,0,0
sh513130,9:39:05,1.76637E+12,9:40:06,1.76637E+12,0.725,0.7264,-0.1927,5542,0.9044,4.4097,460100,333892,0.7257,0.995,0.725,77092800,0.724,68812300,0.723,89530300,0.722,51771200,0.721,35688200,0.726,84379600,0.727,72703600,0.728,58704700,0.729,33023900,0.73,47324200,335,0,0
sh513130,9:39:05,1.76637E+12,9:40:06,1.76637E+12,0.725,0.7264,-0.1927,5542,0.9044,3.3927,0,0,0.725,1.005,0.725,77092800,0.724,68812300,0.723,89530300,0.722,51771200,0.721,35688200,0.726,84379600,0.727,72703600,0.728,58704700,0.729,33023900,0.73,47324200,640,0,0
sh513130,9:39:05,1.76637E+12,9:40:08,1.76637E+12,0.725,0.7264,-0.1927,5541.36,0.9044,3.2855,0,0,0.725,1,0.725,77092800,0.724,68812300,0.723,89530300,0.722,51771200,0.721,35688200,0.726,84379600,0.727,72703600,0.728,58704700,0.729,33023900,0.73,47324200,294,0,0
sh513130,9:39:05,1.76637E+12,9:40:08,1.76637E+12,0.725,0.7264,-0.1927,5541.36,0.9044,2.8426,0,0,0.725,1.098,0.725,77092800,0.724,68812300,0.723,89530300,0.722,51771200,0.721,35688200,0.726,84379600,0.727,72703600,0.728,58704700,0.729,33023900,0.73,47324200,537,0,0
sh513130,9:39:05,1.76637E+12,9:40:10,1.76637E+12,0.725,0.7264,-0.1927,5540.94,0.9044,2.8426,0,0,0.725,0.89,0.725,77092800,0.724,68812300,0.723,89530300,0.722,51771200,0.721,35688200,0.726,84379600,0.727,72703600,0.728,58704700,0.729,33023900,0.73,47324200,224,0,0
sh513130,9:39:08,1.76637E+12,9:40:10,1.76637E+12,0.725,0.7264,-0.1927,5540.94,0.9044,2.4548,332800,241608,0.726,1.018,0.725,55746900,0.724,77428300,0.723,89078300,0.722,65054500,0.721,35690500,0.726,84403700,0.727,74484400,0.728,58822900,0.729,33037900,0.73,47339700,245,0,0
sh513130,9:39:08,1.76637E+12,9:40:12,1.76637E+12,0.725,0.7264,-0.1927,5540.9,0.9044,2.0675,0,0,0.725,0.999,0.725,55746900,0.724,77428300,0.723,89078300,0.722,65054500,0.721,35690500,0.726,84403700,0.727,74484400,0.728,58822900,0.729,33037900,0.73,47339700,286,0,0
sh513130,9:39:11,1.76637E+12,9:40:12,1.76637E+12,0.726,0.7264,-0.0551,5540.9,0.9044,1.9059,369000,267892,0.726,1.002,0.725,60605200,0.724,77332100,0.723,88776300,0.722,63993600,0.721,35690500,0.726,84520800,0.727,76146200,0.728,58955200,0.729,33079600,0.73,47368900,50,0,0
sh513130,9:39:11,1.76637E+12,9:40:14,1.76637E+12,0.726,0.7264,-0.0551,5540.24,0.9044,2.0293,0,0,0.726,0.999,0.725,60605200,0.724,77332100,0.723,88776300,0.722,63993600,0.721,35690500,0.726,84520800,0.727,76146200,0.728,58955200,0.729,33079600,0.73,47368900,350,0,0
sh513130,9:39:14,1.76637E+12,9:40:14,1.76637E+12,0.725,0.7264,-0.1927,5540.24,0.9044,2.0635,404400,293426,0.7256,0.994,0.725,36341000,0.724,78020000,0.723,88856300,0.722,72074600,0.721,35690500,0.726,86822600,0.727,77077200,0.728,57965200,0.729,33213400,0.73,47412300,1344,0,0
sh513130,9:39:14,1.76637E+12,9:40:16,1.76637E+12,0.725,0.7264,-0.1927,5539.89,0.9044,2.0234,0,0,0.725,0.999,0.725,36341000,0.724,78020000,0.723,88856300,0.722,72074600,0.721,35690500,0.726,86822600,0.727,77077200,0.728,57965200,0.729,33213400,0.73,47412300,293,0,0
sh513130,9:39:14,1.76637E+12,9:40:16,1.76637E+12,0.725,0.7264,-0.1927,5539.89,0.9044,-0.3265,0,0,0.725,1.003,0.725,36341000,0.724,78020000,0.723,88856300,0.722,72074600,0.721,35690500,0.726,86822600,0.727,77077200,0.728,57965200,0.729,33213400,0.73,47412300,1296,0,0
sh513130,9:39:14,1.76637E+12,9:40:18,1.76637E+12,0.725,0.7264,-0.1927,5539.97,0.9044,2.6168,0,0,0.725,0.999,0.725,36341000,0.724,78020000,0.723,88856300,0.722,72074600,0.721,35690500,0.726,86822600,0.727,77077200,0.728,57965200,0.729,33213400,0.73,47412300,339,0,0
sh513130,9:39:17,1.76637E+12,9:40:18,1.76637E+12,0.725,0.7264,-0.1927,5539.97,0.9044,2.5668,471600,341980,0.7251,1.006,0.725,41214400,0.724,78186500,0.723,88630300,0.722,72975600,0.721,35690500,0.726,87861500,0.727,78072200,0.728,57803900,0.729,33223400,0.73,47137700,1344,0,0
sh513130,9:39:17,1.76637E+12,9:40:20,1.76637E+12,0.725,0.7264,-0.1927,5540.68,0.9044,2.5668,0,0,0.725,1,0.725,41214400,0.724,78186500,0.723,88630300,0.722,72975600,0.721,35690500,0.726,87861500,0.727,78072200,0.728,57803900,0.729,33223400,0.73,47137700,322,0,0
sh513130,9:39:17,1.76637E+12,9:40:20,1.76637E+12,0.725,0.7264,-0.1927,5540.68,0.9044,1.684,0,0,0.725,1.01,0.725,41214400,0.724,78186500,0.723,88630300,0.722,72975600,0.721,35690500,0.726,87861500,0.727,78072200,0.728,57803900,0.729,33223400,0.73,47137700,1331,0,0
sh513130,9:39:20,1.76637E+12,9:40:22,1.76637E+12,0.725,0.7264,-0.1927,5539.59,0.9044,1.6535,1138900,825805,0.7251,0.993,0.725,50996400,0.724,78199000,0.723,88620300,0.722,68872900,0.721,35813500,0.726,89046800,0.727,78214000,0.728,57798900,0.729,33230300,0.73,47149700,280,0,0
sh513130,9:39:20,1.76637E+12,9:40:22,1.76637E+12,0.725,0.7264,-0.1927,5539.59,0.9044,1.8244,0,0,0.725,1.024,0.725,50996400,0.724,78199000,0.723,88620300,0.722,68872900,0.721,35813500,0.726,89046800,0.727,78214000,0.728,57798900,0.729,33230300,0.73,47149700,1304,0,0
sh513130,9:39:20,1.76637E+12,9:40:24,1.76637E+12,0.725,0.7264,-0.1927,5539.89,0.9044,2.4095,0,0,0.725,0.994,0.725,50996400,0.724,78199000,0.723,88620300,0.722,68872900,0.721,35813500,0.726,89046800,0.727,78214000,0.728,57798900,0.729,33230300,0.73,47149700,100,0,0
sh513130,9:39:23,1.76637E+12,9:40:24,1.76637E+12,0.725,0.7264,-0.1927,5539.89,0.9044,2.6247,157100,113946,0.7253,1.13,0.725,46833300,0.724,78007500,0.723,88269700,0.722,69720300,0.721,35813500,0.726,89159600,0.727,78235200,0.728,59190200,0.729,33230300,0.73,47178600,1231,0,0
sh513130,9:39:23,1.76637E+12,9:40:26,1.76637E+12,0.725,0.7264,-0.1927,5539.59,0.9044,2.5238,0,0,0.725,0.866,0.725,46833300,0.724,78007500,0.723,88269700,0.722,69720300,0.721,35813500,0.726,89159600,0.727,78235200,0.728,59190200,0.729,33230300,0.73,47178600,346,0,0
sh513130,9:39:23,1.76637E+12,9:40:26,1.76637E+12,0.725,0.7264,-0.1927,5539.59,0.9044,3.0082,0,0,0.725,0.993,0.725,46833300,0.724,78007500,0.723,88269700,0.722,69720300,0.721,35813500,0.726,89159600,0.727,78235200,0.728,59190200,0.729,33230300,0.73,47178600,898,0,0
sh513130,9:39:23,1.76637E+12,9:40:28,1.76637E+12,0.725,0.7264,-0.1927,5539.56,0.9044,2.9311,0,0,0.725,0.999,0.725,46833300,0.724,78007500,0.723,88269700,0.722,69720300,0.721,35813500,0.726,89159600,0.727,78235200,0.728,59190200,0.729,33230300,0.73,47178600,324,0,0
sh513130,9:39:26,1.76637E+12,9:40:28,1.76637E+12,0.725,0.7264,-0.1927,5539.56,0.9044,2.9311,401100,290902,0.7253,1.011,0.725,63920900,0.724,78082500,0.723,88538500,0.722,58320600,0.721,35808500,0.726,89317900,0.727,78470000,0.728,60200200,0.729,33595300,0.73,47206100,712,0,0
sh513130,9:39:29,1.76637E+12,9:40:30,1.76637E+12,0.726,0.7264,-0.0551,5540.22,0.9044,1.937,295500,214255,0.7251,1.308,0.725,72959000,0.724,69682100,0.723,88568900,0.722,59170600,0.721,35838200,0.726,89537200,0.727,78373000,0.728,60207200,0.729,33748100,0.73,47253200,626,0,0
sh513130,9:39:29,1.76637E+12,9:40:30,1.76637E+12,0.726,0.7264,-0.0551,5540.22,0.9044,1.5731,0,0,0.726,0.693,0.725,72959000,0.724,69682100,0.723,88568900,0.722,59170600,0.721,35838200,0.726,89537200,0.727,78373000,0.728,60207200,0.729,33748100,0.73,47253200,371,0,0
sh513130,9:39:29,1.76637E+12,9:40:32,1.76637E+12,0.726,0.7264,-0.0551,5541.67,0.9044,1.5859,0,0,0.726,1.005,0.725,72959000,0.724,69682100,0.723,88568900,0.722,59170600,0.721,35838200,0.726,89537200,0.727,78373000,0.728,60207200,0.729,33748100,0.73,47253200,338,0,0
sh513130,9:39:32,1.76637E+12,9:40:32,1.76637E+12,0.726,0.7264,-0.0551,5541.67,0.9044,1.5859,194200,140886,0.7255,0.996,0.725,73764000,0.724,69925000,0.723,88863300,0.722,51826200,0.721,35838200,0.726,88228200,0.727,78699000,0.728,62190200,0.729,33836700,0.73,47518200,322,0,0
sh513130,9:39:29,1.76637E+12,9:40:34,1.76637E+12,0.726,0.7264,-0.0551,5541.47,0.9044,4.1696,0,0,0.726,0.994,0.725,72959000,0.724,69682100,0.723,88568900,0.722,59170600,0.721,35838200,0.726,89537200,0.727,78373000,0.728,60207200,0.729,33748100,0.73,47253200,316,0,1
sh513130,9:39:32,1.76637E+12,9:40:34,1.76637E+12,0.726,0.7264,-0.0551,5541.47,0.9044,4.1433,194200,140886,0.7255,1.002,0.725,73764000,0.724,69925000,0.723,88863300,0.722,51826200,0.721,35838200,0.726,88228200,0.727,78699000,0.728,62190200,0.729,33836700,0.73,47518200,120,0,0
sh513130,9:39:35,1.76637E+12,9:40:36,1.76637E+12,0.726,0.7264,-0.0551,5541.27,0.9044,4.1205,208100,151047,0.7258,1.006,0.725,73812400,0.724,70962800,0.723,88745000,0.722,51716700,0.721,35838200,0.726,86482900,0.727,79729000,0.728,63194200,0.729,33336700,0.73,47558200,339,0,0
sh513130,9:39:32,1.76637E+12,9:40:36,1.76637E+12,0.726,0.7264,-0.0551,5541.27,0.9044,5.7338,0,0,0.726,0.997,0.725,73764000,0.724,69925000,0.723,88863300,0.722,51826200,0.721,35838200,0.726,88228200,0.727,78699000,0.728,62190200,0.729,33836700,0.73,47518200,1336,0,1
sh513130,9:39:35,1.76637E+12,9:40:38,1.76637E+12,0.726,0.7264,-0.0551,5541.94,0.9044,5.3314,208100,151047,0.7258,1.017,0.725,73812400,0.724,70962800,0.723,88745000,0.722,51716700,0.721,35838200,0.726,86482900,0.727,79729000,0.728,63194200,0.729,33336700,0.73,47558200,374,0,0
sh513130,9:39:38,1.76637E+12,9:40:38,1.76637E+12,0.725,0.7264,-0.1927,5541.94,0.9044,4.6473,1167200,846479,0.7252,1.054,0.725,72957400,0.724,71984600,0.723,88771000,0.722,52718900,0.721,35855600,0.726,88683800,0.727,79800100,0.728,62204200,0.729,33838700,0.73,48703200,1428,0,0
sh513130,9:39:38,1.76637E+12,9:40:40,1.76637E+12,0.725,0.7264,-0.1927,5542.37,0.9044,4.7726,0,0,0.725,0.94,0.725,72957400,0.724,71984600,0.723,88771000,0.722,52718900,0.721,35855600,0.726,88683800,0.727,79800100,0.728,62204200,0.729,33838700,0.73,48703200,341,0,0
sh513130,9:39:38,1.76637E+12,9:40:40,1.76637E+12,0.725,0.7264,-0.1927,5542.37,0.9044,6.2358,0,0,0.725,0.991,0.725,72957400,0.724,71984600,0.723,88771000,0.722,52718900,0.721,35855600,0.726,88683800,0.727,79800100,0.728,62204200,0.729,33838700,0.73,48703200,1331,0,0
sh513130,9:39:41,1.76637E+12,9:40:42,1.76637E+12,0.726,0.7263,-0.0413,5541.96,0.9044,6.2358,436400,316721,0.7258,0.993,0.725,73842700,0.724,73667500,0.723,88657300,0.722,53246700,0.721,35761400,0.726,88556100,0.727,79860200,0.728,62336600,0.729,34008700,0.73,48926500,367,0,0
sh513130,9:39:41,1.76637E+12,9:40:42,1.76637E+12,0.726,0.7263,-0.0413,5541.96,0.9044,6.1456,0,0,0.726,1.009,0.725,73842700,0.724,73667500,0.723,88657300,0.722,53246700,0.721,35761400,0.726,88556100,0.727,79860200,0.728,62336600,0.729,34008700,0.73,48926500,1376,0,0
sh513130,9:39:41,1.76637E+12,9:40:44,1.76637E+12,0.726,0.7263,-0.0413,5542.03,0.9044,6.1253,0,0,0.726,1.012,0.725,73842700,0.724,73667500,0.723,88657300,0.722,53246700,0.721,35761400,0.726,88556100,0.727,79860200,0.728,62336600,0.729,34008700,0.73,48926500,309,0,0
sh513130,9:39:41,1.76637E+12,9:40:44,1.76637E+12,0.726,0.7263,-0.0413,5542.03,0.9044,6.1253,0,0,0.726,0.989,0.725,73842700,0.724,73667500,0.723,88657300,0.722,53246700,0.721,35761400,0.726,88556100,0.727,79860200,0.728,62336600,0.729,34008700,0.73,48926500,1298,0,0
sh513130,9:39:44,1.76637E+12,9:40:46,1.76637E+12,0.726,0.7263,-0.0413,5541.81,0.9044,4.9362,111700,81042,0.7255,1.05,0.725,74250100,0.724,74638800,0.723,88666800,0.722,53293500,0.721,36050200,0.726,87558000,0.727,80872800,0.728,63391600,0.729,34019700,0.73,50009900,37,0,0
sh513130,9:39:44,1.76637E+12,9:40:46,1.76637E+12,0.726,0.7263,-0.0413,5541.81,0.9044,4.8539,0,0,0.726,0.96,0.725,74250100,0.724,74638800,0.723,88666800,0.722,53293500,0.721,36050200,0.726,87558000,0.727,80872800,0.728,63391600,0.729,34019700,0.73,50009900,997,0,0
sh513130,9:39:44,1.76637E+12,9:40:48,1.76637E+12,0.726,0.7263,-0.0413,5541.7,0.9044,4.7725,0,0,0.726,0.998,0.725,74250100,0.724,74638800,0.723,88666800,0.722,53293500,0.721,36050200,0.726,87558000,0.727,80872800,0.728,63391600,0.729,34019700,0.73,50009900,316,0,0
sh513130,9:39:44,1.76637E+12,9:40:48,1.76637E+12,0.726,0.7263,-0.0413,5541.7,0.9044,4.7725,0,0,0.726,1.075,0.725,74250100,0.724,74638800,0.723,88666800,0.722,53293500,0.721,36050200,0.726,87558000,0.727,80872800,0.728,63391600,0.729,34019700,0.73,50009900,969,0,0
sh513130,9:39:47,1.76637E+12,9:40:50,1.76637E+12,0.726,0.7263,-0.0413,5541.85,0.9044,3.9183,746600,541810,0.7257,0.928,0.725,60918000,0.724,78254700,0.723,88672200,0.722,58293500,0.721,36050200,0.726,88308700,0.727,81777500,0.728,62327900,0.729,34034700,0.73,51031900,363,0,0
sh513130,9:39:47,1.76637E+12,9:40:50,1.76637E+12,0.726,0.7263,-0.0413,5541.85,0.9044,3.0686,0,0,0.726,1.009,0.725,60918000,0.724,78254700,0.723,88672200,0.722,58293500,0.721,36050200,0.726,88308700,0.727,81777500,0.728,62327900,0.729,34034700,0.73,51031900,710,0,0
sh513130,9:39:50,1.76637E+12,9:40:52,1.76637E+12,0.725,0.7263,-0.179,5542.37,0.9044,2.8444,1160500,842107,0.7256,1.02,0.725,68962700,0.724,69794700,0.723,88672200,0.722,54131400,0.721,36055200,0.726,87745100,0.727,82507500,0.728,62349900,0.729,34034700,0.73,51037900,389,0,0
sh513130,9:39:50,1.76637E+12,9:40:52,1.76637E+12,0.725,0.7263,-0.179,5542.37,0.9044,2.8444,0,0,0.725,0.996,0.725,68962700,0.724,69794700,0.723,88672200,0.722,54131400,0.721,36055200,0.726,87745100,0.727,82507500,0.728,62349900,0.729,34034700,0.73,51037900,524,0,0
sh513130,9:39:53,1.76637E+12,9:40:54,1.76637E+12,0.726,0.7263,-0.0413,5542.2,0.9044,3.5944,236700,171697,0.7254,0.998,0.725,73714200,0.724,69779600,0.723,88565800,0.722,54908600,0.721,36055200,0.726,88427000,0.727,83557400,0.728,62400200,0.729,34033500,0.73,53353300,361,0,0
sh513130,9:39:53,1.76637E+12,9:40:54,1.76637E+12,0.726,0.7263,-0.0413,5542.2,0.9044,2.9952,0,0,0.726,1.261,0.725,73714200,0.724,69779600,0.723,88565800,0.722,54908600,0.721,36055200,0.726,88427000,0.727,83557400,0.728,62400200,0.729,34033500,0.73,53353300,580,0,0
sh513130,9:39:53,1.76637E+12,9:40:56,1.76637E+12,0.726,0.7263,-0.0413,5541.77,0.9044,2.9388,0,0,0.726,0.746,0.725,73714200,0.724,69779600,0.723,88565800,0.722,54908600,0.721,36055200,0.726,88427000,0.727,83557400,0.728,62400200,0.729,34033500,0.73,53353300,386,0,0
sh513130,9:39:56,1.76637E+12,9:40:56,1.76637E+12,0.726,0.7257,0.0413,5541.77,0.9044,2.8834,189400,137433,0.7256,1.01,0.725,73785800,0.724,69500100,0.723,88881800,0.722,53343500,0.721,36055200,0.726,70272900,0.727,87540200,0.728,62409600,0.729,49067500,0.73,53574500,136,0,0
sh513130,9:39:56,1.76637E+12,9:40:58,1.76637E+12,0.726,0.7257,0.0413,5541.81,0.9044,2.8834,0,0,0.726,0.997,0.725,73785800,0.724,69500100,0.723,88881800,0.722,53343500,0.721,36055200,0.726,70272900,0.727,87540200,0.728,62409600,0.729,49067500,0.73,53574500,328,0,0
sh513130,9:39:56,1.76637E+12,9:40:58,1.76637E+12,0.726,0.7257,0.0413,5541.81,0.9044,4.8899,0,0,0.726,0.995,0.725,73785800,0.724,69500100,0.723,88881800,0.722,53343500,0.721,36055200,0.726,70272900,0.727,87540200,0.728,62409600,0.729,49067500,0.73,53574500,1324,0,0
sh513130,9:39:59,1.76637E+12,9:41:00,1.76637E+12,0.726,0.7263,-0.0413,5542.29,0.9044,4.8081,244200,177282,0.726,1.014,0.725,77132000,0.724,73456300,0.723,91971300,0.722,53343500,0.721,36050200,0.726,69133400,0.727,87626800,0.728,63384600,0.729,49185500,0.73,54657900,434,0,0
sh513130,9:39:59,1.76637E+12,9:41:00,1.76637E+12,0.726,0.7263,-0.0413,5542.29,0.9044,4.0442,0,0,0.726,1.07,0.725,77132000,0.724,73456300,0.723,91971300,0.722,53343500,0.721,36050200,0.726,69133400,0.727,87626800,0.728,63384600,0.729,49185500,0.73,54657900,1504,0,0
sh513130,9:39:59,1.76637E+12,9:41:02,1.76637E+12,0.726,0.7263,-0.0413,5542.81,0.9044,4.0108,0,0,0.726,0.932,0.725,77132000,0.724,73456300,0.723,91971300,0.722,53343500,0.721,36050200,0.726,69133400,0.727,87626800,0.728,63384600,0.729,49185500,0.73,54657900,406,0,0
sh513130,9:39:59,1.76637E+12,9:41:02,1.76637E+12,0.726,0.7263,-0.0413,5542.81,0.9044,4.0108,0,0,0.726,1.002,0.725,77132000,0.724,73456300,0.723,91971300,0.722,53343500,0.721,36050200,0.726,69133400,0.727,87626800,0.728,63384600,0.729,49185500,0.73,54657900,309,0,0
sh513130,9:40:02,1.76637E+12,9:41:04,1.76637E+12,0.726,0.7263,-0.0413,5544.43,0.9044,3.5036,413700,300062,0.7253,1.003,0.725,77939200,0.724,74080900,0.723,92212300,0.722,53343500,0.721,36550200,0.726,53471700,0.727,87843000,0.728,65432700,0.729,49209600,0.73,54791400,444,0,0
sh513130,9:40:02,1.76637E+12,9:41:04,1.76637E+12,0.726,0.7263,-0.0413,5544.43,0.9044,7.762,0,0,0.726,1.208,0.725,77939200,0.724,74080900,0.723,92212300,0.722,53343500,0.721,36550200,0.726,53471700,0.727,87843000,0.728,65432700,0.729,49209600,0.73,54791400,1652,0,0
sh513130,9:40:02,1.76637E+12,9:41:06,1.76637E+12,0.726,0.7263,-0.0413,5545.09,0.9044,7.6783,0,0,0.726,0.789,0.725,77939200,0.724,74080900,0.723,92212300,0.722,53343500,0.721,36550200,0.726,53471700,0.727,87843000,0.728,65432700,0.729,49209600,0.73,54791400,292,0,0
sh513130,9:40:05,1.76637E+12,9:41:06,1.76637E+12,0.725,0.7263,-0.179,5545.09,0.9044,7.5516,930600,675605,0.726,1,0.725,79255200,0.724,74933600,0.723,91242100,0.722,53256900,0.721,36555200,0.726,47282100,0.727,91778800,0.728,65447800,0.729,54249600,0.73,54811400,1292,0,0
sh513130,9:40:05,1.76637E+12,9:41:08,1.76637E+12,0.725,0.7263,-0.179,5545.64,0.9044,6.8671,0,0,0.725,1.192,0.725,79255200,0.724,74933600,0.723,91242100,0.722,53256900,0.721,36555200,0.726,47282100,0.727,91778800,0.728,65447800,0.729,54249600,0.73,54811400,247,0,0
sh513130,9:40:05,1.76637E+12,9:41:08,1.76637E+12,0.725,0.7263,-0.179,5545.64,0.9044,6.868,0,0,0.725,0.811,0.725,79255200,0.724,74933600,0.723,91242100,0.722,53256900,0.721,36555200,0.726,47282100,0.727,91778800,0.728,65447800,0.729,54249600,0.73,54811400,1059,0,0
sh513130,9:40:08,1.76637E+12,9:41:10,1.76637E+12,0.726,0.7263,-0.0413,5545,0.9044,6.4157,8388100,6089687,0.726,0.998,0.725,80431200,0.724,76097200,0.723,91173900,0.722,53281900,0.721,36548200,0.726,39673400,0.727,91729400,0.728,65495700,0.729,54275500,0.73,55010300,416,0,0
sh513130,9:40:08,1.76637E+12,9:41:10,1.76637E+12,0.726,0.7263,-0.0413,5545,0.9044,6.1481,0,0,0.726,1.013,0.725,80431200,0.724,76097200,0.723,91173900,0.722,53281900,0.721,36548200,0.726,39673400,0.727,91729400,0.728,65495700,0.729,54275500,0.73,55010300,912,0,0
sh513130,9:40:11,1.76637E+12,9:41:12,1.76637E+12,0.726,0.727,-0.1376,5545.83,0.9044,5.0287,495200,359364,0.7257,0.997,0.725,74173400,0.724,74564700,0.723,91726400,0.722,53305300,0.721,36555200,0.726,41563500,0.727,92479200,0.728,65588600,0.729,54451300,0.73,55137800,401,0,0
sh513130,9:40:11,1.76637E+12,9:41:12,1.76637E+12,0.726,0.727,-0.1376,5545.83,0.9044,4.9456,0,0,0.726,1.128,0.725,74173400,0.724,74564700,0.723,91726400,0.722,53305300,0.721,36555200,0.726,41563500,0.727,92479200,0.728,65588600,0.729,54451300,0.73,55137800,831,0,0
sh513130,9:40:11,1.76637E+12,9:41:14,1.76637E+12,0.726,0.727,-0.1376,5544.88,0.9044,4.9456,0,0,0.726,0.868,0.725,74173400,0.724,74564700,0.723,91726400,0.722,53305300,0.721,36555200,0.726,41563500,0.727,92479200,0.728,65588600,0.729,54451300,0.73,55137800,343,0,0
sh513130,9:40:14,1.76637E+12,9:41:14,1.76637E+12,0.726,0.7263,-0.0413,5544.88,0.9044,4.7749,517500,375629,0.7259,1.013,0.725,75802500,0.724,74933100,0.723,91810400,0.722,53286000,0.721,36555200,0.726,46880600,0.727,89018900,0.728,65254500,0.729,54556300,0.73,55593500,507,0,0
sh513130,9:40:14,1.76637E+12,9:41:16,1.76637E+12,0.726,0.7263,-0.0413,5545.02,0.9044,4.7086,0,0,0.726,1.008,0.725,75802500,0.724,74933100,0.723,91810400,0.722,53286000,0.721,36555200,0.726,46880600,0.727,89018900,0.728,65254500,0.729,54556300,0.73,55593500,479,0,0
sh513130,9:40:14,1.76637E+12,9:41:16,1.76637E+12,0.726,0.7263,-0.0413,5545.02,0.9044,4.6701,0,0,0.726,0.992,0.725,75802500,0.724,74933100,0.723,91810400,0.722,53286000,0.721,36555200,0.726,46880600,0.727,89018900,0.728,65254500,0.729,54556300,0.73,55593500,307,0,0
sh513130,9:40:17,1.76637E+12,9:41:18,1.76637E+12,0.726,0.7263,-0.0413,5545.46,0.9044,4.1682,747100,542394,0.726,1.007,0.725,75601000,0.724,75506000,0.723,91800700,0.722,53265800,0.721,36555200,0.726,43041400,0.727,93675400,0.728,65254500,0.729,54667600,0.73,55653500,417,0,0
sh513130,9:40:17,1.76637E+12,9:41:18,1.76637E+12,0.726,0.7263,-0.0413,5545.46,0.9044,3.9986,0,0,0.726,1.001,0.725,75601000,0.724,75506000,0.723,91800700,0.722,53265800,0.721,36555200,0.726,43041400,0.727,93675400,0.728,65254500,0.729,54667600,0.73,55653500,82,0,0
sh513130,9:40:17,1.76637E+12,9:41:20,1.76637E+12,0.726,0.7263,-0.0413,5544.98,0.9044,6.4478,0,0,0.726,0.988,0.725,75601000,0.724,75506000,0.723,91800700,0.722,53265800,0.721,36555200,0.726,43041400,0.727,93675400,0.728,65254500,0.729,54667600,0.73,55653500,430,0,0
sh513130,9:40:17,1.76637E+12,9:41:20,1.76637E+12,0.726,0.7263,-0.0413,5544.98,0.9044,6.4478,0,0,0.726,1.039,0.725,75601000,0.724,75506000,0.723,91800700,0.722,53265800,0.721,36555200,0.726,43041400,0.727,93675400,0.728,65254500,0.729,54667600,0.73,55653500,1470,0,0
sh513130,9:40:20,1.76637E+12,9:41:22,1.76637E+12,0.726,0.7263,-0.0413,5544.97,0.9044,8.361,687100,498835,0.726,0.978,0.725,76174500,0.724,76937800,0.723,91833400,0.722,53265800,0.721,36555200,0.726,43057500,0.727,93698800,0.728,66304500,0.729,54667600,0.73,55749500,447,0,0
sh513130,9:40:20,1.76637E+12,9:41:22,1.76637E+12,0.726,0.7263,-0.0413,5544.97,0.9044,8.3604,0,0,0.726,0.987,0.725,76174500,0.724,76937800,0.723,91833400,0.722,53265800,0.721,36555200,0.726,43057500,0.727,93698800,0.728,66304500,0.729,54667600,0.73,55749500,1434,0,0
sh513130,9:40:20,1.76637E+12,9:41:24,1.76637E+12,0.726,0.7263,-0.0413,5545.01,0.9044,8.1965,0,0,0.726,1.012,0.725,76174500,0.724,76937800,0.723,91833400,0.722,53265800,0.721,36555200,0.726,43057500,0.727,93698800,0.728,66304500,0.729,54667600,0.73,55749500,462,0,0
sh513130,9:40:23,1.76637E+12,9:41:24,1.76637E+12,0.726,0.7263,-0.0413,5545.01,0.9044,8.8036,281400,204284,0.726,1.019,0.725,77154400,0.724,77796200,0.723,91725100,0.722,52875000,0.721,36562200,0.726,47317800,0.727,90907400,0.728,66354500,0.729,54709300,0.73,55785000,1481,0,0
sh513130,9:40:23,1.76637E+12,9:41:26,1.76637E+12,0.726,0.7263,-0.0413,5543.84,0.9044,8.6367,0,0,0.726,1.001,0.725,77154400,0.724,77796200,0.723,91725100,0.722,52875000,0.721,36562200,0.726,47317800,0.727,90907400,0.728,66354500,0.729,54709300,0.73,55785000,439,0,0
sh513130,9:40:23,1.76637E+12,9:41:26,1.76637E+12,0.726,0.7263,-0.0413,5543.84,0.9044,8.5743,0,0,0.726,0.989,0.725,77154400,0.724,77796200,0.723,91725100,0.722,52875000,0.721,36562200,0.726,47317800,0.727,90907400,0.728,66354500,0.729,54709300,0.73,55785000,1429,0,0
sh513130,9:40:26,1.76637E+12,9:41:28,1.76637E+12,0.726,0.7263,-0.0413,5542.27,0.9044,7.9354,391400,284067,0.7258,1.013,0.725,76017900,0.724,69912000,0.723,91871100,0.722,52874500,0.721,36562200,0.726,64187300,0.727,90946200,0.728,66331500,0.729,39717300,0.73,55792800,311,0,0
sh513130,9:40:26,1.76637E+12,9:41:28,1.76637E+12,0.726,0.7263,-0.0413,5542.27,0.9044,7.9354,0,0,0.726,0.988,0.725,76017900,0.724,69912000,0.723,91871100,0.722,52874500,0.721,36562200,0.726,64187300,0.727,90946200,0.728,66331500,0.729,39717300,0.73,55792800,1299,0,0
sh513130,9:40:29,1.76637E+12,9:41:30,1.76637E+12,0.726,0.7263,-0.0413,5542.6,0.9044,7.1127,649900,471558,0.7256,1.015,0.725,75799100,0.724,70789300,0.723,92791800,0.722,52819100,0.721,36550200,0.726,74583400,0.727,91165700,0.728,67726500,0.729,35006300,0.73,56064300,91,0,0
sh513130,9:40:29,1.76637E+12,9:41:30,1.76637E+12,0.726,0.7263,-0.0413,5542.6,0.9044,7.0237,0,0,0.726,0.986,0.725,75799100,0.724,70789300,0.723,92791800,0.722,52819100,0.721,36550200,0.726,74583400,0.727,91165700,0.728,67726500,0.729,35006300,0.73,56064300,1077,0,0
sh513130,9:40:29,1.76637E+12,9:41:32,1.76637E+12,0.726,0.7263,-0.0413,5542.53,0.9044,7.3001,0,0,0.726,1.02,0.725,75799100,0.724,70789300,0.723,92791800,0.722,52819100,0.721,36550200,0.726,74583400,0.727,91165700,0.728,67726500,0.729,35006300,0.73,56064300,491,0,0
sh513130,9:40:32,1.76637E+12,9:41:32,1.76637E+12,0.726,0.7263,-0.0413,5542.53,0.9044,7.3001,796600,577989,0.7256,0.984,0.725,76062400,0.724,71527200,0.723,92574000,0.722,52820100,0.721,36550200,0.726,74652300,0.727,91263700,0.728,68591900,0.729,35016000,0.73,56064300,884,0,0
sh513130,9:40:32,1.76637E+12,9:41:34,1.76637E+12,0.726,0.7263,-0.0413,5541.98,0.9044,5.3586,0,0,0.726,1.01,0.725,76062400,0.724,71527200,0.723,92574000,0.722,52820100,0.721,36550200,0.726,74652300,0.727,91263700,0.728,68591900,0.729,35016000,0.73,56064300,495,0,0
sh513130,9:40:32,1.76637E+12,9:41:34,1.76637E+12,0.726,0.7263,-0.0413,5541.98,0.9044,5.3401,0,0,0.726,0.983,0.725,76062400,0.724,71527200,0.723,92574000,0.722,52820100,0.721,36550200,0.726,74652300,0.727,91263700,0.728,68591900,0.729,35016000,0.73,56064300,686,0,0
sh513130,9:40:32,1.76637E+12,9:41:36,1.76637E+12,0.726,0.7263,-0.0413,5542.42,0.9044,3.4733,0,0,0.726,1.029,0.725,76062400,0.724,71527200,0.723,92574000,0.722,52820100,0.721,36550200,0.726,74652300,0.727,91263700,0.728,68591900,0.729,35016000,0.73,56064300,496,0,0
sh513130,9:40:35,1.76637E+12,9:41:36,1.76637E+12,0.726,0.7263,-0.0413,5542.42,0.9044,2.8274,171700,124617,0.7258,0.988,0.725,76384400,0.724,72486200,0.723,92634000,0.722,52820200,0.721,36550300,0.726,75263600,0.727,91902900,0.728,68601700,0.729,35116000,0.73,56276000,512,0,0
sh513130,9:40:35,1.76637E+12,9:41:38,1.76637E+12,0.726,0.7263,-0.0413,5541.75,0.9044,2.2473,0,0,0.726,1.017,0.725,76384400,0.724,72486200,0.723,92634000,0.722,52820200,0.721,36550300,0.726,75263600,0.727,91902900,0.728,68601700,0.729,35116000,0.73,56276000,479,0,0
sh513130,9:40:35,1.76637E+12,9:41:38,1.76637E+12,0.726,0.7263,-0.0413,5541.75,0.9044,2.1195,0,0,0.726,1.281,0.725,76384400,0.724,72486200,0.723,92634000,0.722,52820200,0.721,36550300,0.726,75263600,0.727,91902900,0.728,68601700,0.729,35116000,0.73,56276000,480,0,0
sh513130,9:40:38,1.76637E+12,9:41:40,1.76637E+12,0.725,0.7263,-0.179,5541.51,0.9044,2.1045,908900,659812,0.7259,0.708,0.725,76453700,0.724,70501100,0.723,92558000,0.722,52800700,0.721,36571400,0.726,74744600,0.727,91893100,0.728,68811100,0.729,35131300,0.73,56298500,471,0,0
sh513130,9:40:38,1.76637E+12,9:41:40,1.76637E+12,0.725,0.7263,-0.179,5541.51,0.9044,3.6236,0,0,0.725,1.012,0.725,76453700,0.724,70501100,0.723,92558000,0.722,52800700,0.721,36571400,0.726,74744600,0.727,91893100,0.728,68811100,0.729,35131300,0.73,56298500,110,0,0
sh513130,9:40:41,1.76637E+12,9:41:42,1.76637E+12,0.726,0.7264,-0.0551,5541.01,0.9044,3.6237,328200,238100,0.7255,1.005,0.725,76670900,0.724,70501100,0.723,92130500,0.722,52800600,0.721,36568100,0.726,74928100,0.727,92095100,0.728,71099700,0.729,35490200,0.73,56330300,204,0,0
sh513130,9:40:41,1.76637E+12,9:41:42,1.76637E+12,0.726,0.7264,-0.0551,5541.01,0.9044,3.4772,0,0,0.726,0.996,0.725,76670900,0.724,70501100,0.723,92130500,0.722,52800600,0.721,36568100,0.726,74928100,0.727,92095100,0.728,71099700,0.729,35490200,0.73,56330300,1200,0,0
sh513130,9:40:41,1.76637E+12,9:41:44,1.76637E+12,0.726,0.7264,-0.0551,5540.77,0.9044,2.935,0,0,0.726,0.999,0.725,76670900,0.724,70501100,0.723,92130500,0.722,52800600,0.721,36568100,0.726,74928100,0.727,92095100,0.728,71099700,0.729,35490200,0.73,56330300,521,0,0
sh513130,9:40:44,1.76637E+12,9:41:44,1.76637E+12,0.725,0.7264,-0.1927,5540.77,0.9044,2.7433,166200,120625,0.7258,1.001,0.725,76589900,0.724,70509000,0.723,92074500,0.722,53477900,0.721,36568100,0.726,75180600,0.727,92196700,0.728,71094400,0.729,35487900,0.73,56360300,1522,0,0
sh513130,9:40:41,1.76637E+12,9:41:46,1.76637E+12,0.726,0.7264,-0.0551,5541.74,0.9044,2.6912,0,0,0.726,0.998,0.725,76670900,0.724,70501100,0.723,92130500,0.722,52800600,0.721,36568100,0.726,74928100,0.727,92095100,0.728,71099700,0.729,35490200,0.73,56330300,495,0,1
sh513130,9:40:44,1.76637E+12,9:41:46,1.76637E+12,0.725,0.7264,-0.1927,5541.74,0.9044,2.8863,166200,120625,0.7258,1.015,0.725,76589900,0.724,70509000,0.723,92074500,0.722,53477900,0.721,36568100,0.726,75180600,0.727,92196700,0.728,71094400,0.729,35487900,0.73,56360300,1510,0,0
sh513130,9:40:44,1.76637E+12,9:41:48,1.76637E+12,0.725,0.7264,-0.1927,5542.8,0.9044,1.9902,0,0,0.725,1.001,0.725,76589900,0.724,70509000,0.723,92074500,0.722,53477900,0.721,36568100,0.726,75180600,0.727,92196700,0.728,71094400,0.729,35487900,0.73,56360300,489,0,0
sh513130,9:40:47,1.76637E+12,9:41:48,1.76637E+12,0.726,0.7264,-0.0551,5542.8,0.9044,1.9515,3739600,2714900,0.726,0.993,0.725,76674100,0.724,72255000,0.723,92074700,0.722,52599100,0.721,36568100,0.726,72054600,0.727,92206900,0.728,71994400,0.729,35669300,0.73,56424700,1481,0,0
sh513130,9:40:47,1.76637E+12,9:41:50,1.76637E+12,0.726,0.7264,-0.0551,5542.1,0.9044,2.2741,0,0,0.726,1.081,0.725,76674100,0.724,72255000,0.723,92074700,0.722,52599100,0.721,36568100,0.726,72054600,0.727,92206900,0.728,71994400,0.729,35669300,0.73,56424700,375,0,0
sh513130,9:40:47,1.76637E+12,9:41:50,1.76637E+12,0.726,0.7264,-0.0551,5542.1,0.9044,2.2302,0,0,0.726,0.915,0.725,76674100,0.724,72255000,0.723,92074700,0.722,52599100,0.721,36568100,0.726,72054600,0.727,92206900,0.728,71994400,0.729,35669300,0.73,56424700,1290,0,0
sh513130,9:40:50,1.76637E+12,9:41:52,1.76637E+12,0.726,0.7264,-0.0551,5542.09,0.9044,2.2117,1217700,883997,0.726,0.998,0.725,75924900,0.724,73042700,0.723,92093700,0.722,52543500,0.721,36568600,0.726,70907100,0.727,92270500,0.728,73914400,0.729,35706900,0.73,56424700,96,0,0
sh513130,9:40:50,1.76637E+12,9:41:52,1.76637E+12,0.726,0.7264,-0.0551,5542.09,0.9044,1.4793,0,0,0.726,0.998,0.725,75924900,0.724,73042700,0.723,92093700,0.722,52543500,0.721,36568600,0.726,70907100,0.727,92270500,0.728,73914400,0.729,35706900,0.73,56424700,1094,0,0
sh513130,9:40:53,1.76637E+12,9:41:54,1.76637E+12,0.725,0.7264,-0.1927,5541.96,0.9044,1.2777,119000,86302,0.7252,1.018,0.725,76204500,0.724,73872900,0.723,92193700,0.722,52493500,0.721,36568600,0.726,71445500,0.727,92468500,0.728,74785200,0.729,35886900,0.73,56456200,500,0,0
sh513130,9:40:53,1.76637E+12,9:41:54,1.76637E+12,0.725,0.7264,-0.1927,5541.96,0.9044,1.2777,0,0,0.725,0.986,0.725,76204500,0.724,73872900,0.723,92193700,0.722,52493500,0.721,36568600,0.726,71445500,0.727,92468500,0.728,74785200,0.729,35886900,0.73,56456200,893,0,0
sh513130,9:40:53,1.76637E+12,9:41:56,1.76637E+12,0.725,0.7264,-0.1927,5543.29,0.9044,1.7395,0,0,0.725,1.012,0.725,76204500,0.724,73872900,0.723,92193700,0.722,52493500,0.721,36568600,0.726,71445500,0.727,92468500,0.728,74785200,0.729,35886900,0.73,56456200,522,0,0
sh513130,9:40:53,1.76637E+12,9:41:56,1.76637E+12,0.725,0.7264,-0.1927,5543.29,0.9044,1.7395,0,0,0.725,0.991,0.725,76204500,0.724,73872900,0.723,92193700,0.722,52493500,0.721,36568600,0.726,71445500,0.727,92468500,0.728,74785200,0.729,35886900,0.73,56456200,557,0,0
sh513130,9:40:56,1.76637E+12,9:41:58,1.76637E+12,0.726,0.7264,-0.0551,5543.99,0.9044,1.9238,278300,201871,0.7254,1.012,0.725,76023100,0.724,74082600,0.723,92243700,0.722,52161000,0.721,36569000,0.726,68078300,0.727,96472500,0.728,74821700,0.729,35890900,0.73,56490900,469,0,0
sh513130,9:40:56,1.76637E+12,9:41:58,1.76637E+12,0.726,0.7264,-0.0551,5543.99,0.9044,1.7253,0,0,0.726,1.003,0.725,76023100,0.724,74082600,0.723,92243700,0.722,52161000,0.721,36569000,0.726,68078300,0.727,96472500,0.728,74821700,0.729,35890900,0.73,56490900,501,0,0
sh513130,9:40:56,1.76637E+12,9:42:00,1.76637E+12,0.726,0.7264,-0.0551,5543.54,0.9044,1.3298,0,0,0.726,0.992,0.725,76023100,0.724,74082600,0.723,92243700,0.722,52161000,0.721,36569000,0.726,68078300,0.727,96472500,0.728,74821700,0.729,35890900,0.73,56490900,463,0,0
sh513130,9:40:59,1.76637E+12,9:42:00,1.76637E+12,0.726,0.7264,-0.0551,5543.54,0.9044,1.6961,378800,274859,0.7256,1.044,0.725,76016100,0.724,75032900,0.723,92243700,0.722,52171000,0.721,36619000,0.726,53080300,0.727,96700900,0.728,75875100,0.729,35764200,0.73,56511400,337,0,0
sh513130,9:40:59,1.76637E+12,9:42:02,1.76637E+12,0.726,0.7264,-0.0551,5544.35,0.9044,1.8075,0,0,0.726,0.966,0.725,76016100,0.724,75032900,0.723,92243700,0.722,52171000,0.721,36619000,0.726,53080300,0.727,96700900,0.728,75875100,0.729,35764200,0.73,56511400,458,0,0
sh513130,9:41:02,1.76637E+12,9:42:02,1.76637E+12,0.726,0.7264,-0.0551,5544.35,0.9044,1.7998,1154000,837735,0.7259,0.999,0.725,77084600,0.724,75410700,0.723,91396600,0.722,52184800,0.721,36619000,0.726,45986400,0.727,96746700,0.728,76985100,0.729,51263700,0.73,56516500,85,0,0
sh513130,9:41:02,1.76637E+12,9:42:04,1.76637E+12,0.726,0.7264,-0.0551,5544.71,0.9044,1.8775,0,0,0.726,1,0.725,77084600,0.724,75410700,0.723,91396600,0.722,52184800,0.721,36619000,0.726,45986400,0.727,96746700,0.728,76985100,0.729,51263700,0.73,56516500,527,0,0
sh513130,9:41:02,1.76637E+12,9:42:04,1.76637E+12,0.726,0.7264,-0.0551,5544.71,0.9044,4.3262,0,0,0.726,1.015,0.725,77084600,0.724,75410700,0.723,91396600,0.722,52184800,0.721,36619000,0.726,45986400,0.727,96746700,0.728,76985100,0.729,51263700,0.73,56516500,1541,0,0
sh513130,9:41:02,1.76637E+12,9:42:06,1.76637E+12,0.726,0.7264,-0.0551,5545.95,0.9044,4.3262,0,0,0.726,1.187,0.725,77084600,0.724,75410700,0.723,91396600,0.722,52184800,0.721,36619000,0.726,45986400,0.727,96746700,0.728,76985100,0.729,51263700,0.73,56516500,658,0,0
sh513130,9:41:05,1.76637E+12,9:42:06,1.76637E+12,0.725,0.7264,-0.1927,5545.95,0.9044,6.1348,97000,70402,0.7258,0.81,0.725,77249900,0.724,76087200,0.723,91302200,0.722,52184000,0.721,36619000,0.726,44920100,0.727,96746700,0.728,76993100,0.729,56266900,0.73,56890000,1468,0,0
sh513130,9:41:05,1.76637E+12,9:42:08,1.76637E+12,0.725,0.7264,-0.1927,5544.96,0.9044,6.0449,0,0,0.725,1.01,0.725,77249900,0.724,76087200,0.723,91302200,0.722,52184000,0.721,36619000,0.726,44920100,0.727,96746700,0.728,76993100,0.729,56266900,0.73,56890000,467,0,0
sh513130,9:41:05,1.76637E+12,9:42:08,1.76637E+12,0.725,0.7264,-0.1927,5544.96,0.9044,7.3116,0,0,0.725,0.99,0.725,77249900,0.724,76087200,0.723,91302200,0.722,52184000,0.721,36619000,0.726,44920100,0.727,96746700,0.728,76993100,0.729,56266900,0.73,56890000,1457,0,0
sh513130,9:41:08,1.76637E+12,9:42:10,1.76637E+12,0.726,0.7264,-0.0551,5544.84,0.9044,6.1228,482200,349952,0.7257,1,0.725,72180800,0.724,72122100,0.723,86430600,0.722,52199000,0.721,36433700,0.726,44897200,0.727,92117000,0.728,72003300,0.729,51295300,0.73,56890000,495,0,0
sh513130,9:41:08,1.76637E+12,9:42:10,1.76637E+12,0.726,0.7264,-0.0551,5544.84,0.9044,6.0329,0,0,0.726,1.005,0.725,72180800,0.724,72122100,0.723,86430600,0.722,52199000,0.721,36433700,0.726,44897200,0.727,92117000,0.728,72003300,0.729,51295300,0.73,56890000,1500,0,0
sh513130,9:41:08,1.76637E+12,9:42:12,1.76637E+12,0.726,0.7264,-0.0551,5544.7,0.9044,5.9532,0,0,0.726,1.059,0.725,72180800,0.724,72122100,0.723,86430600,0.722,52199000,0.721,36433700,0.726,44897200,0.727,92117000,0.728,72003300,0.729,51295300,0.73,56890000,188,0,0
sh513130,9:41:11,1.76637E+12,9:42:12,1.76637E+12,0.725,0.7264,-0.1927,5544.7,0.9044,5.8776,837200,607736,0.7259,0.937,0.725,72535200,0.724,74079400,0.723,86437000,0.722,52199000,0.721,36433700,0.726,42072700,0.727,92325000,0.728,72031600,0.729,51315300,0.73,56835400,1125,0,0
sh513130,9:41:11,1.76637E+12,9:42:14,1.76637E+12,0.725,0.7264,-0.1927,5545.03,0.9044,5.7912,0,0,0.725,1.009,0.725,72535200,0.724,74079400,0.723,86437000,0.722,52199000,0.721,36433700,0.726,42072700,0.727,92325000,0.728,72031600,0.729,51315300,0.73,56835400,105,0,0
sh513130,9:41:11,1.76637E+12,9:42:14,1.76637E+12,0.725,0.7264,-0.1927,5545.03,0.9044,5.6275,0,0,0.725,1.003,0.725,72535200,0.724,74079400,0.723,86437000,0.722,52199000,0.721,36433700,0.726,42072700,0.727,92325000,0.728,72031600,0.729,51315300,0.73,56835400,1108,0,0
sh513130,9:41:14,1.76637E+12,9:42:16,1.76637E+12,0.725,0.7264,-0.1927,5544.18,0.9044,5.5486,563900,409045,0.7254,0.998,0.725,72338200,0.724,74944100,0.723,86447000,0.722,52249000,0.721,36463700,0.726,42793400,0.727,92800600,0.728,72325400,0.729,51273100,0.73,56845400,506,0,0
sh513130,9:41:14,1.76637E+12,9:42:16,1.76637E+12,0.725,0.7264,-0.1927,5544.18,0.9044,5.4738,0,0,0.725,0.998,0.725,72338200,0.724,74944100,0.723,86447000,0.722,52249000,0.721,36463700,0.726,42793400,0.727,92800600,0.728,72325400,0.729,51273100,0.73,56845400,901,0,0
sh513130,9:41:17,1.76637E+12,9:42:18,1.76637E+12,0.726,0.7264,-0.0551,5543.95,0.9044,5.4738,51500,37369,0.7256,0.991,0.725,72438600,0.724,75621500,0.723,86637500,0.722,52285000,0.721,36463700,0.726,44165300,0.727,92803000,0.728,72352400,0.729,51333100,0.73,56896900,461,0,0
sh513130,9:41:17,1.76637E+12,9:42:18,1.76637E+12,0.726,0.7264,-0.0551,5543.95,0.9044,6.0121,0,0,0.726,1.188,0.725,72438600,0.724,75621500,0.723,86637500,0.722,52285000,0.721,36463700,0.726,44165300,0.727,92803000,0.728,72352400,0.729,51333100,0.73,56896900,861,0,0
sh513130,9:41:17,1.76637E+12,9:42:20,1.76637E+12,0.726,0.7264,-0.0551,5543.73,0.9044,3.2568,0,0,0.726,0.851,0.725,72438600,0.724,75621500,0.723,86637500,0.722,52285000,0.721,36463700,0.726,44165300,0.727,92803000,0.728,72352400,0.729,51333100,0.73,56896900,543,0,0
sh513130,9:41:17,1.76637E+12,9:42:20,1.76637E+12,0.726,0.7264,-0.0551,5543.73,0.9044,2.833,0,0,0.726,1.06,0.725,72438600,0.724,75621500,0.723,86637500,0.722,52285000,0.721,36463700,0.726,44165300,0.727,92803000,0.728,72352400,0.729,51333100,0.73,56896900,531,0,0
sh513130,9:41:20,1.76637E+12,9:42:22,1.76637E+12,0.726,0.7264,-0.0551,5544.02,0.9044,2.3423,35500,25752,0.7254,0.931,0.725,72520000,0.724,75937900,0.723,86642500,0.722,51897700,0.721,36463700,0.726,44822600,0.727,92937600,0.728,72472500,0.729,51369100,0.73,57000500,542,0,0
sh513130,9:41:20,1.76637E+12,9:42:22,1.76637E+12,0.726,0.7264,-0.0551,5544.02,0.9044,2.3423,0,0,0.726,0.988,0.725,72520000,0.724,75937900,0.723,86642500,0.722,51897700,0.721,36463700,0.726,44822600,0.727,92937600,0.728,72472500,0.729,51369100,0.73,57000500,207,0,0
sh513130,9:41:23,1.76637E+12,9:42:24,1.76637E+12,0.726,0.7264,-0.0551,5543.59,0.9044,2.2971,783300,568674,0.726,0.995,0.725,73142700,0.724,75928000,0.723,86531400,0.722,51902700,0.721,36498500,0.726,44776100,0.727,93016700,0.728,73383200,0.729,51419300,0.73,57108600,245,0,0
sh513130,9:41:23,1.76637E+12,9:42:24,1.76637E+12,0.726,0.7264,-0.0551,5543.59,0.9044,0.2155,0,0,0.726,1.019,0.725,73142700,0.724,75928000,0.723,86531400,0.722,51902700,0.721,36498500,0.726,44776100,0.727,93016700,0.728,73383200,0.729,51419300,0.73,57108600,142,0,0
sh513130,9:41:23,1.76637E+12,9:42:26,1.76637E+12,0.726,0.7264,-0.0551,5543.51,0.9044,0.2155,0,0,0.726,1.012,0.725,73142700,0.724,75928000,0.723,86531400,0.722,51902700,0.721,36498500,0.726,44776100,0.727,93016700,0.728,73383200,0.729,51419300,0.73,57108600,547,0,0
sh513130,9:41:26,1.76637E+12,9:42:26,1.76637E+12,0.726,0.7264,-0.0551,5543.51,0.9044,0.207,242700,176116,0.7257,0.983,0.725,77774200,0.724,75660700,0.723,87852500,0.722,51903700,0.721,36498500,0.726,63864200,0.727,89260500,0.728,74203300,0.729,36485200,0.73,57250700,1530,0,0
sh513130,9:41:26,1.76637E+12,9:42:28,1.76637E+12,0.726,0.7264,-0.0551,5544.37,0.9044,0.2028,0,0,0.726,1.009,0.725,77774200,0.724,75660700,0.723,87852500,0.722,51903700,0.721,36498500,0.726,63864200,0.727,89260500,0.728,74203300,0.729,36485200,0.73,57250700,511,0,0
sh513130,9:41:26,1.76637E+12,9:42:28,1.76637E+12,0.726,0.7264,-0.0551,5544.37,0.9044,0.2028,0,0,0.726,0.992,0.725,77774200,0.724,75660700,0.723,87852500,0.722,51903700,0.721,36498500,0.726,63864200,0.727,89260500,0.728,74203300,0.729,36485200,0.73,57250700,1503,0,0
sh513130,9:41:29,1.76637E+12,9:42:30,1.76637E+12,0.726,0.727,-0.1376,5544.17,0.9044,5.2726,919000,666792,0.7256,1.017,0.725,79089300,0.724,75724900,0.723,86890000,0.722,52522300,0.721,36522700,0.726,59683400,0.727,93313000,0.728,75085700,0.729,36486300,0.73,57327200,529,0,0
sh513130,9:41:29,1.76637E+12,9:42:30,1.76637E+12,0.726,0.727,-0.1376,5544.17,0.9044,4.4462,0,0,0.726,0.987,0.725,79089300,0.724,75724900,0.723,86890000,0.722,52522300,0.721,36522700,0.726,59683400,0.727,93313000,0.728,75085700,0.729,36486300,0.73,57327200,1516,0,0
sh513130,9:41:29,1.76637E+12,9:42:32,1.76637E+12,0.726,0.727,-0.1376,5545.47,0.9044,4.4462,0,0,0.726,1.009,0.725,79089300,0.724,75724900,0.723,86890000,0.722,52522300,0.721,36522700,0.726,59683400,0.727,93313000,0.728,75085700,0.729,36486300,0.73,57327200,556,0,0
sh513130,9:41:32,1.76637E+12,9:42:32,1.76637E+12,0.726,0.727,-0.1376,5545.47,0.9044,6.9518,175300,127267,0.726,1.204,0.725,79214600,0.724,75784900,0.723,86890000,0.722,52615300,0.721,36022700,0.726,45305300,0.727,93956200,0.728,75603500,0.729,52126300,0.73,57406400,1760,0,0
sh513130,9:41:32,1.76637E+12,9:42:34,1.76637E+12,0.726,0.727,-0.1376,5545.22,0.9044,5.9642,0,0,0.726,0.811,0.725,79214600,0.724,75784900,0.723,86890000,0.722,52615300,0.721,36022700,0.726,45305300,0.727,93956200,0.728,75603500,0.729,52126300,0.73,57406400,305,0,0
sh513130,9:41:32,1.76637E+12,9:42:34,1.76637E+12,0.726,0.727,-0.1376,5545.22,0.9044,5.9642,0,0,0.726,0.975,0.725,79214600,0.724,75784900,0.723,86890000,0.722,52615300,0.721,36022700,0.726,45305300,0.727,93956200,0.728,75603500,0.729,52126300,0.73,57406400,1280,0,0
sh513130,9:41:35,1.76637E+12,9:42:36,1.76637E+12,0.726,0.727,-0.1376,5545.25,0.9044,4.2563,333300,241949,0.7259,1.009,0.725,79372900,0.724,75703300,0.723,86528200,0.722,52115300,0.721,36022700,0.726,45346200,0.727,94026200,0.728,75704000,0.729,52199900,0.73,57419900,152,0,0
sh513130,9:41:35,1.76637E+12,9:42:36,1.76637E+12,0.726,0.727,-0.1376,5545.25,0.9044,4.2401,0,0,0.726,1.008,0.725,79372900,0.724,75703300,0.723,86528200,0.722,52115300,0.721,36022700,0.726,45346200,0.727,94026200,0.728,75704000,0.729,52199900,0.73,57419900,1160,0,0
sh513130,9:41:35,1.76637E+12,9:42:38,1.76637E+12,0.726,0.727,-0.1376,5545.73,0.9044,4.6675,0,0,0.726,0.998,0.725,79372900,0.724,75703300,0.723,86528200,0.722,52115300,0.721,36022700,0.726,45346200,0.727,94026200,0.728,75704000,0.729,52199900,0.73,57419900,508,0,0
sh513130,9:41:35,1.76637E+12,9:42:38,1.76637E+12,0.726,0.727,-0.1376,5545.73,0.9044,4.588,0,0,0.726,1.002,0.725,79372900,0.724,75703300,0.723,86528200,0.722,52115300,0.721,36022700,0.726,45346200,0.727,94026200,0.728,75704000,0.729,52199900,0.73,57419900,952,0,0
sh513130,9:41:38,1.76637E+12,9:42:40,1.76637E+12,0.725,0.727,-0.2751,5545.05,0.9044,4.5742,344000,249708,0.7259,1,0.725,79498300,0.724,75402900,0.723,87396800,0.722,52115300,0.721,36000400,0.726,46881300,0.727,94176200,0.728,75697800,0.729,52281100,0.73,57419900,564,0,0
sh513130,9:41:38,1.76637E+12,9:42:40,1.76637E+12,0.725,0.727,-0.2751,5545.05,0.9044,4.4698,0,0,0.725,0.999,0.725,79498300,0.724,75402900,0.723,87396800,0.722,52115300,0.721,36000400,0.726,46881300,0.727,94176200,0.728,75697800,0.729,52281100,0.73,57419900,754,0,0
sh513130,9:41:41,1.76637E+12,9:42:42,1.76637E+12,0.726,0.727,-0.1376,5545.99,0.9044,4.4637,1069200,776186,0.726,1.099,0.725,80889300,0.724,75472900,0.723,87416200,0.722,52045500,0.721,36000800,0.726,46964800,0.727,94464800,0.728,75758700,0.729,52241100,0.73,57576300,635,0,0
sh513130,9:41:41,1.76637E+12,9:42:42,1.76637E+12,0.726,0.727,-0.1376,5545.99,0.9044,4.4637,0,0,0.726,0.9,0.725,80889300,0.724,75472900,0.723,87416200,0.722,52045500,0.721,36000800,0.726,46964800,0.727,94464800,0.728,75758700,0.729,52241100,0.73,57576300,553,0,0
sh513130,9:41:41,1.76637E+12,9:42:44,1.76637E+12,0.726,0.727,-0.1376,5546.11,0.9044,3.871,0,0,0.726,0.993,0.725,80889300,0.724,75472900,0.723,87416200,0.722,52045500,0.721,36000800,0.726,46964800,0.727,94464800,0.728,75758700,0.729,52241100,0.73,57576300,529,0,0
sh513130,9:41:41,1.76637E+12,9:42:44,1.76637E+12,0.726,0.727,-0.1376,5546.11,0.9044,3.7292,0,0,0.726,1.007,0.725,80889300,0.724,75472900,0.723,87416200,0.722,52045500,0.721,36000800,0.726,46964800,0.727,94464800,0.728,75758700,0.729,52241100,0.73,57576300,343,0,0
sh513130,9:41:44,1.76637E+12,9:42:46,1.76637E+12,0.726,0.7264,-0.0551,5546.57,0.9044,3.7292,337700,244949,0.7253,1.005,0.725,81748000,0.724,75355000,0.723,86421800,0.722,51632700,0.721,36000800,0.726,47130100,0.727,94821500,0.728,75758700,0.729,52283900,0.73,57580000,563,0,0
sh513130,9:41:44,1.76637E+12,9:42:46,1.76637E+12,0.726,0.7264,-0.0551,5546.57,0.9044,5.7661,0,0,0.726,1.019,0.725,81748000,0.724,75355000,0.723,86421800,0.722,51632700,0.721,36000800,0.726,47130100,0.727,94821500,0.728,75758700,0.729,52283900,0.73,57580000,154,0,0
sh513130,9:41:47,1.76637E+12,9:42:48,1.76637E+12,0.725,0.7264,-0.1927,5548.87,0.9044,5.7663,4274100,3102989,0.726,0.977,0.725,81930900,0.724,75380000,0.723,85420800,0.722,51632700,0.721,36000800,0.726,38783800,0.727,94843300,0.728,75905700,0.729,52297300,0.73,57630000,565,0,0
sh513130,9:41:47,1.76637E+12,9:42:48,1.76637E+12,0.725,0.7264,-0.1927,5548.87,0.9044,7.0375,0,0,0.725,1.024,0.725,81930900,0.724,75380000,0.723,85420800,0.722,51632700,0.721,36000800,0.726,38783800,0.727,94843300,0.728,75905700,0.729,52297300,0.73,57630000,1589,0,0
