symbol,tx_server_time,tx_local_time,index_price,fx_rate,sentiment,price,iopv,premium_rate,tick_vol,tick_amt,tick_vwap,bp1,bv1,bp2,bv2,bp3,bv3,bp4,bv4,bp5,bv5,sp1,sv1,sp2,sv2,sp3,sv3,sp4,sv4,sp5,sv5,idx_delay_ms,fut_delay_ms,data_flags
sh513130,09:30:05,1767058208226,5506.56,0.9008,2.4165,0.718,0.717,0.1395,0,0,0.718,0.717,5643000,0.716,15129800,0.715,23271000,0.714,26292100,0.713,26921400,0.718,19555800,0.719,24429200,0.72,28983200,0.721,20098600,0.722,20244500,475,100,1
sh513130,09:30:08,1767058211222,5508.11,0.9008,2.3238,0.718,0.717,0.1395,1140000,817608,0.7172,0.717,6349600,0.716,17770900,0.715,25776900,0.714,28278400,0.713,26957100,0.718,23497100,0.719,26845900,0.72,30580600,0.721,20112500,0.722,21344700,1413,100,0
sh513130,09:30:11,1767058214232,5507.98,0.9008,3.1916,0.718,0.717,0.1395,2535900,1818579,0.7171,0.717,5604200,0.716,24330300,0.715,27893600,0.714,28282500,0.713,20950700,0.718,20674200,0.719,26845500,0.72,30635200,0.721,19398000,0.722,21532900,210,100,0
sh513130,09:30:14,1767058217238,5509.44,0.9008,7.0781,0.717,0.717,0.0,1490100,1068895,0.7173,0.717,6098000,0.716,26070000,0.715,29775100,0.714,28344700,0.713,20125500,0.718,19372100,0.719,25959700,0.72,31105600,0.721,20979100,0.722,21733500,1048,100,0
sh513130,09:30:17,1767058219246,5510.55,0.9008,6.3861,0.717,0.717,0.0,361500,259228,0.7171,0.717,7338000,0.716,27026500,0.715,31977500,0.714,28642300,0.713,20216200,0.718,19779600,0.719,24062800,0.72,30217800,0.721,23126600,0.722,20833500,891,100,0
sh513130,09:30:20,1767058222246,5515.78,0.9008,6.966,0.718,0.7183,-0.0418,338300,242713,0.7174,0.717,9639900,0.716,27242000,0.715,32435000,0.714,29165600,0.713,20439200,0.718,20339000,0.719,24177500,0.72,30901600,0.721,23278100,0.722,20837100,458,100,0
sh513130,09:30:23,1767058226242,5519.74,0.9008,5.2227,0.718,0.7183,-0.0418,1509000,1082689,0.7175,0.717,16253800,0.716,29624900,0.715,35010600,0.714,27613500,0.713,20715500,0.718,19144200,0.719,23374000,0.72,33041800,0.721,27429800,0.722,21849100,461,100,0
sh513130,09:30:26,1767058228243,5516.39,0.9008,4.3337,0.718,0.7183,-0.0418,3597800,2580736,0.7173,0.717,23786200,0.716,30404500,0.715,35447800,0.714,21367500,0.713,21111600,0.718,16280200,0.719,20442500,0.72,33114000,0.721,26455000,0.722,23958100,423,100,0
sh513130,09:30:29,1767058232244,5517.43,0.9008,3.5514,0.719,0.7183,0.0975,18819800,13511891,0.718,0.718,1304100,0.717,32042900,0.716,32184600,0.715,35913500,0.714,20528400,0.719,20642800,0.72,33605200,0.721,25974100,0.722,25485900,0.723,18502200,463,100,0
sh513130,09:30:32,1767058235251,5517.18,0.9008,4.0584,0.718,0.7183,-0.0418,2705700,1942721,0.718,0.718,7659500,0.717,28117000,0.716,34820500,0.715,36168100,0.714,21911800,0.719,23200500,0.72,34514400,0.721,26924100,0.722,26498600,0.723,19502200,1511,100,0
sh513130,09:30:35,1767058238244,5514.69,0.9008,3.1619,0.718,0.7183,-0.0418,785200,563830,0.7181,0.718,21684600,0.717,32310200,0.716,34964000,0.715,34810800,0.714,19610000,0.719,19215700,0.72,33552400,0.721,26926100,0.722,26513100,0.723,18704800,423,100,0
sh513130,09:30:38,1767058241253,5516.2,0.9008,2.3222,0.718,0.7183,-0.0418,634100,455398,0.7182,0.718,40995900,0.717,33679100,0.716,35183000,0.715,35235000,0.714,19615000,0.719,21457200,0.72,35799100,0.721,26907800,0.722,26633100,0.723,19709800,1276,100,0
sh513130,09:30:41,1767058245241,5516.51,0.9008,2.8931,0.719,0.719,0.0,4494600,3231263,0.7189,0.718,33679200,0.717,32791100,0.716,35566900,0.715,35255400,0.714,19615000,0.719,18380200,0.72,36329100,0.721,26912800,0.722,26643100,0.723,19709800,908,100,0
sh513130,09:30:44,1767058248248,5519.38,0.9008,2.0686,0.718,0.719,-0.1391,1630400,1171169,0.7183,0.718,34214500,0.717,33210500,0.716,35553900,0.715,35406800,0.714,19615000,0.719,15354500,0.72,37093200,0.721,26912800,0.722,26643100,0.723,19710800,250,100,0
sh513130,09:30:47,1767058251267,5518.69,0.9008,1.8491,0.718,0.719,-0.1391,139800,100510,0.719,0.718,37240900,0.717,33408300,0.716,35210900,0.715,35404900,0.714,19615000,0.719,21426200,0.72,37238600,0.721,26912800,0.722,26643100,0.723,19710800,443,100,0
sh513130,09:30:50,1767058253259,5518.93,0.9008,1.7136,0.719,0.719,0.0,2411100,1733516,0.719,0.718,43569500,0.717,33831900,0.716,33671100,0.715,33119200,0.714,19615000,0.719,18884700,0.72,37810100,0.721,26874800,0.722,26672800,0.723,19710800,258,100,0
sh513130,09:30:53,1767058256268,5519.52,0.9008,4.0703,0.719,0.719,0.0,5983500,4302091,0.719,0.718,51346800,0.717,33755700,0.716,31910100,0.715,28724200,0.714,19635000,0.719,14154400,0.72,37810100,0.721,26924800,0.722,26694800,0.723,19710800,517,100,0
sh513130,09:30:56,1767058259256,5522.58,0.9008,5.7713,0.719,0.7183,0.0975,14609900,10504508,0.719,0.719,19355400,0.718,55662900,0.717,33760300,0.716,31843100,0.715,25696500,0.72,37541400,0.721,26996300,0.722,26794800,0.723,19765800,0.724,20634100,1437,100,0
sh513130,09:30:59,1767058263262,5525.01,0.9008,5.697,0.719,0.7197,-0.0973,230300,165622,0.7192,0.719,27471500,0.718,54318000,0.717,34046400,0.716,31951500,0.715,25676500,0.72,32290400,0.721,26996300,0.722,26854800,0.723,24265800,0.724,20634100,1451,100,0
sh513130,09:31:02,1767058265259,5522.79,0.9008,8.2226,0.719,0.7197,-0.0973,665100,478248,0.7191,0.719,23574600,0.718,53608300,0.717,32481500,0.716,30067800,0.715,25472100,0.72,33812100,0.721,27011300,0.722,26914200,0.723,22965900,0.724,20634200,1453,100,0
sh513130,09:31:05,1767058268269,5525.3,0.9008,5.5715,0.719,0.7197,-0.0973,1551600,1115736,0.7191,0.719,23095200,0.718,54131200,0.717,28588300,0.716,29863000,0.715,25593700,0.72,31880200,0.721,26311300,0.722,26994200,0.723,24615900,0.724,20634200,140,100,0
sh513130,09:31:08,1767058272285,5525.7,0.9008,5.9952,0.719,0.7197,-0.0973,1311200,943818,0.7198,0.719,40076500,0.718,69676700,0.717,43644600,0.716,29983000,0.715,25587800,0.72,31182300,0.721,35352000,0.722,35024300,0.723,32615900,0.724,20634200,517,100,0
sh513130,09:31:11,1767058274287,5523.89,0.9008,3.5921,0.719,0.7197,-0.0973,1059600,762878,0.72,0.719,54618900,0.718,68658100,0.717,43718500,0.716,30082000,0.715,25665400,0.72,38346800,0.721,35397600,0.722,35203600,0.723,24615900,0.724,20639200,496,100,0
sh513130,09:31:14,1767058277288,5523.22,0.9008,4.1034,0.72,0.7197,0.0417,4816900,3467167,0.7198,0.719,43281000,0.718,69037100,0.717,44107000,0.716,30032900,0.715,25665400,0.72,39089800,0.721,35143800,0.722,35399600,0.723,20115900,0.724,20639200,540,100,0
sh513130,09:31:17,1767058279288,5522.66,0.9008,7.0501,0.72,0.7197,0.0417,7992200,5754310,0.72,0.719,27282700,0.718,68719200,0.717,45092400,0.716,44998900,0.715,25665400,0.72,32656900,0.721,38363900,0.722,35379600,0.723,20088300,0.724,20649200,376,100,0
sh513130,09:31:20,1767058283296,5521.26,0.9008,2.5085,0.72,0.7203,-0.0416,997000,717539,0.7197,0.719,42206600,0.718,68614400,0.717,46196500,0.716,29970500,0.715,25634000,0.72,30712200,0.721,38363900,0.722,35413600,0.723,20058300,0.724,20649200,48,100,0
sh513130,09:31:23,1767058286293,5521.39,0.9008,2.1141,0.72,0.7203,-0.0416,1970800,1418383,0.7197,0.719,44806900,0.718,68800200,0.717,47702200,0.716,29990500,0.715,25110600,0.72,21409600,0.721,38399000,0.722,35436300,0.723,20058300,0.724,20649200,469,100,0
sh513130,09:31:26,1767058289289,5523.64,0.9008,5.36,0.72,0.7197,0.0417,7119900,5126261,0.72,0.719,45271900,0.718,68794200,0.717,47722100,0.716,29985500,0.715,25134400,0.72,14142900,0.721,37815000,0.722,37888100,0.723,31046800,0.724,20726500,1485,100,0
sh513130,09:31:29,1767058293298,5522.88,0.9008,2.0288,0.72,0.7197,0.0417,10776700,7759194,0.72,0.719,47113500,0.718,68911600,0.717,48780300,0.716,28809500,0.715,25164000,0.72,17006900,0.721,37893000,0.722,37908100,0.723,20116600,0.724,20726500,1371,100,0
sh513130,09:31:32,1767058294296,5522.11,0.9008,1.7658,0.72,0.7197,0.0417,2964500,2134430,0.72,0.719,32817200,0.718,68882700,0.717,49532800,0.716,28834300,0.715,25164000,0.72,8283700,0.721,39544400,0.722,38821300,0.723,21208600,0.724,21244700,208,100,0
sh513130,09:31:35,1767058297294,5522.04,0.9008,0.7852,0.72,0.7197,0.0417,6759800,4867056,0.72,0.719,48060900,0.718,53701500,0.717,49510600,0.716,28834300,0.715,26135800,0.72,14628800,0.721,39788400,0.722,38888900,0.723,21209900,0.724,21609700,1050,100,0
sh513130,09:31:38,1767058301305,5524.77,0.9008,2.1888,0.719,0.7197,-0.0973,8555000,6159600,0.72,0.72,37400,0.719,50934100,0.718,54838700,0.717,49285400,0.716,29262500,0.721,39909300,0.722,40122500,0.723,30521200,0.724,21614700,0.725,21051500,737,100,0
sh513130,09:31:41,1767058304304,5524.57,0.9008,3.2316,0.72,0.7197,0.0417,7603400,5474448,0.72,0.72,1592100,0.719,50485600,0.718,54846700,0.717,49707700,0.716,29344900,0.721,37750100,0.722,39384500,0.723,30521200,0.724,21619700,0.725,21051600,498,100,0
sh513130,09:31:44,1767058307315,5523.82,0.9008,4.4023,0.72,0.7197,0.0417,3909700,2814994,0.72,0.72,1537000,0.719,50975100,0.718,54841700,0.717,49780300,0.716,29344900,0.721,37797600,0.722,40288700,0.723,22521200,0.724,21646900,0.725,21070100,267,100,0
sh513130,09:31:47,1767058310302,5523.82,0.9008,2.1903,0.719,0.7197,-0.0973,1632200,1175186,0.72,0.72,24400,0.719,51042900,0.718,55024700,0.717,49918300,0.716,29349900,0.721,37892800,0.722,40957700,0.723,22541200,0.724,21646900,0.725,21150500,495,100,0
sh513130,09:31:50,1767058313303,5525.08,0.9008,2.9178,0.72,0.7197,0.0417,4082900,2939793,0.72,0.72,363000,0.719,48856900,0.718,54083000,0.717,50028600,0.716,29349900,0.721,38364600,0.722,41037700,0.723,23413200,0.724,21746900,0.725,21126900,1506,100,0
sh513130,09:31:53,1767058317306,5525.88,0.9008,2.6551,0.721,0.7197,0.1806,426300,307069,0.7203,0.72,6213800,0.719,45638100,0.718,54131700,0.717,45033900,0.716,29449900,0.721,40275300,0.722,40982300,0.723,24293200,0.724,22346300,0.725,21326900,1515,100,0
sh513130,09:31:56,1767058318312,5527.01,0.9008,3.1852,0.721,0.7197,0.1806,1192100,859111,0.7207,0.72,18110300,0.719,52570100,0.718,53446100,0.717,43583500,0.716,24039900,0.721,41819500,0.722,41282900,0.723,24616600,0.724,22964800,0.725,22026600,430,100,0
sh513130,09:31:59,1767058322308,5525.17,0.9008,1.9478,0.721,0.7203,0.0972,96300,69383,0.7205,0.72,14301600,0.719,53532500,0.718,53640900,0.717,44056000,0.716,24091900,0.721,41411300,0.722,41276900,0.723,25319100,0.724,22969800,0.725,22036600,123,100,0
sh513130,09:32:02,1767058326299,5524.93,0.9008,1.6717,0.72,0.7203,-0.0416,5213700,3754256,0.7201,0.719,52452300,0.718,53892900,0.717,45003600,0.716,29174900,0.715,25118500,0.72,2308100,0.721,40039200,0.722,41171200,0.723,25363200,0.724,22969800,485,100,0
sh513130,09:32:05,1767058328292,5522.93,0.9008,2.2911,0.72,0.7203,-0.0416,479700,345384,0.72,0.719,52498400,0.718,54785500,0.717,47169900,0.716,29211100,0.715,25108500,0.72,25381000,0.721,35812500,0.722,34135200,0.723,24480800,0.724,23631800,479,100,0
sh513130,09:32:08,1767058331273,5523.13,0.9008,2.0854,0.72,0.7203,-0.0416,916000,659490,0.72,0.719,37553400,0.718,54892900,0.717,48072900,0.716,44709700,0.715,25113500,0.72,36824400,0.721,35455700,0.722,33762400,0.723,25491800,0.724,23631800,434,100,0
sh513130,09:32:11,1767058334285,5523.45,0.9008,2.5751,0.72,0.7199,0.0139,932600,671419,0.7199,0.719,52647800,0.718,55065400,0.717,49043300,0.716,29709700,0.715,25113500,0.72,29173600,0.721,39648200,0.722,34389900,0.723,26621700,0.724,23633800,519,100,0
sh513130,09:32:14,1767058337295,5523.3,0.9008,1.8366,0.72,0.7199,0.0139,625400,449996,0.7195,0.719,50881300,0.718,54833600,0.717,49914900,0.716,29680500,0.715,25115500,0.72,28742800,0.721,40440900,0.722,34390400,0.723,26719500,0.724,23635800,1405,100,0
sh513130,09:32:17,1767058340284,5523.39,0.9008,3.8916,0.719,0.7199,-0.125,250700,180489,0.7199,0.719,51079500,0.718,53151700,0.717,49930800,0.716,29680500,0.715,26103100,0.72,18083500,0.721,40784000,0.722,42441900,0.723,26183400,0.724,23620800,514,100,0
sh513130,09:32:20,1767058343287,5524.0,0.9008,4.9457,0.72,0.7199,0.0139,903100,649687,0.7194,0.719,50613900,0.718,53232900,0.717,44931300,0.716,29690500,0.715,25969000,0.72,17124400,0.721,40708300,0.722,42431900,0.723,26253800,0.724,23620800,1492,100,0
sh513130,09:32:23,1767058347297,5525.77,0.9008,3.3537,0.719,0.7199,-0.125,4050100,2916029,0.72,0.719,48287500,0.718,53111100,0.717,44009400,0.716,33650400,0.715,26069000,0.72,13333200,0.721,42134100,0.722,42333900,0.723,26283800,0.724,23620800,1341,100,0
sh513130,09:32:26,1767058349291,5525.65,0.9008,2.8369,0.72,0.7198,0.0278,12176200,8766854,0.72,0.72,17098400,0.719,58240700,0.718,53102500,0.717,44003600,0.716,29280400,0.721,46193000,0.722,42862000,0.723,26285200,0.724,23641800,0.725,23817100,1177,100,0
sh513130,09:32:29,1767058352297,5526.15,0.9008,2.2053,0.72,0.7198,0.0278,1603900,1154908,0.7201,0.72,16999900,0.719,61344200,0.718,53362000,0.717,47965800,0.716,26280400,0.721,45942700,0.722,42782000,0.723,27280200,0.724,23641800,0.725,23831600,502,100,0
sh513130,09:32:32,1767058356291,5527.91,0.9008,1.8036,0.72,0.7198,0.0278,472100,339912,0.72,0.72,29906600,0.719,55987100,0.718,53090600,0.717,48560100,0.716,27001500,0.721,45572600,0.722,42693900,0.723,27335600,0.724,23752600,0.725,23712900,500,100,0
sh513130,09:32:35,1767058358287,5527.44,0.9008,1.6925,0.72,0.7205,-0.0694,204300,147100,0.72,0.72,21643500,0.719,61679900,0.718,53247500,0.717,48591100,0.716,26951500,0.721,47184000,0.722,42751000,0.723,27182200,0.724,23777600,0.725,23734900,481,100,0
sh513130,09:32:38,1767058362293,5527.98,0.9008,3.3518,0.72,0.7205,-0.0694,152000,109449,0.7201,0.72,18201600,0.719,62142300,0.718,53277500,0.717,48561500,0.716,26943800,0.721,49313700,0.722,43466300,0.723,27277200,0.724,23807600,0.725,23515200,494,100,0
sh513130,09:32:41,1767058364292,5527.33,0.9008,2.7174,0.72,0.7205,-0.0694,443900,319620,0.72,0.72,18063500,0.719,62361400,0.718,53318800,0.717,48518500,0.716,26969800,0.721,49962500,0.722,43566300,0.723,28219000,0.724,25388700,0.725,23597200,480,100,0
sh513130,09:32:44,1767058367299,5528.44,0.9008,3.4839,0.721,0.7205,0.0694,1433600,1032462,0.7202,0.72,29063500,0.719,56335500,0.718,53502600,0.717,48631500,0.716,26507300,0.721,50143000,0.722,44145500,0.723,29891000,0.724,25378700,0.725,23632600,1518,100,0
sh513130,09:32:47,1767058370290,5528.84,0.9008,3.2863,0.721,0.7205,0.0694,104700,75415,0.7203,0.72,46627900,0.719,56584200,0.718,53538300,0.717,33633500,0.716,26507300,0.721,44696200,0.722,43214500,0.723,30763200,0.724,26178500,0.725,23995900,502,100,0
sh513130,09:32:50,1767058373289,5528.18,0.9008,2.9032,0.721,0.7205,0.0694,627000,452016,0.7209,0.72,32503100,0.719,56778900,0.718,53533900,0.717,48633500,0.716,26507300,0.721,47745500,0.722,39274500,0.723,30763200,0.724,26178500,0.725,24391400,1387,100,0
sh513130,09:32:53,1767058376289,5528.53,0.9008,4.4683,0.721,0.7205,0.0694,600000,432143,0.7202,0.72,36814800,0.719,56411400,0.718,53543900,0.717,48581700,0.716,26493600,0.721,47979600,0.722,39893000,0.723,31343200,0.724,28160500,0.725,26574700,77,100,0
sh513130,09:32:56,1767058379291,5528.34,0.9008,4.0271,0.72,0.7205,-0.0694,152400,109742,0.7201,0.72,40067500,0.719,55920700,0.718,53378400,0.717,48540300,0.716,26125300,0.721,48823300,0.722,39838200,0.723,31373600,0.724,28160500,0.725,26626900,924,100,0
sh513130,09:32:59,1767058382290,5528.53,0.9008,5.2094,0.721,0.7205,0.0694,1391200,1001944,0.7202,0.72,55433600,0.719,55836000,0.718,53156300,0.717,33515300,0.716,25546700,0.721,50089400,0.722,40136600,0.723,31376600,0.724,28160500,0.725,26639900,524,100,0
sh513130,09:33:02,1767058386292,5529.49,0.9008,5.9373,0.72,0.7205,-0.0694,418000,300963,0.72,0.72,41459800,0.719,57756400,0.718,56126100,0.717,48528300,0.716,25496700,0.721,49404900,0.722,42300600,0.723,34956400,0.724,28160500,0.725,26506600,502,100,0
sh513130,09:33:05,1767058388301,5528.84,0.9008,4.5049,0.721,0.7205,0.0694,186300,134288,0.7208,0.72,56802400,0.719,57715400,0.718,56141100,0.717,33528300,0.716,25496700,0.721,45004000,0.722,46301600,0.723,34956400,0.724,28189300,0.725,26508200,485,100,0
sh513130,09:33:08,1767058392314,5529.2,0.9008,4.155,0.721,0.7205,0.0694,122800,88431,0.7201,0.72,42809100,0.719,57847300,0.718,56235900,0.717,48528300,0.716,25647600,0.721,50506700,0.722,42374500,0.723,34956400,0.724,28189300,0.725,26542800,534,100,0
sh513130,09:33:11,1767058394313,5528.12,0.9008,3.5992,0.721,0.7204,0.0833,1182700,852699,0.721,0.72,42869700,0.719,56891100,0.718,56235900,0.717,48525200,0.716,25668600,0.721,52212200,0.722,42375500,0.723,35183400,0.724,28189300,0.725,26542800,574,100,0
sh513130,09:33:14,1767058397308,5526.43,0.9008,5.1853,0.72,0.7204,-0.0555,22505600,16204095,0.72,0.719,65437200,0.718,56157800,0.717,48520200,0.716,25669100,0.715,26063800,0.72,36347200,0.721,53264400,0.722,42241200,0.723,34193400,0.724,28189300,1534,100,0
sh513130,09:33:17,1767058400315,5526.67,0.9008,4.5161,0.72,0.7204,-0.0555,2164000,1558080,0.72,0.719,63619500,0.718,56168300,0.717,51275600,0.716,25739100,0.715,26063800,0.72,17347400,0.721,56460600,0.722,42283200,0.723,34260900,0.724,28189300,343,100,0
sh513130,09:33:20,1767058403319,5526.03,0.9008,4.0065,0.72,0.7204,-0.0555,1065600,767175,0.7199,0.719,64364100,0.718,56172700,0.717,52196200,0.716,25739100,0.715,28019000,0.72,18151800,0.721,56577200,0.722,42509400,0.723,34260900,0.724,29189300,1192,100,0
sh513130,09:33:23,1767058406329,5525.37,0.9008,2.6829,0.72,0.7204,-0.0555,752800,541810,0.7197,0.719,64264800,0.718,56223100,0.717,52179700,0.716,25739100,0.715,28019000,0.72,20335500,0.721,57423300,0.722,42525200,0.723,34585200,0.724,29189300,532,100,0
sh513130,09:33:26,1767058408341,5525.19,0.9008,2.0703,0.72,0.7198,0.0278,109000,78460,0.7198,0.719,64730400,0.718,56613200,0.717,52651800,0.716,25719100,0.715,28019000,0.72,22583700,0.721,58720000,0.722,42740500,0.723,34985200,0.724,29189300,531,100,0
sh513130,09:33:29,1767058412318,5522.67,0.9008,1.6792,0.719,0.7204,-0.1943,1071000,770996,0.7199,0.719,62713300,0.718,56619200,0.717,54521300,0.716,26719200,0.715,28018800,0.72,21992000,0.721,58133600,0.722,42859400,0.723,35034700,0.724,29559000,508,100,0
sh513130,09:33:32,1767058415325,5521.04,0.9008,3.8394,0.72,0.7204,-0.0555,26200,18843,0.7192,0.719,37971100,0.718,60041900,0.717,55400700,0.716,48099300,0.715,30053800,0.72,40141200,0.721,54928000,0.722,35385400,0.723,25774100,0.724,29616000,233,100,0
sh513130,09:33:35,1767058419338,5522.58,0.9008,3.3627,0.719,0.7191,-0.0139,303400,218150,0.719,0.719,57966200,0.718,66779700,0.717,61544700,0.716,33099300,0.715,30083800,0.72,24272100,0.721,59950500,0.722,43535400,0.723,30274100,0.724,29627000,1587,100,0
sh513130,09:33:38,1767058420346,5521.53,0.9008,4.2774,0.719,0.7191,-0.0139,143900,103541,0.7195,0.719,58381900,0.718,66766500,0.717,62147700,0.716,33109300,0.715,30083800,0.72,40795500,0.721,55946600,0.722,35535400,0.723,26174100,0.724,29629400,504,100,0
sh513130,09:33:41,1767058423336,5520.1,0.9008,4.0223,0.72,0.7198,0.0278,391000,281483,0.7199,0.719,38713000,0.718,66768500,0.717,62150200,0.716,48107900,0.715,30084300,0.72,45401900,0.721,56026600,0.722,34547400,0.723,26398200,0.724,29660900,1578,100,0
sh513130,09:33:44,1767058427337,5520.58,0.9008,5.2189,0.72,0.7198,0.0278,52100,37488,0.7195,0.719,36910800,0.718,66770100,0.717,61899600,0.716,49168500,0.715,30084300,0.72,48243100,0.721,56355700,0.722,34557400,0.723,26392900,0.724,29660900,1466,100,0
sh513130,09:33:47,1767058430335,5520.92,0.9008,2.8084,0.72,0.7198,0.0278,162300,116844,0.7199,0.719,52951800,0.718,66782900,0.717,61964200,0.716,33257900,0.715,30033900,0.72,47898500,0.721,57208600,0.722,35192000,0.723,26455700,0.724,29684700,126,100,0
sh513130,09:33:50,1767058434331,5519.54,0.9008,1.7621,0.72,0.7198,0.0278,3100,2232,0.72,0.719,39622800,0.718,66782900,0.717,61864200,0.716,48285700,0.715,30122700,0.72,49139700,0.721,57185900,0.722,35269000,0.723,26455700,0.724,29684700,523,100,0
sh513130,09:33:53,1767058436334,5519.83,0.9008,3.7069,0.72,0.7198,0.0278,187000,134520,0.7194,0.719,38039300,0.718,67690900,0.717,61844200,0.716,49059600,0.715,30071700,0.72,52343800,0.721,57591900,0.722,34316100,0.723,26612600,0.724,29684700,511,100,0
sh513130,09:33:56,1767058439318,5519.22,0.9008,2.3371,0.72,0.7197,0.0417,247900,178240,0.719,0.719,32318400,0.718,73270200,0.717,61894200,0.716,49973200,0.715,30071700,0.72,55295600,0.721,57516100,0.722,34339600,0.723,26604800,0.724,29684700,453,100,0
sh513130,09:33:59,1767058441324,5519.43,0.9008,1.0002,0.72,0.7191,0.1252,40300,28996,0.7195,0.719,32481600,0.718,73265200,0.717,61899200,0.716,50870300,0.715,30121700,0.72,55258400,0.721,58374300,0.722,34339600,0.723,26604800,0.724,29704700,295,100,0
sh513130,09:34:02,1767058446305,5519.61,0.9008,2.0726,0.72,0.7191,0.1252,25000,17999,0.72,0.719,37889200,0.718,67686300,0.717,61952400,0.716,51755900,0.715,30146700,0.72,55776600,0.721,58142100,0.722,34280200,0.723,26605800,0.724,29709500,469,100,0
sh513130,09:34:05,1767058449297,5520.93,0.9008,0.8238,0.719,0.7191,-0.0139,577900,415897,0.7197,0.719,38034200,0.718,67750700,0.717,61962900,0.716,34985800,0.715,30146700,0.72,56739300,0.721,58062400,0.722,34300200,0.723,26605800,0.724,29710500,1557,100,0
sh513130,09:34:08,1767058452285,5519.13,0.9008,5.3919,0.719,0.7191,-0.0139,251500,180930,0.7194,0.719,53862800,0.718,67829800,0.717,62002900,0.716,34105100,0.715,30126700,0.72,50713300,0.721,62358700,0.722,35840200,0.723,27280300,0.724,29712500,480,100,0
sh513130,09:34:11,1767058454285,5519.7,0.9008,4.0421,0.719,0.7198,-0.1111,167000,120073,0.719,0.719,54634200,0.718,67769800,0.717,62002900,0.716,34145800,0.715,30121700,0.72,55271400,0.721,58347000,0.722,36713500,0.723,27280300,0.724,29712500,315,100,0
sh513130,09:34:14,1767058458285,5521.13,0.9008,3.7839,0.719,0.7198,-0.1111,135300,97329,0.7194,0.719,56713300,0.718,67734800,0.717,62077900,0.716,34145800,0.715,30121700,0.72,46593600,0.721,62282900,0.722,38476600,0.723,27478200,0.724,29742500,524,100,0
sh513130,09:34:17,1767058460284,5521.46,0.9008,5.0931,0.72,0.7198,0.0278,374900,269568,0.719,0.719,62915000,0.718,67774200,0.717,62110400,0.716,27747800,0.715,30010700,0.72,29008300,0.721,62619500,0.722,47088300,0.723,31978200,0.724,29742500,451,100,0
sh513130,09:34:20,1767058463277,5521.31,0.9008,5.4012,0.72,0.7198,0.0278,121300,87267,0.7194,0.719,57819500,0.718,67909300,0.717,62110400,0.716,34187800,0.715,30017400,0.72,45422700,0.721,58658300,0.722,39123300,0.723,28012700,0.724,28942700,648,100,0
sh513130,09:34:23,1767058466274,5522.58,0.9008,6.6281,0.72,0.7198,0.0278,69600,50088,0.7197,0.719,63085000,0.718,67905000,0.717,62130400,0.716,29793800,0.715,30017400,0.72,29387700,0.721,62807100,0.722,47123300,0.723,32512700,0.724,28942700,471,100,0
sh513130,09:34:26,1767058469285,5521.97,0.9008,4.854,0.72,0.7198,0.0278,116200,83562,0.7191,0.719,59359400,0.718,67908000,0.717,62134600,0.716,34173800,0.715,30017400,0.72,48765600,0.721,59792100,0.722,39133300,0.723,27612700,0.724,28942700,151,100,0
sh513130,09:34:29,1767058472284,5521.07,0.9008,3.5252,0.72,0.7198,0.0278,189600,136372,0.7193,0.719,59737500,0.718,67948000,0.717,62161700,0.716,34992600,0.715,30022900,0.72,50123700,0.721,59764000,0.722,39133300,0.723,27612700,0.724,29442700,508,100,0
sh513130,09:34:32,1767058475284,5521.4,0.9008,4.2102,0.72,0.7198,0.0278,27600,19872,0.72,0.719,67375900,0.718,67951000,0.717,62164700,0.716,27586700,0.715,30025900,0.72,31954600,0.721,63820000,0.722,47133300,0.723,32626500,0.724,29223300,1539,100,0
sh513130,09:34:35,1767058478279,5519.3,0.9008,3.8039,0.719,0.7198,-0.1111,292300,210233,0.7192,0.719,60177700,0.718,67954800,0.717,62155600,0.716,34971700,0.715,30025900,0.72,49576300,0.721,60090000,0.722,39251600,0.723,27726500,0.724,29204600,454,100,0
sh513130,09:34:38,1767058480273,5519.99,0.9008,5.0131,0.719,0.7198,-0.1111,24700,17760,0.719,0.719,39791000,0.718,73597900,0.717,62264300,0.716,49971700,0.715,29996600,0.72,53092200,0.721,59990000,0.722,38261600,0.723,27776500,0.724,29204600,339,100,0
sh513130,09:34:35,1767058481287,5519.99,0.9008,5.0758,0.719,0.7198,-0.1111,0,0,0.719,0.719,60177700,0.718,67954800,0.717,62155600,0.716,34971700,0.715,30025900,0.72,49576300,0.721,60090000,0.722,39251600,0.723,27726500,0.724,29204600,1353,100,1
sh513130,09:34:38,1767058482281,5519.64,0.9008,4.9922,0.719,0.7198,-0.1111,24700,17760,0.719,0.719,39791000,0.718,73597900,0.717,62264300,0.716,49971700,0.715,29996600,0.72,53092200,0.721,59990000,0.722,38261600,0.723,27776500,0.724,29204600,190,100,0
sh513130,09:34:41,1767058483276,5519.64,0.9008,4.9082,0.719,0.7198,-0.1111,73800,53094,0.7194,0.719,34556200,0.718,74099800,0.717,62314300,0.716,49951000,0.715,29947100,0.72,59194800,0.721,65012700,0.722,43261600,0.723,27847800,0.724,29204600,1186,100,0
sh513130,09:34:44,1767058487284,5518.21,0.9008,5.3679,0.719,0.7198,-0.1111,2029200,1458998,0.719,0.719,22259100,0.718,76182600,0.717,65086300,0.716,50831700,0.715,29956400,0.72,59943000,0.721,64961000,0.722,42251600,0.723,27847800,0.724,27224600,885,100,0
sh513130,09:34:47,1767058490270,5517.77,0.9008,4.1489,0.719,0.7198,-0.1111,2272700,1634083,0.719,0.719,23519800,0.718,76267900,0.717,65086300,0.716,51732400,0.715,29959200,0.72,58947800,0.721,64916800,0.722,42568500,0.723,27847800,0.724,27224600,498,100,0
sh513130,09:34:50,1767058493263,5516.6,0.9008,6.6406,0.719,0.7198,-0.1111,19263900,13850835,0.719,0.719,48400,0.718,76534800,0.717,65661500,0.716,53613100,0.715,29959200,0.72,59242000,0.721,64305300,0.722,42568500,0.723,27857800,0.724,27244600,389,100,0
sh513130,09:34:53,1767058496257,5517.26,0.9008,5.7605,0.719,0.7198,-0.1111,1706500,1226953,0.719,0.718,79310600,0.717,65769200,0.716,59894800,0.715,30180900,0.714,23805000,0.72,57597500,0.721,61756800,0.722,41557000,0.723,27857800,0.724,27223600,472,100,0
sh513130,09:34:56,1767058499268,5516.27,0.9008,3.6435,0.72,0.7198,0.0278,7161100,5148944,0.719,0.719,12786900,0.718,78419300,0.717,66192100,0.716,55884800,0.715,30714600,0.72,57597500,0.721,61761800,0.722,42198600,0.723,27857800,0.724,27223600,1481,100,0
sh513130,09:34:59,1767058502268,5521.94,0.9008,3.772,0.72,0.7191,0.1252,85100,61188,0.719,0.719,19166800,0.718,79654100,0.717,66196100,0.716,55398300,0.715,30714800,0.72,58053600,0.721,61761800,0.722,42606600,0.723,27860800,0.724,27223600,454,100,0
sh513130,09:35:02,1767058506259,5520.21,0.9008,8.3678,0.719,0.7191,-0.0139,183700,132111,0.7192,0.719,49357300,0.718,75301000,0.717,66397000,0.716,35994800,0.715,30592800,0.72,58871100,0.721,62811700,0.722,42764000,0.723,28662800,0.724,27223600,378,100,0
sh513130,09:35:05,1767058508287,5521.02,0.9008,7.6873,0.72,0.7191,0.1252,42300,30419,0.7191,0.719,54008200,0.718,82979200,0.717,66404400,0.716,46651000,0.715,30602800,0.72,59126800,0.721,63002100,0.722,43504000,0.723,29199800,0.724,27223600,239,100,0
sh513130,09:35:08,1767058511278,5520.15,0.9008,6.5423,0.72,0.7191,0.1252,1380900,993385,0.7194,0.719,72069100,0.718,83022400,0.717,66405100,0.716,28660300,0.715,30607800,0.72,53511700,0.721,66748900,0.722,43504000,0.723,29134800,0.724,27223600,1061,100,0
sh513130,09:35:11,1767058514283,5522.74,0.9008,6.5461,0.72,0.7198,0.0278,130600,93971,0.7195,0.719,74218200,0.718,83029500,0.717,66430100,0.716,28650500,0.715,30612800,0.72,54024300,0.721,66757600,0.722,44484000,0.723,29134800,0.724,27196400,468,100,0
sh513130,09:35:08,1767058515274,5522.74,0.9008,6.5273,0.72,0.7191,0.1252,0,0,0.72,0.719,72069100,0.718,83022400,0.717,66405100,0.716,28660300,0.715,30607800,0.72,53511700,0.721,66748900,0.722,43504000,0.723,29134800,0.724,27223600,726,100,1
sh513130,09:35:11,1767058516268,5520.07,0.9008,4.7647,0.72,0.7198,0.0278,130600,93971,0.7195,0.719,74218200,0.718,83029500,0.717,66430100,0.716,28650500,0.715,30612800,0.72,54024300,0.721,66757600,0.722,44484000,0.723,29134800,0.724,27196400,483,100,0
sh513130,09:35:14,1767058517273,5520.07,0.9008,4.875,0.72,0.7198,0.0278,496000,357103,0.72,0.719,53731900,0.718,82975200,0.717,66410100,0.716,51030500,0.715,30732800,0.72,53960100,0.721,63298600,0.722,44484000,0.723,29384800,0.724,27196400,564,100,0
sh513130,09:35:17,1767058520277,5520.61,0.9008,3.6435,0.72,0.7198,0.0278,142600,102534,0.719,0.719,75925400,0.718,82859100,0.717,66412100,0.716,28625500,0.715,30757800,0.72,58774800,0.721,63312100,0.722,43494000,0.723,29384800,0.724,27196400,500,100,0
sh513130,09:35:20,1767058522272,5520.53,0.9008,3.6093,0.72,0.7198,0.0278,221700,159611,0.7199,0.719,76820200,0.718,82861400,0.717,66451700,0.716,28626500,0.715,30787800,0.72,59830300,0.721,63509700,0.722,43594000,0.723,29384800,0.724,27208900,515,100,0
sh513130,09:35:17,1767058523267,5520.53,0.9008,3.5453,0.72,0.7198,0.0278,0,0,0.72,0.719,75925400,0.718,82859100,0.717,66412100,0.716,28625500,0.715,30757800,0.72,58774800,0.721,63312100,0.722,43494000,0.723,29384800,0.724,27196400,68,100,1
sh513130,09:35:20,1767058524268,5520.48,0.9008,3.3837,0.72,0.7198,0.0278,221700,159611,0.7199,0.719,76820200,0.718,82861400,0.717,66451700,0.716,28626500,0.715,30787800,0.72,59830300,0.721,63509700,0.722,43594000,0.723,29384800,0.724,27208900,369,100,0
sh513130,09:35:23,1767058525264,5520.48,0.9008,4.0138,0.72,0.7198,0.0278,53000,38160,0.72,0.719,76918100,0.718,83861400,0.717,66495700,0.716,28640900,0.715,30787800,0.72,43765900,0.721,67525400,0.722,51594000,0.723,29385000,0.724,27242200,1365,100,0
sh513130,09:35:26,1767058529258,5521.59,0.9008,6.7935,0.719,0.7198,-0.1111,152000,109389,0.7197,0.719,77110600,0.718,83922700,0.717,66501800,0.716,28642800,0.715,30751400,0.72,47386700,0.721,67455400,0.722,45457300,0.723,34855000,0.724,27242200,1526,100,0
sh513130,09:35:29,1767058533260,5521.68,0.9008,4.7494,0.72,0.7198,0.0278,50600,36412,0.7196,0.719,76866300,0.718,83969300,0.717,66502000,0.716,28642800,0.715,30758400,0.72,52562800,0.721,63529100,0.722,45500000,0.723,34455000,0.724,27242200,1417,100,0
sh513130,09:35:32,1767058535256,5520.74,0.9008,3.5463,0.719,0.7198,-0.1111,108000,77660,0.7191,0.719,78883000,0.718,81974300,0.717,66502000,0.716,28642800,0.715,30788400,0.72,48316100,0.721,67724600,0.722,45672400,0.723,34435000,0.724,27305700,1259,100,0
sh513130,09:35:35,1767058539267,5521.15,0.9008,3.2609,0.72,0.7198,0.0278,557600,401472,0.72,0.719,80307300,0.718,81970500,0.717,66604600,0.716,28642800,0.715,30788400,0.72,54464700,0.721,63718100,0.722,44690400,0.723,34435000,0.724,27405700,965,100,0
sh513130,09:35:38,1767058541258,5520.19,0.9008,3.7739,0.719,0.7198,-0.1111,1059300,761669,0.719,0.719,54683100,0.718,82052400,0.717,66617600,0.716,51012800,0.715,30589400,0.72,61535600,0.721,64060600,0.722,44697600,0.723,29435000,0.724,27457400,798,100,0
sh513130,09:35:41,1767058544240,5519.3,0.9008,3.0261,0.719,0.7198,-0.1111,164300,118261,0.7198,0.719,38609100,0.718,87653400,0.717,68628300,0.716,51012800,0.715,30822300,0.72,63630300,0.721,64081200,0.722,43721600,0.723,29435000,0.724,29493900,499,100,0
sh513130,09:35:44,1767058547236,5519.57,0.9008,3.3476,0.72,0.7191,0.1252,230100,165462,0.7191,0.719,69612500,0.718,82133400,0.717,68629300,0.716,28546500,0.715,30823500,0.72,63851600,0.721,64116600,0.722,43741600,0.723,29435000,0.724,29495200,288,100,0
sh513130,09:35:47,1767058550229,5520.85,0.9008,4.3381,0.719,0.7191,-0.0139,93500,67245,0.7192,0.719,70740700,0.718,82136400,0.717,68629300,0.716,28537500,0.715,30830500,0.72,62342300,0.721,64752100,0.722,44575000,0.723,29435000,0.724,29495200,415,100,0
sh513130,09:35:50,1767058553226,5521.0,0.9008,3.1599,0.719,0.7198,-0.1111,85000,61144,0.7193,0.719,73934900,0.718,82184500,0.717,68663200,0.716,28557500,0.715,30830500,0.72,58481000,0.721,68779200,0.722,44575000,0.723,29445000,0.724,29495200,1501,100,0
sh513130,09:35:53,1767058555224,5521.43,0.9008,2.6992,0.719,0.7198,-0.1111,85000,61150,0.7194,0.719,75169200,0.718,82214500,0.717,68708100,0.716,28557500,0.715,30823500,0.72,57657500,0.721,69207800,0.722,45565000,0.723,29501400,0.724,29495200,1396,100,0
sh513130,09:35:56,1767058560237,5522.07,0.9008,4.3167,0.719,0.7198,-0.1111,294200,211596,0.7192,0.719,75841500,0.718,82497100,0.717,68712100,0.716,28588500,0.715,30848300,0.72,62897300,0.721,65207800,0.722,45535000,0.723,29517900,0.724,29495200,331,100,0
sh513130,09:35:59,1767058562239,5521.29,0.9008,3.6267,0.719,0.7198,-0.1111,186000,133888,0.7198,0.719,77574800,0.718,82568500,0.717,68731000,0.716,28588500,0.715,30832100,0.72,59311300,0.721,69310800,0.722,44545000,0.723,29497900,0.724,29495200,173,100,0
sh513130,09:36:02,1767058565221,5521.04,0.9008,5.8664,0.72,0.7198,0.0278,29900,21528,0.72,0.719,80206900,0.718,82618500,0.717,69273600,0.716,28593500,0.715,30846100,0.72,68193800,0.721,65310800,0.722,43535000,0.723,29497900,0.724,29495200,993,100,0
sh513130,09:36:05,1767058567209,5520.67,0.9008,8.114,0.719,0.7198,-0.1111,128500,92463,0.7196,0.719,77540600,0.718,82874300,0.717,69287000,0.716,32973500,0.715,30846100,0.72,53944400,0.721,69320800,0.722,44526000,0.723,29498600,0.724,29695200,823,100,0
sh513130,09:36:08,1767058572223,5521.12,0.9008,4.5124,0.719,0.7198,-0.1111,115800,83336,0.7197,0.719,84606500,0.718,83174400,0.717,69418900,0.716,28598500,0.715,30867100,0.72,65298700,0.721,65320800,0.722,45556000,0.723,29498600,0.724,29695200,395,100,0
sh513130,09:36:11,1767058575256,5520.67,0.9008,2.669,0.72,0.7198,0.0278,100000,71965,0.7197,0.719,55587800,0.718,89075400,0.717,69420300,0.716,50978500,0.715,30897800,0.72,67057300,0.721,65320800,0.722,44628800,0.723,29498600,0.724,29715200,217,100,0
sh513130,09:36:14,1767058576264,5520.51,0.9008,2.1806,0.719,0.7198,-0.1111,254600,183106,0.7192,0.719,84252000,0.718,83526000,0.717,69420300,0.716,28600900,0.715,30867800,0.72,67980200,0.721,65357700,0.722,44619200,0.723,29498600,0.724,29855200,469,100,0
sh513130,09:36:17,1767058580256,5519.53,0.9008,2.1627,0.72,0.7198,0.0278,77900,56029,0.7192,0.719,84818200,0.718,83574800,0.717,69484400,0.716,28653900,0.715,30867800,0.72,69585200,0.721,65731100,0.722,44619200,0.723,29498600,0.724,29855200,523,100,0
sh513130,09:36:20,1767058583272,5518.98,0.9008,3.6571,0.72,0.7198,0.0278,2000,1440,0.72,0.719,62765200,0.718,83576700,0.717,69505000,0.716,49033900,0.715,30862800,0.72,71328200,0.721,65759100,0.722,44619200,0.723,29498600,0.724,29855200,1460,100,0
sh513130,09:36:23,1767058586296,5519.63,0.9008,2.8398,0.72,0.7198,0.0278,99900,71925,0.72,0.719,68881200,0.718,84578700,0.717,69528000,0.716,28650900,0.715,30896900,0.72,72513200,0.721,65759100,0.722,44619200,0.723,29429200,0.724,29855200,438,100,0
sh513130,09:36:26,1767058589297,5519.5,0.9008,2.7104,0.72,0.7198,0.0278,197200,141831,0.7192,0.719,83886200,0.718,84575400,0.717,69550500,0.716,28707000,0.715,30897000,0.72,67739400,0.721,69759100,0.722,45492600,0.723,29499200,0.724,29855200,1265,100,0
sh513130,09:36:29,1767058593298,5521.84,0.9008,1.5637,0.72,0.7198,0.0278,154300,111006,0.7194,0.719,85134200,0.718,84683800,0.717,68562000,0.716,28709000,0.715,30892000,0.72,47982400,0.721,69798800,0.722,55116000,0.723,29499200,0.724,29855200,936,100,0
sh513130,09:36:32,1767058595295,5522.21,0.9008,2.5054,0.72,0.7198,0.0278,763900,550008,0.72,0.719,85414600,0.718,84836900,0.717,68562000,0.716,28709000,0.715,31007700,0.72,36050200,0.721,70930200,0.722,56063100,0.723,40271400,0.724,29869200,776,100,0
sh513130,09:36:35,1767058600296,5522.63,0.9008,3.5771,0.72,0.7198,0.0278,2214600,1594432,0.72,0.719,87399100,0.718,84781900,0.717,68557000,0.716,28712000,0.715,31019700,0.72,38669200,0.721,70966200,0.722,56063100,0.723,36651900,0.724,29869200,531,100,0
sh513130,09:36:38,1767058601287,5522.63,0.9008,3.308,0.72,0.7198,0.0278,29596400,21309408,0.72,0.72,27300500,0.719,87517700,0.718,81273800,0.717,67567000,0.716,28712000,0.721,75484200,0.722,57063100,0.723,40524100,0.724,29951500,0.725,26994600,286,100,0
sh513130,09:36:41,1767058604289,5523.51,0.9008,3.6403,0.721,0.7198,0.1667,742900,535087,0.7203,0.72,19464900,0.719,88467500,0.718,81456000,0.717,66177000,0.716,28712000,0.721,75285300,0.722,57063100,0.723,41396300,0.724,29951500,0.725,28974600,533,100,0
sh513130,09:36:44,1767058607285,5524.09,0.9008,6.8633,0.721,0.7198,0.1667,2279100,1640985,0.72,0.72,22168500,0.719,88972800,0.718,79715700,0.717,66176900,0.716,28712000,0.721,74484200,0.722,57069100,0.723,42268500,0.724,29951500,0.725,28974600,1509,100,0
sh513130,09:36:47,1767058611302,5525.52,0.9008,4.9221,0.72,0.7198,0.0278,271700,195752,0.7205,0.72,49480600,0.719,85093400,0.718,79761400,0.717,54621100,0.716,28564800,0.721,73381300,0.722,57096300,0.723,42917500,0.724,29961500,0.725,28974600,1538,100,0
sh513130,09:36:50,1767058613309,5525.53,0.9008,4.1488,0.72,0.7205,-0.0694,1298700,935655,0.7205,0.72,74721400,0.719,84983100,0.718,79817700,0.717,31996900,0.716,28562200,0.721,71971400,0.722,57096300,0.723,42917500,0.724,29149400,0.725,29023500,1479,100,0
sh513130,09:36:53,1767058616312,5526.86,0.9008,7.6224,0.72,0.7205,-0.0694,506700,364921,0.7202,0.72,75614400,0.719,83921300,0.718,79777700,0.717,31969700,0.716,28564200,0.721,69532300,0.722,57096400,0.723,44595500,0.724,29099400,0.725,29023500,154,100,0
sh513130,09:36:56,1767058619316,5527.62,0.9008,6.4088,0.721,0.7205,0.0694,45800,32976,0.72,0.72,79022400,0.719,83890800,0.718,79787000,0.717,31155800,0.716,28514200,0.721,62575000,0.722,61400400,0.723,44595500,0.724,32099400,0.725,29074500,992,100,0
sh513130,09:36:59,1767058622318,5529.32,0.9008,6.948,0.721,0.7205,0.0694,1762700,1270267,0.7206,0.72,79504800,0.719,83388400,0.718,79788000,0.717,31132300,0.716,28500300,0.721,43953000,0.722,61400500,0.723,54103700,0.724,32499400,0.725,29132500,430,100,0
sh513130,09:37:02,1767058625321,5530.17,0.9008,6.1105,0.721,0.7205,0.0694,3548600,2558523,0.721,0.72,83593400,0.719,83611300,0.718,77328200,0.717,31131300,0.716,28361900,0.721,33309300,0.722,63001500,0.723,55093700,0.724,37669100,0.725,29144600,485,100,0
sh513130,09:37:05,1767058628326,5531.63,0.9008,4.288,0.721,0.7211,-0.0139,27409100,19761764,0.721,0.721,49281100,0.72,73879200,0.719,69921200,0.718,71493400,0.717,31046800,0.722,67368700,0.723,56148200,0.724,37752300,0.725,29541400,0.726,19787100,516,100,0
sh513130,09:37:08,1767058631323,5531.82,0.9008,3.1241,0.721,0.7211,-0.0139,519900,374848,0.721,0.721,45062200,0.72,77541300,0.719,70041200,0.718,73182800,0.717,31041000,0.722,68839600,0.723,56168700,0.724,37752300,0.725,29654800,0.726,21767200,1509,100,0
sh513130,09:37:11,1767058635320,5533.3,0.9008,3.4826,0.722,0.7211,0.1248,790900,570240,0.721,0.721,58285100,0.72,76825800,0.719,70020600,0.718,58176400,0.717,31041000,0.722,68845100,0.723,56314700,0.724,38002400,0.725,29694800,0.726,22418500,1571,100,0
sh513130,09:37:14,1767058638319,5533.64,0.9008,3.0787,0.722,0.7211,0.1248,1220100,880895,0.722,0.721,64547000,0.72,76468100,0.719,69636800,0.718,53071300,0.717,31052000,0.722,68044200,0.723,56416700,0.724,38217500,0.725,30184100,0.726,22418600,458,100,0
sh513130,09:37:17,1767058640332,5534.4,0.9008,4.9129,0.721,0.7211,-0.0139,1181400,852846,0.7219,0.721,65266800,0.72,75490400,0.719,69710800,0.718,53328000,0.717,31074000,0.722,66510700,0.723,56375200,0.724,39207500,0.725,30184100,0.726,22438600,292,100,0
sh513130,09:37:20,1767058643341,5535.15,0.9008,3.6059,0.722,0.7211,0.1248,2627100,1896586,0.7219,0.721,66628000,0.72,75824100,0.719,69786800,0.718,53430300,0.717,30974000,0.722,60603300,0.723,56447400,0.724,39221900,0.725,30183100,0.726,22469200,1146,100,0
sh513130,09:37:23,1767058645341,5535.92,0.9008,3.0192,0.722,0.7211,0.1248,1866300,1346468,0.7215,0.721,68954400,0.72,75786800,0.719,69830300,0.718,53406300,0.717,30978700,0.722,59491200,0.723,56447400,0.724,39321900,0.725,30548100,0.726,22509200,988,100,0
sh513130,09:37:26,1767058649341,5536.0,0.9008,3.7218,0.722,0.7211,0.1248,355700,256732,0.7218,0.721,69378500,0.72,77004400,0.719,69744700,0.718,53449300,0.717,31458100,0.722,59472400,0.723,56406100,0.724,39381900,0.725,30671100,0.726,22509200,680,100,0
sh513130,09:37:29,1767058652336,5536.14,0.9008,3.6705,0.722,0.7211,0.1248,1485000,1071924,0.7218,0.721,70033800,0.72,76760500,0.719,69690000,0.718,53509300,0.717,31473100,0.722,57774900,0.723,56662500,0.724,40252800,0.725,30655200,0.726,22509200,610,100,0
sh513130,09:37:32,1767058655342,5535.62,0.9008,3.4875,0.721,0.7211,-0.0139,4077500,2943915,0.722,0.721,72368400,0.72,76878000,0.719,70741100,0.718,53676600,0.717,31507900,0.722,53484800,0.723,56932200,0.724,41123700,0.725,31455200,0.726,22509900,156,100,0
sh513130,09:37:35,1767058657344,5535.15,0.9008,4.654,0.722,0.7211,0.1248,1381300,997299,0.722,0.721,72556000,0.72,77100500,0.719,70802100,0.718,53691600,0.717,31665800,0.722,57722600,0.723,56952200,0.724,41059600,0.725,31467200,0.726,22516700,11,100,0
sh513130,09:37:38,1767058661344,5534.16,0.9008,4.0867,0.721,0.7211,-0.0139,1709300,1233394,0.7216,0.721,64473500,0.72,82735100,0.719,70448100,0.718,53719500,0.717,31615800,0.722,58568100,0.723,57072200,0.724,42448700,0.725,31567300,0.726,22609700,1598,100,0
sh513130,09:37:41,1767058664343,5534.85,0.9008,4.697,0.722,0.7211,0.1248,984100,710490,0.722,0.721,88072700,0.72,78142300,0.719,70909600,0.718,38729600,0.717,31625800,0.722,58053300,0.723,56690800,0.724,43171300,0.725,31772500,0.726,22781400,526,100,0
sh513130,09:37:44,1767058666333,5535.56,0.9008,4.6036,0.721,0.7211,-0.0139,1292300,932033,0.7212,0.721,87203300,0.72,78159300,0.719,70919300,0.718,38520700,0.717,31636800,0.722,51969100,0.723,60690800,0.724,44859700,0.725,31772500,0.726,23210600,365,100,0
sh513130,09:37:47,1767058669340,5535.72,0.9008,4.5982,0.722,0.7211,0.1248,1361400,982721,0.7218,0.721,88242400,0.72,78164500,0.719,69954800,0.718,38609700,0.717,31783100,0.722,54192700,0.723,56730800,0.724,46359700,0.725,31792500,0.726,23333500,1208,100,0
sh513130,09:37:50,1767058672345,5537.29,0.9008,2.9499,0.722,0.7217,0.0416,2126400,1535243,0.722,0.721,88612500,0.72,78319900,0.719,69913300,0.718,38765200,0.717,31796300,0.722,30067200,0.723,62290800,0.724,55186300,0.725,32608600,0.726,23343500,565,100,0
sh513130,09:37:53,1767058676339,5535.87,0.9008,3.4166,0.722,0.7217,0.0416,16679800,12042812,0.722,0.721,91934200,0.72,78418500,0.719,69048900,0.718,38628200,0.717,34485200,0.722,30228200,0.723,57765400,0.724,48364900,0.725,32450500,0.726,23391000,562,100,0
sh513130,09:37:56,1767058679341,5535.99,0.9008,3.6683,0.722,0.7217,0.0416,377300,272360,0.7219,0.721,76231300,0.72,78520900,0.719,70035700,0.718,53691800,0.717,34519200,0.722,49733600,0.723,57765400,0.724,47374900,0.725,32450500,0.726,23284400,364,100,0
sh513130,09:37:59,1767058681335,5536.47,0.9008,3.0974,0.721,0.7217,-0.097,513100,370408,0.7219,0.721,92446400,0.72,78526400,0.719,68334400,0.718,38750900,0.717,34516600,0.722,45054100,0.723,62365400,0.724,47401400,0.725,33273500,0.726,23321400,197,100,0
sh513130,09:38:02,1767058686337,5536.05,0.9008,2.5755,0.722,0.7217,0.0416,1510700,1090725,0.722,0.721,92255300,0.72,78776400,0.719,68403500,0.718,38905900,0.717,34566600,0.722,52021600,0.723,58697300,0.724,47907400,0.725,33386400,0.726,23344500,553,100,0
sh513130,09:38:05,1767058687339,5536.05,0.9008,2.005,0.722,0.721,0.1387,192700,139084,0.7218,0.721,92916800,0.72,78940700,0.719,68678500,0.718,38905900,0.717,34568800,0.722,53024400,0.723,58706300,0.724,47977400,0.725,33513800,0.726,23349500,1555,100,0
sh513130,09:38:08,1767058691357,5535.92,0.9008,3.5775,0.722,0.721,0.1387,922100,665756,0.722,0.721,93389600,0.72,79045700,0.719,68678600,0.718,38971900,0.717,34567900,0.722,49999700,0.723,62822100,0.724,47993600,0.725,34060800,0.726,23359500,1558,100,0
sh513130,09:38:11,1767058694376,5535.88,0.9008,3.0933,0.722,0.7217,0.0416,1100500,794530,0.722,0.721,93708600,0.72,79749000,0.719,69759400,0.718,39003000,0.717,34617900,0.722,53667900,0.723,59259100,0.724,48037200,0.725,34080800,0.726,24539800,269,100,0
sh513130,09:38:14,1767058696373,5536.54,0.9008,2.4239,0.722,0.7217,0.0416,388700,280641,0.722,0.721,93865400,0.72,79747000,0.719,69121000,0.718,39103400,0.717,34529300,0.722,49814000,0.723,63260400,0.724,47315800,0.725,34152500,0.726,24351900,96,100,0
sh513130,09:38:17,1767058700384,5537.02,0.9008,2.4824,0.721,0.7217,-0.097,734000,529649,0.7216,0.721,93626400,0.72,79767000,0.719,69001000,0.718,39049500,0.717,34574300,0.722,50746200,0.723,63420400,0.724,48345800,0.725,34210300,0.726,25648800,586,100,0
sh513130,09:38:20,1767058703385,5535.01,0.9008,2.5795,0.722,0.7217,0.0416,1665800,1202705,0.722,0.721,78722100,0.72,80052600,0.719,69006300,0.718,54477700,0.717,34561300,0.722,53835800,0.723,59527400,0.724,48372800,0.725,34261300,0.726,25651800,602,100,0
sh513130,09:38:23,1767058705391,5535.47,0.9008,1.6057,0.722,0.7217,0.0416,1045000,753490,0.721,0.721,76924000,0.72,80102000,0.719,70083900,0.718,54471400,0.717,34563300,0.722,55919800,0.723,59534300,0.724,47382800,0.725,34271300,0.726,25653800,423,100,0
sh513130,09:38:26,1767058708401,5535.02,0.9008,4.2847,0.722,0.7217,0.0416,313400,226193,0.7217,0.721,77075200,0.72,80547200,0.719,71869400,0.718,54471400,0.717,34563300,0.722,57148100,0.723,59663400,0.724,47382800,0.725,34271800,0.726,25661800,572,100,0
sh513130,09:38:29,1767058712380,5535.34,0.9008,3.4473,0.722,0.7218,0.0277,121300,87557,0.7218,0.721,77436300,0.72,80445100,0.719,71884200,0.718,54553900,0.717,34588300,0.722,57359500,0.723,59664400,0.724,47535700,0.725,34301800,0.726,25721100,548,100,0
sh513130,09:38:32,1767058715383,5535.84,0.9008,4.4326,0.722,0.7218,0.0277,77800,56167,0.7219,0.721,92554200,0.72,80596100,0.719,71806400,0.718,39540800,0.717,34448500,0.722,57622100,0.723,59763500,0.724,48538400,0.725,34358300,0.726,25721200,1603,100,0
sh513130,09:38:35,1767058718385,5535.06,0.9008,3.6381,0.721,0.7217,-0.097,631100,455645,0.722,0.721,92560400,0.72,80625500,0.719,71987500,0.718,39592600,0.717,34491000,0.722,58763600,0.723,59893500,0.724,48523400,0.725,34457700,0.726,25771200,408,100,0
sh513130,09:38:38,1767058721389,5534.41,0.9008,5.0361,0.722,0.7217,0.0416,158500,114437,0.722,0.721,92057600,0.72,80146100,0.719,72019500,0.718,39533400,0.717,34491500,0.722,60475900,0.723,59914100,0.724,47533400,0.725,33857700,0.726,25691700,1237,100,0
sh513130,09:38:41,1767058723381,5534.44,0.9008,4.6848,0.721,0.7217,-0.097,245600,177291,0.7219,0.721,92262900,0.72,81258400,0.719,71993300,0.718,39533400,0.717,34491500,0.722,61550000,0.723,59914200,0.724,47400300,0.725,33877700,0.726,25741700,1072,100,0
sh513130,09:38:44,1767058727390,5534.62,0.9008,3.4216,0.722,0.7217,0.0416,101000,72822,0.721,0.721,77548800,0.72,81400800,0.719,72952500,0.718,54661800,0.717,34491500,0.722,61650400,0.723,60021200,0.724,47420400,0.725,33908300,0.726,25741700,757,100,0
sh513130,09:38:47,1767058730398,5534.72,0.9008,2.7862,0.722,0.7217,0.0416,445400,321463,0.7217,0.721,76920000,0.72,81563900,0.719,73949500,0.718,54631900,0.717,34541500,0.722,61540100,0.723,60270400,0.724,47420400,0.725,34025800,0.726,26031700,609,100,0
sh513130,09:38:50,1767058732398,5533.9,0.9008,2.9251,0.722,0.7217,0.0416,188800,136312,0.722,0.721,77828200,0.72,81573900,0.719,73949500,0.718,54631900,0.717,34531500,0.722,63062900,0.723,59899000,0.724,46480400,0.725,34183600,0.726,26047900,597,100,0
sh513130,09:38:53,1767058736424,5533.46,0.9008,3.736,0.722,0.7217,0.0416,28400,20500,0.7218,0.721,70332800,0.72,87359700,0.719,73949500,0.718,54641200,0.717,34527800,0.722,63822800,0.723,59982800,0.724,46480400,0.725,34403600,0.726,26139100,611,100,0
sh513130,09:38:56,1767058739413,5533.2,0.9008,2.2027,0.722,0.7217,0.0416,1364300,983984,0.7212,0.721,62359900,0.72,87431800,0.719,73663100,0.718,54643000,0.717,34527800,0.722,64566800,0.723,60036800,0.724,46480400,0.725,34609600,0.726,26158300,1603,100,0
sh513130,09:38:59,1767058742419,5532.5,0.9008,2.0287,0.722,0.7211,0.1248,197300,142430,0.7219,0.721,63500400,0.72,87438800,0.719,74786300,0.718,54645700,0.717,34533500,0.722,64699500,0.723,60272200,0.724,46480400,0.725,33671100,0.726,26169300,609,100,0
sh513130,09:39:02,1767058745415,5531.98,0.9008,4.6599,0.722,0.7211,0.1248,1082300,781323,0.7219,0.721,68891500,0.72,81969400,0.719,74805500,0.718,56592100,0.717,34538500,0.722,64110600,0.723,60486100,0.724,46480400,0.725,33730800,0.726,26127400,1426,100,0
sh513130,09:39:05,1767058747414,5532.06,0.9008,4.5963,0.722,0.7211,0.1248,1596200,1151456,0.7214,0.721,55461500,0.72,87579400,0.719,74809900,0.718,57400300,0.717,34569500,0.722,64210200,0.723,60539000,0.724,46581400,0.725,33230800,0.726,26127400,1250,100,0
sh513130,09:39:02,1767058748411,5531.68,0.9008,4.0945,0.722,0.7211,0.1248,0,0,0.722,0.721,68891500,0.72,81969400,0.719,74805500,0.718,56592100,0.717,34538500,0.722,64110600,0.723,60486100,0.724,46480400,0.725,33730800,0.726,26127400,78,100,1
sh513130,09:39:05,1767058749415,5531.68,0.9008,2.9655,0.722,0.7211,0.1248,1596200,1151456,0.7214,0.721,55461500,0.72,87579400,0.719,74809900,0.718,57400300,0.717,34569500,0.722,64210200,0.723,60539000,0.724,46581400,0.725,33230800,0.726,26127400,1082,100,0
sh513130,09:39:08,1767058751411,5531.51,0.9008,2.9969,0.722,0.7211,0.1248,196700,141974,0.7218,0.721,63660200,0.72,87581500,0.719,74722000,0.718,58291500,0.717,34569500,0.722,69704300,0.723,60617900,0.724,46727900,0.725,33278800,0.726,26227400,910,100,0
sh513130,09:39:11,1767058755422,5532.3,0.9008,1.1894,0.722,0.7211,0.1248,197300,142420,0.7218,0.721,87494100,0.72,82065700,0.719,74735700,0.718,39771400,0.717,34633000,0.722,69750300,0.723,60316300,0.724,46737900,0.725,33312700,0.726,26227400,602,100,0
sh513130,09:39:14,1767058756425,5533.44,0.9008,1.1658,0.722,0.7211,0.1248,605300,436700,0.7215,0.721,73176600,0.72,82148700,0.719,74736200,0.718,54533200,0.717,34683000,0.722,69705400,0.723,60366300,0.724,48780900,0.725,33309700,0.726,26207400,640,100,0
sh513130,09:39:11,1767058757430,5533.44,0.9008,2.4707,0.722,0.7211,0.1248,0,0,0.722,0.721,87494100,0.72,82065700,0.719,74735700,0.718,39771400,0.717,34633000,0.722,69750300,0.723,60316300,0.724,46737900,0.725,33312700,0.726,26227400,440,100,1
sh513130,09:39:14,1767058758433,5533.41,0.9008,2.2073,0.722,0.7211,0.1248,605300,436700,0.7215,0.721,73176600,0.72,82148700,0.719,74736200,0.718,54533200,0.717,34683000,0.722,69705400,0.723,60366300,0.724,48780900,0.725,33309700,0.726,26207400,626,100,0
sh513130,09:39:17,1767058760434,5533.93,0.9008,1.4166,0.722,0.7211,0.1248,623700,450298,0.722,0.721,90593000,0.72,83015600,0.719,73746200,0.718,39550700,0.717,34684000,0.722,65237100,0.723,64376300,0.724,48780900,0.725,33333600,0.726,26207400,644,100,0
sh513130,09:39:20,1767058763436,5534.94,0.9008,2.9588,0.721,0.7211,-0.0139,1369200,987292,0.7211,0.721,92773800,0.72,83020700,0.719,73749200,0.718,39550700,0.717,34684200,0.722,54436000,0.723,63878300,0.724,57779900,0.725,34111700,0.726,26207400,1613,100,0
sh513130,09:39:23,1767058765438,5535.91,0.9008,5.1318,0.721,0.7211,-0.0139,85700,61862,0.7218,0.721,93834400,0.72,83004400,0.719,73724300,0.718,39552700,0.717,34910500,0.722,51226000,0.723,63903300,0.724,57824900,0.725,39522200,0.726,26207400,1612,100,0
sh513130,09:39:26,1767058769434,5537.17,0.9008,4.4495,0.722,0.7218,0.0277,171500,123735,0.7215,0.721,94470500,0.72,83053400,0.719,73724300,0.718,39552700,0.717,34913500,0.722,46302600,0.723,64317300,0.724,57824900,0.725,39573200,0.726,26434400,1589,100,0
sh513130,09:39:29,1767058771439,5536.74,0.9008,3.4228,0.722,0.7218,0.0277,82400,59458,0.7216,0.721,95132400,0.72,83050400,0.719,73738200,0.718,39501600,0.717,34928500,0.722,46381500,0.723,64501700,0.724,57824900,0.725,40551300,0.726,26464000,1435,100,0
sh513130,09:39:32,1767058775441,5538.56,0.9008,3.9409,0.722,0.7218,0.0277,24778700,17890143,0.722,0.721,97364700,0.72,83590400,0.719,72710400,0.718,39447900,0.717,34928500,0.722,10936900,0.723,67439300,0.724,58814900,0.725,41292700,0.726,26464000,1109,100,0
sh513130,09:39:35,1767058778453,5538.46,0.9008,2.8747,0.722,0.7218,0.0277,26696800,19274989,0.722,0.721,94131700,0.72,81589500,0.719,65335900,0.718,39571700,0.717,34712300,0.722,13869600,0.723,76448700,0.724,59806900,0.725,42163400,0.726,26485000,656,100,0
sh513130,09:39:38,1767058781450,5539.04,0.9008,3.8032,0.722,0.7218,0.0277,1717500,1239585,0.7217,0.721,93736500,0.72,81770900,0.719,65377900,0.718,39591700,0.717,34677500,0.722,27607200,0.723,76569700,0.724,59747200,0.725,43137400,0.726,26485000,611,100,0
sh513130,09:39:35,1767058782446,5538.96,0.9008,3.4559,0.722,0.7218,0.0277,0,0,0.722,0.721,94131700,0.72,81589500,0.719,65335900,0.718,39571700,0.717,34712300,0.722,13869600,0.723,76448700,0.724,59806900,0.725,42163400,0.726,26485000,687,100,1
sh513130,09:39:38,1767058783454,5538.96,0.9008,3.3923,0.722,0.7218,0.0277,1717500,1239585,0.7217,0.721,93736500,0.72,81770900,0.719,65377900,0.718,39591700,0.717,34677500,0.722,27607200,0.723,76569700,0.724,59747200,0.725,43137400,0.726,26485000,438,100,0
sh513130,09:39:41,1767058784453,5539.22,0.9008,4.0467,0.721,0.7218,-0.1108,1176100,849114,0.722,0.721,93686700,0.72,81833900,0.719,65872600,0.718,39571700,0.717,34679800,0.722,24649900,0.723,76569700,0.724,59747400,0.725,44030100,0.726,26507000,637,100,0
sh513130,09:39:44,1767058788443,5539.32,0.9008,3.1636,0.721,0.7218,-0.1108,402700,290676,0.7218,0.721,93846700,0.72,81933900,0.719,65857600,0.718,39831200,0.717,34679800,0.722,21286400,0.723,76585100,0.724,58747400,0.725,45632100,0.726,26784800,688,100,0
sh513130,09:39:47,1767058790444,5538.34,0.9008,1.0931,0.722,0.7218,0.0277,466400,336623,0.7217,0.721,94833700,0.72,81933900,0.719,65433700,0.718,41800700,0.717,34679800,0.722,26755400,0.723,76608600,0.724,58958700,0.725,40685800,0.726,27592800,667,100,0
sh513130,09:39:50,1767058792442,5537.18,0.9008,0.7746,0.721,0.7224,-0.1938,918300,662679,0.7216,0.721,94516900,0.72,81043900,0.719,66412800,0.718,41801200,0.717,34651600,0.722,38962000,0.723,76687200,0.724,51107100,0.725,34517700,0.726,27592800,681,100,0
sh513130,09:39:53,1767058795445,5538.41,0.9008,2.539,0.722,0.7224,-0.0554,110800,79998,0.722,0.721,95119200,0.72,81543300,0.719,66432900,0.718,41815200,0.717,34631600,0.722,50432800,0.723,72689200,0.724,51194400,0.725,34537700,0.726,27599800,1342,100,0
sh513130,09:39:56,1767058799445,5536.9,0.9008,4.8466,0.721,0.7218,-0.1108,215600,155519,0.7213,0.721,71397800,0.72,87143300,0.719,66288000,0.718,56795200,0.717,34652200,0.722,55430800,0.723,71296200,0.724,49214300,0.725,34567700,0.726,27599800,1282,100,0
sh513130,09:39:59,1767058802446,5536.4,0.9008,4.8963,0.722,0.7218,0.0277,204400,147532,0.7218,0.721,69168500,0.72,87342200,0.719,66918800,0.718,56795200,0.717,34672200,0.722,58141400,0.723,71310200,0.724,49216100,0.725,34564400,0.726,27629800,635,100,0
sh513130,09:40:02,1767058805469,5537.27,0.9008,8.7362,0.721,0.7218,-0.1108,40400,29168,0.722,0.721,93180800,0.72,81737200,0.719,66008800,0.718,41795200,0.717,34662200,0.722,58543300,0.723,71410200,0.724,50206100,0.725,35124400,0.726,27629800,811,100,0
sh513130,09:40:05,1767058808488,5538.34,0.9008,7.8825,0.722,0.7211,0.1248,196400,141625,0.7211,0.721,93033000,0.72,82001400,0.719,66048000,0.718,41786600,0.717,34664500,0.722,54700600,0.723,75705700,0.724,50231100,0.725,35175700,0.726,27350000,660,100,0
sh513130,09:40:08,1767058812484,5539.69,0.9008,6.3884,0.722,0.7211,0.1248,218900,158046,0.722,0.721,92160600,0.72,82066500,0.719,66044400,0.718,41781600,0.717,34664500,0.722,56921800,0.723,75125600,0.724,50365600,0.725,35295700,0.726,27402600,707,100,0
sh513130,09:40:11,1767058814475,5534.91,0.9008,4.0274,0.722,0.7211,0.1248,77700,56096,0.722,0.721,71589000,0.72,87649800,0.719,66044400,0.718,56761600,0.717,34664500,0.722,61919900,0.723,71356700,0.724,50441400,0.725,35295700,0.726,27402600,706,100,0
sh513130,09:40:14,1767058817485,5535.72,0.9008,3.8267,0.721,0.7211,-0.0139,50500,36461,0.722,0.721,91350900,0.72,81926900,0.719,66924600,0.718,41781600,0.717,35103200,0.722,63791000,0.723,71551500,0.724,49452100,0.725,35439300,0.726,27402600,1682,100,0
sh513130,09:40:17,1767058819474,5536.35,0.9008,3.7392,0.722,0.7211,0.1248,94700,68370,0.722,0.721,91272000,0.72,81866900,0.719,66924600,0.718,41784600,0.717,35311900,0.722,63975300,0.723,71640200,0.724,49552100,0.725,35705200,0.726,27402600,1689,100,0
sh513130,09:40:23,1767058826480,5534.58,0.9008,3.8235,0.722,0.7218,0.0277,186300,134365,0.7212,0.721,75358100,0.72,81876900,0.719,67929600,0.718,56767600,0.717,35325500,0.722,65397900,0.723,71574700,0.724,49502100,0.725,35745200,0.726,27875200,188,100,0
sh513130,09:40:26,1767058829491,5534.65,0.9008,4.925,0.722,0.7218,0.0277,1668500,1203301,0.7212,0.721,70122100,0.72,81886900,0.719,69029600,0.718,57737600,0.717,35329100,0.722,65569500,0.723,72123800,0.724,49532100,0.725,35745200,0.726,27275400,1035,100,0
sh513130,09:40:29,1767058832502,5533.21,0.9008,3.55,0.721,0.7218,-0.1108,5149500,3712809,0.721,0.721,43463800,0.72,87682400,0.719,73389600,0.718,63615800,0.717,35334500,0.722,66659600,0.723,72180500,0.724,48652700,0.725,35975500,0.726,27281500,717,100,0
sh513130,09:40:32,1767058835493,5533.3,0.9008,3.6924,0.722,0.7218,0.0277,4072000,2935979,0.721,0.721,39526400,0.72,87682400,0.719,73389600,0.718,64910800,0.717,35334500,0.722,68217400,0.723,72297300,0.724,48652700,0.725,35990000,0.726,27281500,547,100,0
sh513130,09:40:35,1767058839487,5533.56,0.9008,3.8364,0.721,0.7211,-0.0139,4001400,2886931,0.7215,0.721,36794600,0.72,87650100,0.719,73393100,0.718,65789000,0.717,35334500,0.722,68291900,0.723,71301100,0.724,47552700,0.725,35028100,0.726,26298300,218,100,0
sh513130,09:40:38,1767058840478,5532.7,0.9008,3.9302,0.721,0.7211,-0.0139,23969900,17282319,0.721,0.72,91321700,0.719,74393100,0.718,66667200,0.717,35355500,0.716,27880300,0.721,52681100,0.722,60183400,0.723,66559300,0.724,47570100,0.725,35035200,705,100,0
sh513130,09:40:41,1767058844502,5532.7,0.9008,4.9396,0.721,0.7211,-0.0139,73700,53137,0.721,0.72,91330900,0.719,74457200,0.718,66667200,0.717,35355500,0.716,27880300,0.721,43990600,0.722,61139300,0.723,66754700,0.724,47173100,0.725,35037200,734,100,0
sh513130,09:40:44,1767058847493,5532.56,0.9008,4.4673,0.721,0.7211,-0.0139,586300,422719,0.721,0.72,91210600,0.719,74384300,0.718,67570400,0.717,36236300,0.716,27880300,0.721,44292000,0.722,61570400,0.723,66635100,0.724,47973100,0.725,35043200,1716,100,0
sh513130,09:40:47,1767058850494,5532.58,0.9008,5.5654,0.721,0.7211,-0.0139,2326900,1677494,0.7209,0.72,90992100,0.719,74394700,0.718,68266100,0.717,36228300,0.716,27882300,0.721,44429500,0.722,62683700,0.723,66644100,0.724,48067600,0.725,34431500,374,100,0
sh513130,09:40:50,1767058853500,5531.62,0.9008,3.4667,0.721,0.7211,-0.0139,67000,48307,0.721,0.72,91112600,0.719,74371700,0.718,68296100,0.717,36228300,0.716,27910000,0.721,44839000,0.722,62387600,0.723,66644100,0.724,47857600,0.725,34486700,1188,100,0
sh513130,09:40:53,1767058855487,5530.83,0.9008,2.7659,0.721,0.7211,-0.0139,2487300,1793341,0.721,0.72,91060800,0.719,74371700,0.718,68394500,0.717,36238300,0.716,27910000,0.721,43259800,0.722,62286700,0.723,66641100,0.724,47909600,0.725,33776900,994,100,0
sh513130,09:40:56,1767058859485,5531.09,0.9008,2.91,0.72,0.7211,-0.1525,541100,390121,0.721,0.72,91296500,0.719,74390900,0.718,68401800,0.717,36238300,0.716,27910000,0.721,34764200,0.722,62240000,0.723,66798100,0.724,47909600,0.725,33916000,649,100,0
sh513130,09:40:59,1767058862477,5532.59,0.9008,3.23,0.721,0.7211,-0.0139,1700500,1226039,0.721,0.72,91288800,0.719,74892000,0.718,68315900,0.717,36243300,0.716,27910000,0.721,32554200,0.722,63470100,0.723,67798100,0.724,48895100,0.725,34956900,714,100,0
sh513130,09:41:02,1767058865478,5533.68,0.9008,4.7129,0.721,0.7211,-0.0139,18532900,13362214,0.721,0.721,24653800,0.72,88394700,0.719,73892000,0.718,67151600,0.717,36226500,0.722,65142600,0.723,68718100,0.724,49295100,0.725,35004900,0.726,27395000,143,100,0
sh513130,09:41:05,1767058868497,5533.56,0.9008,4.1014,0.721,0.7211,-0.0139,770800,555747,0.721,0.721,36431500,0.72,87758900,0.719,74166600,0.718,61759100,0.717,36226500,0.722,65121900,0.723,68892100,0.724,49357900,0.725,35004900,0.726,27395000,751,100,0
sh513130,09:41:08,1767058870508,5533.52,0.9008,4.0072,0.721,0.7211,-0.0139,1015100,731897,0.721,0.721,33609200,0.72,88658600,0.719,74185900,0.718,61752600,0.717,36226500,0.722,65652500,0.723,68892100,0.724,49363600,0.725,35024900,0.726,27395000,738,100,0
sh513130,09:41:11,1767058874524,5533.32,0.9008,3.4161,0.721,0.7211,-0.0139,183700,132455,0.721,0.721,21911200,0.72,88733900,0.719,74305900,0.718,61752600,0.717,36218500,0.722,67722000,0.723,68794400,0.724,49363600,0.725,35029900,0.726,27395000,518,100,0
sh513130,09:41:14,1767058877533,5533.43,0.9008,2.7776,0.721,0.7211,-0.0139,7147500,5153447,0.721,0.72,92261800,0.719,75355900,0.718,62744600,0.717,36228500,0.716,27812000,0.721,14204900,0.722,69135900,0.723,68294400,0.724,49370600,0.725,35029900,1361,100,0
sh513130,09:41:17,1767058881523,5531.82,0.9008,3.818,0.72,0.7211,-0.1525,544700,392705,0.721,0.72,92396500,0.719,75729700,0.718,64022900,0.717,36198500,0.716,27812000,0.721,13072900,0.722,69536600,0.723,68294400,0.724,49370600,0.725,35039000,1021,100,0
sh513130,09:41:20,1767058883527,5531.02,0.9008,1.9769,0.721,0.7211,-0.0139,76400,55085,0.721,0.72,92397500,0.719,75618300,0.718,64901500,0.717,36298500,0.716,27822000,0.721,27834200,0.722,66464000,0.723,68307300,0.724,39870600,0.725,34994100,860,100,0
sh513130,09:41:23,1767058886528,5530.02,0.9008,1.9594,0.721,0.7211,-0.0139,54900,39582,0.721,0.72,91478200,0.719,77065500,0.718,66637100,0.717,36294500,0.716,27822000,0.721,42097100,0.722,67976200,0.723,59315300,0.724,34820600,0.725,35194100,742,100,0
sh513130,09:41:26,1767058890519,5528.06,0.9008,1.1577,0.72,0.7211,-0.1525,382800,275982,0.721,0.72,86004200,0.719,82665500,0.718,67544300,0.717,36305700,0.716,27822000,0.721,42622300,0.722,68068300,0.723,59281600,0.724,34820600,0.725,34591200,784,100,0
sh513130,09:41:29,1767058892515,5529.04,0.9008,2.2594,0.721,0.7211,-0.0139,67300,48502,0.7207,0.72,90982800,0.719,77088500,0.718,69412500,0.717,36305700,0.716,27822000,0.721,43760000,0.722,68000100,0.723,59335600,0.724,35048500,0.725,34621200,768,100,0
sh513130,09:41:32,1767058894513,5528.42,0.9008,2.2674,0.721,0.7211,-0.0139,91400,65864,0.7206,0.72,91048500,0.719,76511100,0.718,70011800,0.717,36285700,0.716,27822000,0.721,44101400,0.722,67404700,0.723,58275100,0.724,35080200,0.725,34671200,707,100,0
sh513130,09:41:35,1767058897511,5528.53,0.9008,4.1427,0.72,0.7211,-0.1525,62700,45146,0.72,0.72,91117400,0.719,76512900,0.718,69953100,0.717,36295700,0.716,27822000,0.721,33325600,0.722,71374000,0.723,66275100,0.724,35064800,0.725,34671200,1703,100,0
sh513130,09:41:38,1767058901509,5528.96,0.9008,4.1481,0.721,0.7211,-0.0139,189900,136731,0.72,0.72,91045600,0.719,76512900,0.718,69954100,0.717,36297700,0.716,27847000,0.721,46393500,0.722,68636000,0.723,58275100,0.724,35064800,0.725,34677400,1513,100,0
sh513130,09:41:44,1767058907491,5527.12,0.9008,4.3414,0.721,0.7211,-0.0139,253000,182403,0.721,0.72,90398400,0.719,77260100,0.718,72084800,0.717,36294700,0.716,27861800,0.721,48094600,0.722,68537100,0.723,58475300,0.724,35040800,0.725,34765700,999,100,0
sh513130,09:41:47,1767058910519,5526.28,0.9008,3.9906,0.721,0.7211,-0.0139,696200,501869,0.7209,0.72,84079200,0.719,83660100,0.718,73247100,0.717,36324700,0.716,27867800,0.721,47850300,0.722,67277400,0.723,58464300,0.724,35040800,0.725,34771700,741,100,0
sh513130,09:41:50,1767058913502,5525.5,0.9008,2.8292,0.721,0.7211,-0.0139,96800,69792,0.721,0.72,84129400,0.719,83999900,0.718,73247100,0.717,36427700,0.716,27867900,0.721,50767400,0.722,66743000,0.723,57445200,0.724,35040800,0.725,34771700,532,100,0
sh513130,09:41:53,1767058916501,5525.47,0.9008,2.8961,0.721,0.7211,-0.0139,174500,125744,0.7206,0.72,68753100,0.719,83999900,0.718,73251600,0.717,51427700,0.716,27882700,0.721,51188500,0.722,66646300,0.723,57453500,0.724,35113800,0.725,34812300,459,100,0
sh513130,09:41:56,1767058918497,5524.59,0.9008,5.3692,0.72,0.7204,-0.0555,198800,143317,0.7209,0.72,83723900,0.719,84060400,0.718,73251600,0.717,36427700,0.716,27882800,0.721,51130900,0.722,67086000,0.723,57453500,0.724,35141400,0.725,34812300,745,100,0
sh513130,09:41:59,1767058922506,5524.91,0.9008,2.1512,0.72,0.7204,-0.0555,139300,100315,0.7201,0.72,68092100,0.719,83021400,0.718,73256600,0.717,51828000,0.716,27889800,0.721,51278700,0.722,66944100,0.723,57358500,0.724,35173500,0.725,34811800,706,100,0
sh513130,09:42:02,1767058925505,5524.6,0.9008,4.1359,0.72,0.7204,-0.0555,83900,60408,0.72,0.72,89068300,0.719,77401400,0.718,73267300,0.717,36428100,0.716,27884800,0.721,50673000,0.722,67016900,0.723,57478500,0.724,35193500,0.725,34811800,1699,100,0
sh513130,09:42:05,1767058927509,5522.31,0.9008,4.7346,0.72,0.7204,-0.0555,41376100,29789792,0.72,0.719,92327900,0.718,88673000,0.717,53883600,0.716,28516200,0.715,32417800,0.72,56617300,0.721,43848500,0.722,56808100,0.723,48380700,0.724,33157300,1533,100,0
sh513130,09:42:02,1767058928516,5523.27,0.9008,4.498,0.72,0.7204,-0.0555,0,0,0.72,0.72,89068300,0.719,77401400,0.718,73267300,0.717,36428100,0.716,27884800,0.721,50673000,0.722,67016900,0.723,57478500,0.724,35193500,0.725,34811800,377,100,1
sh513130,09:42:05,1767058929511,5523.27,0.9008,4.4204,0.72,0.7204,-0.0555,41376100,29789792,0.72,0.719,92327900,0.718,88673000,0.717,53883600,0.716,28516200,0.715,32417800,0.72,56617300,0.721,43848500,0.722,56808100,0.723,48380700,0.724,33157300,1372,100,0
sh513130,09:42:08,1767058931504,5522.36,0.9008,2.4975,0.72,0.7204,-0.0555,310300,223416,0.72,0.719,91849800,0.718,88673000,0.717,60819200,0.716,28516200,0.715,32417800,0.72,59700100,0.721,43928800,0.722,56098400,0.723,43021800,0.724,33141300,1213,100,0
sh513130,09:42:11,1767058933515,5522.19,0.9008,3.7151,0.72,0.7204,-0.0555,54800,39456,0.72,0.719,91827700,0.718,89075700,0.717,63698700,0.716,28516200,0.715,32417800,0.72,61661000,0.721,43870000,0.722,56955600,0.723,38121800,0.724,33141300,1058,100,0
sh513130,09:42:14,1767058936508,5519.6,0.9008,2.634,0.72,0.7204,-0.0555,470900,338816,0.7195,0.719,83756700,0.718,94585400,0.717,67580200,0.716,28497200,0.715,32423800,0.72,69750400,0.721,49969000,0.722,47772900,0.723,36691800,0.724,33141300,737,100,0
sh513130,09:42:11,1767058937514,5519.6,0.9008,2.6278,0.72,0.7204,-0.0555,0,0,0.72,0.719,91827700,0.718,89075700,0.717,63698700,0.716,28516200,0.715,32417800,0.72,61661000,0.721,43870000,0.722,56955600,0.723,38121800,0.724,33141300,712,100,1
sh513130,09:42:14,1767058938503,5518.71,0.9008,2.0716,0.72,0.7204,-0.0555,470900,338816,0.7195,0.719,83756700,0.718,94585400,0.717,67580200,0.716,28497200,0.715,32423800,0.72,69750400,0.721,49969000,0.722,47772900,0.723,36691800,0.724,33141300,762,100,0
sh513130,09:42:17,1767058939489,5518.71,0.9008,2.0716,0.72,0.7204,-0.0555,11700,8420,0.7197,0.719,76182700,0.718,94587400,0.717,75834700,0.716,28909000,0.715,32443900,0.72,71127400,0.721,49716200,0.722,47088000,0.723,36691800,0.724,33141300,520,100,0
sh513130,09:42:20,1767058943494,5517.88,0.9008,2.0515,0.72,0.7198,0.0278,2806700,2020475,0.7199,0.719,81006200,0.718,88979900,0.717,77715200,0.716,28516000,0.715,32473900,0.72,68917200,0.721,50392900,0.722,47121100,0.723,36691800,0.724,33134300,185,100,0
sh513130,09:42:23,1767058947475,5518.04,0.9008,2.0461,0.72,0.7198,0.0278,865600,622566,0.7192,0.719,81559400,0.718,89162300,0.717,77771900,0.716,28516000,0.715,32473900,0.72,56774100,0.721,50489400,0.722,56249400,0.723,39691800,0.724,33134300,1638,100,0
sh513130,09:42:26,1767058949487,5518.97,0.9008,3.2364,0.72,0.7198,0.0278,288600,207559,0.7192,0.719,82672000,0.718,89405900,0.717,77791900,0.716,28516000,0.715,32473800,0.72,40112400,0.721,55878100,0.722,57451700,0.723,40554000,0.724,35114300,1715,100,0
sh513130,09:42:29,1767058952478,5520.55,0.9008,2.4076,0.72,0.7198,0.0278,2847500,2050083,0.72,0.719,83588100,0.718,89407900,0.717,77015500,0.716,28717000,0.715,32486800,0.72,34694500,0.721,57583800,0.722,57479000,0.723,40926200,0.724,35114300,484,100,0
sh513130,09:42:32,1767058955483,5521.35,0.9008,2.8842,0.72,0.7198,0.0278,34100,24552,0.72,0.719,84928000,0.718,89407900,0.717,77216500,0.716,28735900,0.715,32486800,0.72,34287000,0.721,57013700,0.722,57725600,0.723,41798400,0.724,35114300,1331,100,0
sh513130,09:42:35,1767058957478,5521.04,0.9008,2.533,0.72,0.7198,0.0278,1996900,1437767,0.72,0.719,91398200,0.718,90417700,0.717,78186500,0.716,28735900,0.715,32501800,0.72,34732600,0.721,56706200,0.722,59957700,0.723,44170600,0.724,35114300,1149,100,0
sh513130,09:42:38,1767058961488,5521.86,0.9008,1.8431,0.72,0.7198,0.0278,154600,111184,0.7192,0.719,91350500,0.718,91382700,0.717,79293000,0.716,28999000,0.715,32495300,0.72,40999300,0.721,52721000,0.722,60141000,0.723,45042800,0.724,35114300,857,100,0
sh513130,09:42:41,1767058964488,5521.09,0.9008,1.9279,0.72,0.7198,0.0278,249300,179287,0.7192,0.719,91318700,0.718,91402700,0.717,81352000,0.716,28999000,0.715,32495300,0.72,41728300,0.721,52355700,0.722,62925200,0.723,45181800,0.724,35114300,700,100,0
sh513130,09:42:44,1767058967511,5521.77,0.9008,3.0069,0.72,0.7205,-0.0694,3222500,2319948,0.7199,0.719,91895600,0.718,91402700,0.717,83352000,0.716,28999000,0.715,32495300,0.72,14687900,0.721,56242500,0.722,62934200,0.723,45175500,0.724,35174700,376,100,0
sh513130,09:42:47,1767058970544,5523.12,0.9008,2.9968,0.72,0.7205,-0.0694,15806900,11380968,0.72,0.72,20161400,0.719,91609300,0.718,90530500,0.717,75108000,0.716,29001000,0.721,55970300,0.722,65168200,0.723,45575500,0.724,35175800,0.725,34393100,783,100,0
sh513130,09:42:50,1767058973547,5522.83,0.9008,2.9452,0.72,0.7205,-0.0694,1324900,953928,0.72,0.72,24517600,0.719,91364300,0.718,90556200,0.717,69768100,0.716,29021400,0.721,57097500,0.722,65304100,0.723,50575500,0.724,35177400,0.725,34393100,1816,100,0
sh513130,09:42:53,1767058976540,5523.18,0.9008,4.819,0.721,0.7205,0.0694,1333400,960068,0.72,0.72,53624000,0.719,91374300,0.718,91560000,0.717,49768700,0.716,29021400,0.721,56160400,0.722,65287100,0.723,50575500,0.724,35184000,0.725,34403100,765,100,0
sh513130,09:42:56,1767058978536,5522.75,0.9008,3.8063,0.72,0.7205,-0.0694,55700,40104,0.72,0.72,24755500,0.719,91774500,0.718,91560000,0.717,64779200,0.716,29021400,0.721,59507000,0.722,64287100,0.723,50575500,0.724,35184600,0.725,34433100,592,100,0
sh513130,09:42:59,1767058983538,5522.82,0.9008,5.1031,0.72,0.7205,-0.0694,35000,25215,0.7204,0.72,32943200,0.719,91701700,0.718,91458200,0.717,64817200,0.716,29022900,0.721,60075700,0.722,64360100,0.723,50626400,0.724,35184600,0.725,34434100,13,100,0
sh513130,09:43:02,1767058985543,5523.81,0.9008,4.061,0.72,0.7205,-0.0694,41100,29592,0.72,0.72,27510800,0.719,91201500,0.718,91418700,0.717,64817200,0.716,29164600,0.721,61210700,0.722,64718100,0.723,50736400,0.724,35184600,0.725,34441100,1110,100,0
sh513130,09:43:05,1767058987536,5524.34,0.9008,4.3126,0.721,0.7205,0.0694,37200,26785,0.72,0.72,64755200,0.719,91298100,0.718,90428700,0.717,49817200,0.716,29164600,0.721,60273500,0.722,65131100,0.723,51722000,0.724,35184600,0.725,34441100,906,100,0
sh513130,09:43:08,1767058990524,5526.83,0.9008,5.4917,0.72,0.7205,-0.0694,124400,89588,0.7202,0.72,78278600,0.719,85786600,0.718,90438700,0.717,49817200,0.716,29166600,0.721,37540600,0.722,69555000,0.723,61702000,0.724,38184600,0.725,34441100,752,100,0
sh513130,09:43:11,1767058994519,5528.36,0.9008,2.644,0.72,0.7205,-0.0694,1100,792,0.72,0.72,79614500,0.719,86011300,0.718,89466700,0.717,49817200,0.716,29166600,0.721,25876700,0.722,73567500,0.723,61702000,0.724,40084600,0.725,34470100,756,100,0
sh513130,09:43:14,1767058996524,5527.93,0.9008,0.5224,0.721,0.7211,-0.0139,2161400,1558219,0.7209,0.72,81223000,0.719,86096900,0.718,89618700,0.717,49817500,0.716,29166600,0.721,26557200,0.722,75132200,0.723,61693400,0.724,40084600,0.725,34474100,769,100,0
sh513130,09:43:17,1767059000530,5528.18,0.9008,4.5679,0.721,0.7211,-0.0139,125100,90196,0.721,0.72,82220500,0.719,86003600,0.718,89646400,0.717,49818500,0.716,29171600,0.721,33980500,0.722,70157900,0.723,61703800,0.724,39685600,0.725,33474100,706,100,0
sh513130,09:43:20,1767059004531,5527.83,0.9008,3.911,0.72,0.7211,-0.1525,324800,233879,0.7201,0.72,82637500,0.719,86301500,0.718,90643400,0.717,49818500,0.716,29159800,0.721,57127000,0.722,71610800,0.723,53704300,0.724,35198100,0.725,35554100,580,100,0
sh513130,09:43:23,1767059006537,5530.02,0.9008,4.9561,0.72,0.7211,-0.1525,2392100,1722461,0.7201,0.72,81728200,0.719,85801500,0.718,90643400,0.717,49838500,0.716,29159800,0.721,41482900,0.722,75659500,0.723,61704300,0.724,39470200,0.725,35564100,442,100,0
sh513130,09:43:26,1767059009538,5529.39,0.9008,6.2356,0.721,0.7211,-0.0139,349300,251835,0.721,0.72,81758300,0.719,85874600,0.718,90643400,0.717,49838500,0.716,31198400,0.721,46055600,0.722,71692500,0.723,61702300,0.724,40740900,0.725,37615600,1287,100,0
sh513130,09:43:29,1767059012538,5527.88,0.9008,3.6699,0.721,0.7211,-0.0139,128700,92726,0.7205,0.72,82128400,0.719,85877600,0.718,90694100,0.717,48958300,0.716,31198400,0.721,48605700,0.722,71262500,0.723,61715200,0.724,36869900,0.725,37614100,779,100,0
sh513130,09:43:32,1767059014547,5527.38,0.9008,4.3599,0.72,0.7211,-0.1525,25300,18226,0.7204,0.72,83001600,0.719,85899600,0.718,90657000,0.717,48958300,0.716,31203400,0.721,60555200,0.722,72675000,0.723,53814000,0.724,34969900,0.725,38614100,784,100,0
sh513130,09:43:35,1767059018533,5526.33,0.9008,3.6581,0.72,0.7211,-0.1525,312600,225095,0.7201,0.72,81792600,0.719,85951500,0.718,92885000,0.717,48968300,0.716,31181900,0.721,61445100,0.722,72675000,0.723,53675500,0.724,34969900,0.725,39747700,745,100,0
sh513130,09:43:38,1767059021535,5527.25,0.9008,2.6333,0.721,0.7211,-0.0139,195800,141002,0.7201,0.72,81588200,0.719,85971500,0.718,92888000,0.717,48968300,0.716,31181900,0.721,62304100,0.722,72932900,0.723,53640500,0.724,34969900,0.725,40751200,267,100,0
sh513130,09:43:41,1767059024533,5527.43,0.9008,2.3259,0.72,0.7211,-0.1525,673400,485421,0.7209,0.72,74000900,0.719,91354600,0.718,93888000,0.717,48968300,0.716,31181900,0.721,65759400,0.722,73327900,0.723,52650500,0.724,34969900,0.725,41751200,761,100,0
sh513130,09:43:44,1767059027537,5527.35,0.9008,2.6494,0.721,0.7211,-0.0139,11200,8076,0.7211,0.72,75047800,0.719,91632200,0.718,92900700,0.717,48968300,0.716,31181900,0.721,66790800,0.722,73340300,0.723,52653300,0.724,35108400,0.725,41751200,1752,100,0
sh513130,09:43:47,1767059031549,5527.03,0.9008,4.0729,0.72,0.7211,-0.1525,126800,91327,0.7202,0.72,74803500,0.719,91632200,0.718,92900700,0.717,48971300,0.716,31221900,0.721,66791100,0.722,73386200,0.723,52770300,0.724,35108400,0.725,42758300,1599,100,0
sh513130,09:43:50,1767059032542,5526.96,0.9008,3.027,0.72,0.7205,-0.0694,139000,100094,0.7201,0.72,80514400,0.719,86097100,0.718,92920700,0.717,48971300,0.716,31221900,0.721,58757200,0.722,73386200,0.723,60770300,0.724,35123400,0.725,43041700,431,100,0
sh513130,09:43:53,1767059036524,5526.26,0.9008,3.7601,0.721,0.7205,0.0694,300,216,0.72,0.72,75882600,0.719,91752100,0.718,93935600,0.717,48989300,0.716,31221900,0.721,66756900,0.722,73375200,0.723,53783300,0.724,35133400,0.725,43041700,93,100,0
sh513130,09:43:56,1767059039535,5526.86,0.9008,1.9639,0.721,0.7205,0.0694,97000,69892,0.7205,0.72,75919500,0.719,91762600,0.718,93935600,0.717,48989300,0.716,31221900,0.721,67838800,0.722,73438600,0.723,54783300,0.724,35233400,0.725,43021500,924,100,0
sh513130,09:43:59,1767059042537,5527.4,0.9008,1.8594,0.721,0.7205,0.0694,145900,105165,0.7208,0.72,81353300,0.719,86184100,0.718,93985600,0.717,48989300,0.716,31221900,0.721,66732100,0.722,74439700,0.723,55734400,0.724,35247200,0.725,42821500,767,100,0
sh513130,09:44:02,1767059044523,5528.26,0.9008,3.3477,0.72,0.7205,-0.0694,83900,60443,0.7204,0.72,81581700,0.719,86165100,0.718,93996600,0.717,48984300,0.716,31221900,0.721,53350900,0.722,74945200,0.723,64744600,0.724,39747200,0.725,42831900,753,100,0
sh513130,09:44:05,1767059048526,5528.83,0.9008,3.7521,0.721,0.7205,0.0694,79400,57233,0.7208,0.72,82653100,0.719,86356900,0.718,90608900,0.717,48982800,0.716,31201900,0.721,44050800,0.722,79045200,0.723,65501200,0.724,40142200,0.725,42838900,554,100,0
sh513130,09:44:08,1767059051523,5531.31,0.9008,5.1213,0.72,0.7205,-0.0694,517000,372245,0.72,0.72,83188100,0.719,86912500,0.718,90598700,0.717,48982800,0.716,31201900,0.721,33028700,0.722,78631100,0.723,66501200,0.724,46019000,0.725,42988900,1703,100,0
sh513130,09:44:11,1767059053531,5530.76,0.9008,4.196,0.721,0.7211,-0.0139,301000,217021,0.721,0.72,83328900,0.719,86657900,0.718,90715200,0.717,49002800,0.716,31201900,0.721,38161800,0.722,78504000,0.723,66501200,0.724,46890000,0.725,43006600,1456,100,0
sh513130,09:44:14,1767059056522,5529.64,0.9008,1.186,0.72,0.7211,-0.1525,233600,168425,0.721,0.72,83313600,0.719,86707900,0.718,91215200,0.717,49022800,0.716,31202500,0.721,39802600,0.722,78504000,0.723,67603700,0.724,47761000,0.725,43006600,567,100,0
sh513130,09:44:17,1767059060532,5529.56,0.9008,1.7691,0.721,0.7211,-0.0139,116200,83776,0.721,0.72,83337000,0.719,86714300,0.718,92215200,0.717,49022800,0.716,31215500,0.721,40077800,0.722,79625000,0.723,68603700,0.724,48635700,0.725,43006600,232,100,0
sh513130,09:44:20,1767059063523,5528.02,0.9008,3.6855,0.721,0.7211,-0.0139,115300,83063,0.7204,0.72,77749600,0.719,92319700,0.718,92215700,0.717,49023400,0.716,31215500,0.721,58217000,0.722,75859900,0.723,61609700,0.724,40251700,0.725,43038900,1059,100,0
sh513130,09:44:23,1767059066530,5527.21,0.9008,3.1132,0.721,0.7211,-0.0139,680700,490768,0.721,0.72,61889300,0.719,92314700,0.718,93645600,0.717,63953300,0.716,31200500,0.721,64462600,0.722,76496900,0.723,60619800,0.724,35251700,0.725,43024100,760,100,0
sh513130,09:44:26,1767059070533,5526.23,0.9008,1.5637,0.72,0.7211,-0.1525,25600,18432,0.72,0.72,46584900,0.719,92314700,0.718,94636200,0.717,64270400,0.716,31190500,0.721,65411400,0.722,76438900,0.723,61639800,0.724,35251700,0.725,43044100,660,100,0
sh513130,09:44:29,1767059072526,5527.04,0.9008,1.038,0.721,0.7204,0.0833,90900,65519,0.7208,0.72,46251000,0.719,92342100,0.718,94686200,0.717,64270500,0.716,31190500,0.721,66578700,0.722,76406800,0.723,62834100,0.724,35251700,0.725,43044100,768,100,0
sh513130,09:44:32,1767059075528,5527.54,0.9008,1.8579,0.721,0.7204,0.0833,33500,24143,0.7207,0.72,52751800,0.719,92333400,0.718,95736300,0.717,64270300,0.716,31210500,0.721,67604800,0.722,76142700,0.723,62835600,0.724,35251700,0.725,43044100,65,100,0
sh513130,09:44:35,1767059077523,5528.34,0.9008,2.4823,0.721,0.7204,0.0833,1149300,827646,0.7201,0.72,74380100,0.719,86994100,0.718,95746900,0.717,49270600,0.716,31119400,0.721,68526500,0.722,76173800,0.723,63835600,0.724,35251700,0.725,43044100,1765,100,0
sh513130,09:44:38,1767059081529,5527.57,0.9008,2.1273,0.721,0.7204,0.0833,177600,127939,0.7204,0.72,74321500,0.719,86914100,0.718,95751900,0.717,49172600,0.716,31099400,0.721,69334300,0.722,76565900,0.723,63835600,0.724,35256900,0.725,43044100,1742,100,0
sh513130,09:44:41,1767059084523,5528.63,0.9008,2.8799,0.72,0.7204,-0.0555,489200,352224,0.72,0.72,73841300,0.719,86914300,0.718,95643600,0.717,49272600,0.716,31100900,0.721,60380100,0.722,76610700,0.723,71855600,0.724,35256900,0.725,43244100,424,100,0
sh513130,09:44:44,1767059086525,5528.38,0.9008,2.3084,0.721,0.7204,0.0833,8000,5768,0.721,0.72,74952500,0.719,86864300,0.718,94658600,0.717,49282600,0.716,31100900,0.721,51947900,0.722,80611700,0.723,71823000,0.724,39756900,0.725,43244100,235,100,0
sh513130,09:44:47,1767059090538,5530.02,0.9008,3.1038,0.72,0.7204,-0.0555,118900,85610,0.72,0.72,76815100,0.719,86854300,0.718,93673900,0.717,49407600,0.716,31100900,0.721,51009700,0.722,80631700,0.723,72993900,0.724,39756900,0.725,43244100,732,100,0
sh513130,09:44:50,1767059093532,5530.67,0.9008,2.7834,0.72,0.7204,-0.0555,79000,56909,0.7204,0.72,77258900,0.719,86784700,0.718,94173900,0.717,49471700,0.716,31100900,0.721,41181800,0.722,80674000,0.723,72993900,0.724,40627800,0.725,43244600,741,100,0
sh513130,09:44:53,1767059095533,5530.19,0.9008,2.6529,0.72,0.7204,-0.0555,104200,75024,0.72,0.72,77156100,0.719,86796700,0.718,94087900,0.717,49471700,0.716,31100900,0.721,39373100,0.722,80695500,0.723,72993900,0.724,46493000,0.725,43254600,578,100,0
sh513130,09:44:56,1767059099533,5530.51,0.9008,2.8823,0.721,0.7211,-0.0139,16400,11814,0.7204,0.72,77146000,0.719,86944200,0.718,94087900,0.717,49471700,0.716,31100900,0.721,39442400,0.722,80706800,0.723,72993900,0.724,47364900,0.725,43250100,250,100,0
sh513130,09:44:59,1767059102528,5532.3,0.9008,1.1728,0.721,0.7211,-0.0139,145300,104701,0.7206,0.72,77455000,0.719,86902400,0.718,94087900,0.717,49481700,0.716,31100900,0.721,39438400,0.722,80706800,0.723,72993900,0.724,47364900,0.725,43250100,785,100,0
sh513130,09:45:02,1767059105531,5532.9,0.9008,8.3162,0.72,0.7211,-0.1525,15100,10877,0.7203,0.72,77685100,0.719,86886300,0.718,94087900,0.717,49431700,0.716,31186800,0.721,39648300,0.722,80823300,0.723,72998900,0.724,48240800,0.725,43250100,1800,100,0
sh513130,09:45:05,1767059108543,5532.15,0.9008,7.077,0.721,0.7218,-0.1108,271900,196000,0.7209,0.72,77874000,0.719,87196300,0.718,95037900,0.717,49429700,0.716,31186800,0.721,41668000,0.722,80798400,0.723,72998900,0.724,49111700,0.725,43250100,567,100,0
sh513130,09:45:08,1767059111520,5532.8,0.9008,5.6675,0.721,0.7218,-0.1108,124900,90052,0.721,0.72,78183700,0.719,87196500,0.718,95037900,0.717,49429700,0.716,31186800,0.721,40077600,0.722,80680800,0.723,73248900,0.724,49757200,0.725,43258100,1380,100,0
sh513130,09:45:11,1767059114522,5531.38,0.9008,7.0764,0.721,0.7211,-0.0139,528500,380806,0.7205,0.72,78040000,0.719,87205300,0.718,90917500,0.717,49430700,0.716,31213000,0.721,40009500,0.722,80778600,0.723,73298900,0.724,49757200,0.725,43258100,45,100,0
sh513130,09:45:14,1767059116520,5532.86,0.9008,6.9038,0.721,0.7211,-0.0139,2090400,1507114,0.721,0.72,78063100,0.719,87205300,0.718,90922500,0.717,49430700,0.716,31213000,0.721,35468900,0.722,80828600,0.723,73858900,0.724,49757200,0.725,43258100,785,100,0
sh513130,09:45:17,1767059120523,5532.12,0.9008,4.3998,0.72,0.7211,-0.1525,84800,61114,0.7207,0.72,78386300,0.719,87413200,0.718,91925600,0.717,49443700,0.716,31213000,0.721,37775700,0.722,80920600,0.723,73858900,0.724,49755200,0.725,43258100,732,100,0
sh513130,09:45:20,1767059124522,5532.48,0.9008,3.0414,0.721,0.7218,-0.1108,148000,106569,0.7201,0.72,78704100,0.719,87421100,0.718,92803800,0.717,49443700,0.716,31218000,0.721,39967300,0.722,80838600,0.723,73858900,0.724,49755200,0.725,43258100,705,100,0
sh513130,09:45:23,1767059127539,5531.61,0.9008,2.1976,0.721,0.7218,-0.1108,10000,7210,0.721,0.72,79046600,0.719,87422400,0.718,93682000,0.717,49443700,0.716,31218000,0.721,37745300,0.722,80938600,0.723,73613700,0.724,49755200,0.725,43358100,27,100,0
sh513130,09:45:26,1767059128533,5532.96,0.9008,2.9538,0.72,0.7218,-0.2494,38100,27458,0.7207,0.72,79040900,0.719,87423900,0.718,94511300,0.717,49443800,0.716,31218000,0.721,37872200,0.722,80938600,0.723,73662400,0.724,49765300,0.725,43358100,736,100,0
sh513130,09:45:23,1767059129533,5532.96,0.9008,2.9387,0.721,0.7218,-0.1108,0,0,0.721,0.72,79046600,0.719,87422400,0.718,93682000,0.717,49443700,0.716,31218000,0.721,37745300,0.722,80938600,0.723,73613700,0.724,49755200,0.725,43358100,1736,100,1
sh513130,09:45:26,1767059130523,5533.1,0.9008,4.5159,0.72,0.7218,-0.2494,38100,27458,0.7207,0.72,79040900,0.719,87423900,0.718,94511300,0.717,49443800,0.716,31218000,0.721,37872200,0.722,80938600,0.723,73662400,0.724,49765300,0.725,43358100,735,100,0
sh513130,09:45:29,1767059132525,5533.32,0.9008,4.5361,0.72,0.7211,-0.1525,25100,18072,0.72,0.72,79258700,0.719,87973900,0.718,95389500,0.717,49464700,0.716,31218000,0.721,37883600,0.722,80994100,0.723,74662400,0.724,49765300,0.725,43409000,707,100,0
sh513130,09:45:32,1767059134511,5532.75,0.9008,4.3741,0.721,0.7211,-0.0139,25100,18097,0.721,0.72,80363700,0.719,88012700,0.718,95998500,0.717,49466700,0.716,31046700,0.721,37917900,0.722,81089600,0.723,74700300,0.724,49765300,0.725,43409000,530,100,0
sh513130,09:45:35,1767059138511,5532.73,0.9008,5.3269,0.721,0.7211,-0.0139,27920900,20130933,0.721,0.721,75707100,0.72,78475100,0.719,73853000,0.718,58659500,0.717,49466800,0.722,83987200,0.723,75700300,0.724,50209100,0.725,43661100,0.726,28087000,187,100,0
sh513130,09:45:38,1767059140506,5533.29,0.9008,2.9263,0.721,0.7211,-0.0139,9800,7066,0.721,0.721,75148400,0.72,78498000,0.719,75950700,0.718,58259500,0.717,49466800,0.722,82007200,0.723,75750300,0.724,52203100,0.725,43641100,0.726,28087000,13,100,0
sh513130,09:45:41,1767059144515,5535.09,0.9008,2.6105,0.721,0.7211,-0.0139,48600,35040,0.721,0.721,81974500,0.72,78772700,0.719,75950400,0.718,53259500,0.717,49466800,0.722,81079900,0.723,75750300,0.724,52253100,0.725,43691100,0.726,28087000,716,100,0
sh513130,09:45:44,1767059147506,5535.39,0.9008,3.2454,0.721,0.7217,-0.097,505100,364192,0.721,0.721,88505900,0.72,74402300,0.719,75859100,0.718,53259500,0.717,49466800,0.722,72924500,0.723,75800300,0.724,60213100,0.725,43689300,0.726,28087000,521,100,0
sh513130,09:45:47,1767059150501,5535.5,0.9008,2.7961,0.721,0.7217,-0.097,117700,84862,0.721,0.721,88007300,0.72,74680700,0.719,74805900,0.718,53259500,0.717,49466800,0.722,68544500,0.723,80479700,0.724,60214100,0.725,43734900,0.726,28087000,692,100,0
sh513130,09:45:50,1767059153492,5536.26,0.9008,3.229,0.721,0.7218,-0.1108,1016200,732681,0.721,0.721,88515100,0.72,75710600,0.719,74817600,0.718,53289500,0.717,49466800,0.722,69994700,0.723,80579700,0.724,52214100,0.725,48234900,0.726,27987000,5,100,0
sh513130,09:45:53,1767059156495,5536.2,0.9008,2.22,0.721,0.7218,-0.1108,32100,23169,0.7218,0.721,88684400,0.72,76415700,0.719,74845600,0.718,53289500,0.717,47481000,0.722,74651500,0.723,80812400,0.724,52214500,0.725,43734900,0.726,28030800,712,100,0
sh513130,09:45:56,1767059159476,5536.12,0.9008,3.3413,0.722,0.7217,0.0416,30000,21640,0.7213,0.721,89746100,0.72,76424200,0.719,74657000,0.718,53289500,0.717,47481000,0.722,56168300,0.723,81093000,0.724,61204500,0.725,48234900,0.726,27990500,1646,100,0
sh513130,09:45:59,1767059162474,5535.62,0.9008,1.7793,0.721,0.7217,-0.097,118100,85152,0.721,0.721,83073200,0.72,82174500,0.719,75647000,0.718,53249500,0.717,47481000,0.722,71441800,0.723,81098000,0.724,52234500,0.725,43794900,0.726,27979500,341,100,0
sh513130,09:46:02,1767059164487,5536.52,0.9008,2.7507,0.722,0.7217,0.0416,49400,35666,0.722,0.721,84174300,0.72,82759700,0.719,76247000,0.718,54079400,0.717,48081000,0.722,71871300,0.723,81710900,0.724,52834500,0.725,44394900,0.726,28580200,190,100,0
sh513130,09:46:05,1767059169457,5537.99,0.9008,4.4065,0.722,0.7217,0.0416,923700,666126,0.7211,0.721,89885800,0.72,77411100,0.719,75305500,0.718,54079400,0.717,48094900,0.722,56556900,0.723,81692000,0.724,61800000,0.725,48894900,0.726,28580200,817,100,0
sh513130,09:46:08,1767059171458,5536.98,0.9008,3.9025,0.721,0.7217,-0.097,364800,263170,0.7214,0.721,89789800,0.72,76028000,0.719,75305500,0.718,53879400,0.717,48094900,0.722,55186300,0.723,81700200,0.724,61883500,0.725,49768100,0.726,28600200,640,100,0
sh513130,09:46:11,1767059174446,5536.67,0.9008,3.4085,0.722,0.7217,0.0416,84200,60789,0.722,0.721,91286300,0.72,76544800,0.719,75375800,0.718,53894400,0.717,48094900,0.722,67851500,0.723,81786200,0.724,53883500,0.725,44398400,0.726,28649100,689,100,0
sh513130,09:46:14,1767059177456,5536.5,0.9008,2.0447,0.721,0.7218,-0.1108,21000,15151,0.7215,0.721,92065900,0.72,76589800,0.719,75475800,0.718,53914400,0.717,47903900,0.722,69968000,0.723,81837800,0.724,52933500,0.725,44398400,0.726,28649100,110,100,0
sh513130,09:46:17,1767059180435,5535.0,0.9008,2.743,0.722,0.7218,0.0277,1178000,850481,0.722,0.721,70452900,0.72,82224200,0.719,76956200,0.718,68914400,0.717,47993700,0.722,71645300,0.723,82902400,0.724,52933500,0.725,44398400,0.726,28649100,662,100,0
sh513130,09:46:20,1767059183438,5534.81,0.9008,2.8364,0.722,0.7218,0.0277,252700,182256,0.7212,0.721,67452300,0.72,82233800,0.719,76957200,0.718,68894800,0.717,48008300,0.722,71713400,0.723,83022400,0.724,52933500,0.725,44410200,0.726,28649100,1665,100,0
sh513130,09:46:23,1767059185429,5534.57,0.9008,3.0976,0.722,0.7218,0.0277,687400,495676,0.7211,0.721,43887300,0.72,83198200,0.719,77957500,0.718,68899800,0.717,47998800,0.722,73773300,0.723,83070600,0.724,52150000,0.725,44410200,0.726,28649100,1616,100,0
sh513130,09:46:20,1767059186428,5535.78,0.9008,2.9545,0.722,0.7218,0.0277,0,0,0.722,0.721,67452300,0.72,82233800,0.719,76957200,0.718,68894800,0.717,48008300,0.722,71713400,0.723,83022400,0.724,52933500,0.725,44410200,0.726,28649100,452,100,1
sh513130,09:46:23,1767059187428,5535.78,0.9008,3.0033,0.722,0.7218,0.0277,687400,495676,0.7211,0.721,43887300,0.72,83198200,0.719,77957500,0.718,68899800,0.717,47998800,0.722,73773300,0.723,83070600,0.724,52150000,0.725,44410200,0.726,28649100,1452,100,0
sh513130,09:46:26,1767059190412,5534.54,0.9008,3.4455,0.721,0.7218,-0.1108,38500,27774,0.7214,0.721,56995800,0.72,84200200,0.719,76961000,0.718,68899800,0.717,47998800,0.722,73888600,0.723,83424400,0.724,53140000,0.725,44416000,0.726,28649100,115,100,0
sh513130,09:46:29,1767059192402,5534.29,0.9008,2.2595,0.721,0.7218,-0.1108,50200,36195,0.721,0.721,56982100,0.72,84420500,0.719,77986000,0.718,68981600,0.717,48001800,0.722,75198200,0.723,84424400,0.724,52150000,0.725,44426000,0.726,28649100,566,100,0
sh513130,09:46:32,1767059194410,5534.85,0.9008,3.1082,0.721,0.7218,-0.1108,113900,82209,0.7218,0.721,75539700,0.72,84290300,0.719,76996000,0.718,53974600,0.717,48002800,0.722,75617000,0.723,84494400,0.724,52150000,0.725,44586700,0.726,28649100,585,100,0
sh513130,09:46:29,1767059195416,5534.85,0.9008,3.0461,0.721,0.7218,-0.1108,0,0,0.721,0.721,56982100,0.72,84420500,0.719,77986000,0.718,68981600,0.717,48001800,0.722,75198200,0.723,84424400,0.724,52150000,0.725,44426000,0.726,28649100,805,100,1
sh513130,09:46:32,1767059196415,5534.88,0.9008,2.7706,0.721,0.7218,-0.1108,113900,82209,0.7218,0.721,75539700,0.72,84290300,0.719,76996000,0.718,53974600,0.717,48002800,0.722,75617000,0.723,84494400,0.724,52150000,0.725,44586700,0.726,28649100,620,100,0
sh513130,09:46:35,1767059198414,5534.1,0.9008,1.8976,0.722,0.7217,0.0416,134700,97213,0.7217,0.721,48224100,0.72,84443700,0.719,76996000,0.718,73354600,0.717,47938700,0.722,75611100,0.723,84535900,0.724,52284000,0.725,44596700,0.726,28648400,617,100,0
sh513130,09:46:38,1767059201403,5533.01,0.9008,-0.1277,0.72,0.7217,-0.2356,20939500,15097375,0.721,0.72,84996000,0.719,78996000,0.718,74282900,0.717,47948700,0.716,31375900,0.721,38714900,0.722,74355800,0.723,83543900,0.724,52284000,0.725,44607300,281,100,0
sh513130,09:46:41,1767059205398,5533.45,0.9008,4.9056,0.721,0.7217,-0.097,11500,8292,0.721,0.72,84921900,0.719,83054900,0.718,75218400,0.717,47948700,0.716,31375900,0.721,44502900,0.722,77335700,0.723,85005900,0.724,50914000,0.725,44607300,1593,100,0
sh513130,09:46:44,1767059207396,5531.52,0.9008,4.5591,0.72,0.7211,-0.1525,15200,10959,0.721,0.72,85253100,0.719,83054900,0.718,76096600,0.717,47948700,0.716,31375900,0.721,69772400,0.722,73331700,0.723,77205900,0.724,36471900,0.725,44607300,1667,100,0
sh513130,09:46:50,1767059212375,5528.68,0.9008,3.7408,0.721,0.7211,-0.0139,123300,88899,0.721,0.72,84989100,0.719,83072800,0.718,82031900,0.717,48776600,0.716,30726000,0.721,72565300,0.722,74423100,0.723,76241200,0.724,36496400,0.725,44610300,421,100,0
sh513130,09:46:53,1767059215351,5530.28,0.9008,4.0066,0.72,0.7211,-0.1525,1600,1152,0.72,0.72,85171100,0.719,83074200,0.718,82897000,0.717,48786600,0.716,30726000,0.721,60109800,0.722,74499600,0.723,85841200,0.724,41186400,0.725,44610300,1262,100,0
sh513130,09:46:56,1767059219336,5530.04,0.9008,2.53,0.721,0.7211,-0.0139,91800,66106,0.7201,0.72,85848100,0.719,83108200,0.718,82516000,0.717,48865200,0.716,30706000,0.721,63600800,0.722,75138500,0.723,85841200,0.724,39686400,0.725,44607300,906,100,0
sh513130,09:46:59,1767059222338,5529.93,0.9008,1.5567,0.72,0.7211,-0.1525,20100,14472,0.72,0.72,80175800,0.719,88708200,0.718,83168000,0.717,48866200,0.716,30706000,0.721,76285200,0.722,74995000,0.723,77841200,0.724,36486400,0.725,44647300,506,100,0
sh513130,09:47:02,1767059225315,5530.06,0.9008,1.6403,0.721,0.7211,-0.0139,83000,59843,0.721,0.72,85387600,0.719,83108200,0.718,84263400,0.717,48866200,0.716,30706000,0.721,77097800,0.722,75544800,0.723,77908600,0.724,36506400,0.725,44667300,362,100,0
sh513130,09:47:05,1767059228318,5531.52,0.9008,1.0225,0.72,0.7211,-0.1525,57000,41052,0.7202,0.72,84356600,0.719,83113200,0.718,84261400,0.717,48875700,0.716,30606000,0.721,60550100,0.722,75525300,0.723,85908600,0.724,41006400,0.725,44719400,485,100,0
sh513130,09:47:08,1767059232313,5530.53,0.9008,1.8921,0.721,0.7211,-0.0139,100600,72433,0.72,0.72,87031000,0.719,83183100,0.718,83271700,0.717,48880700,0.716,30616000,0.721,47945800,0.722,79507300,0.723,86938600,0.724,41977300,0.725,44719400,535,100,0
sh513130,09:47:11,1767059234310,5531.47,0.9008,1.8416,0.72,0.7211,-0.1525,165100,118954,0.7205,0.72,86948100,0.719,83193100,0.718,83281700,0.717,48880100,0.716,30616000,0.721,49223700,0.722,79639600,0.723,87133600,0.724,42868200,0.725,44719400,485,100,0
sh513130,09:47:14,1767059238330,5531.55,0.9008,2.1017,0.72,0.7217,-0.2356,300,216,0.72,0.72,87010100,0.719,83197600,0.718,83736500,0.717,48895200,0.716,30616000,0.721,49317700,0.722,79631600,0.723,87133600,0.724,43714600,0.725,45239400,376,100,0
sh513130,09:47:17,1767059241316,5530.83,0.9008,2.3496,0.721,0.7217,-0.097,5600,4032,0.72,0.72,86925100,0.719,83197600,0.718,83250500,0.717,48895200,0.716,30616000,0.721,45421700,0.722,79989200,0.723,86143600,0.724,44585500,0.725,45239400,1191,100,0
sh513130,09:47:20,1767059243321,5529.96,0.9008,2.2317,0.72,0.7217,-0.2356,101100,72806,0.7201,0.72,86852100,0.719,83224700,0.718,83250500,0.717,48895200,0.716,30618400,0.721,55421600,0.722,76311900,0.723,87133600,0.724,44585500,0.725,45239400,1023,100,0
sh513130,09:47:23,1767059246316,5530.77,0.9008,0.7482,0.721,0.7217,-0.097,26200,18891,0.721,0.72,86905600,0.719,83224700,0.718,83250500,0.717,48896200,0.716,30613400,0.721,59941400,0.722,76430500,0.723,86421200,0.724,39601900,0.725,45239400,491,100,0
sh513130,09:47:26,1767059249321,5530.62,0.9008,1.4798,0.72,0.7211,-0.1525,10100,7272,0.72,0.72,87041400,0.719,84174700,0.718,83202100,0.717,48896200,0.716,30613400,0.721,70965000,0.722,76501100,0.723,78430900,0.724,36401900,0.725,45285900,554,100,0
sh513130,09:47:29,1767059252321,5530.45,0.9008,2.7102,0.72,0.7211,-0.1525,73500,52981,0.7208,0.72,87665500,0.719,84249200,0.718,83203100,0.717,48866200,0.716,30613400,0.721,71789300,0.722,76519300,0.723,78502300,0.724,36429700,0.725,44075000,559,100,0
sh513130,09:47:32,1767059255291,5530.58,0.9008,2.9901,0.721,0.7211,-0.0139,200200,144344,0.721,0.72,87757600,0.719,84250200,0.718,83216600,0.717,48866400,0.716,30613400,0.721,59940000,0.722,76576300,0.723,86508100,0.724,40929700,0.725,44075000,30,100,0
sh513130,09:47:35,1767059258294,5530.12,0.9008,3.5067,0.72,0.7211,-0.1525,58300,42011,0.7206,0.72,87784600,0.719,84250400,0.718,83071500,0.717,48866400,0.716,30613400,0.721,63761700,0.722,76696000,0.723,86508100,0.724,39429700,0.725,44075000,502,100,0
sh513130,09:47:38,1767059261292,5530.0,0.9008,3.1487,0.72,0.7211,-0.1525,72600,52325,0.7207,0.72,87836800,0.719,84251400,0.718,83154300,0.717,48850900,0.716,30613400,0.721,75658900,0.722,76739800,0.723,78558700,0.724,36429700,0.725,44085000,1479,100,0
sh513130,09:47:41,1767059265298,5530.65,0.9008,3.5735,0.721,0.7211,-0.0139,7000,5047,0.721,0.72,87849800,0.719,84246300,0.718,83144300,0.717,48850900,0.716,30613400,0.721,76809800,0.722,76839800,0.723,78532700,0.724,36429700,0.725,44085000,1381,100,0
sh513130,09:47:47,1767059270291,5529.22,0.9008,2.6089,0.721,0.7211,-0.0139,134200,96666,0.7203,0.72,87949500,0.719,85296400,0.718,83111200,0.717,48881400,0.716,30593400,0.721,66093800,0.722,77105100,0.723,86532700,0.724,39454700,0.725,44095000,542,100,0
sh513130,09:47:50,1767059273274,5529.36,0.9008,3.0962,0.721,0.7211,-0.0139,129600,93315,0.72,0.72,87998100,0.719,85296400,0.718,83096800,0.717,48881400,0.716,30593400,0.721,77081600,0.722,77116600,0.723,78532700,0.724,36464500,0.725,44095000,698,100,0
sh513130,09:47:53,1767059275283,5530.06,0.9008,1.5126,0.72,0.7211,-0.1525,21300,15356,0.7209,0.72,88240300,0.719,85246400,0.718,83116800,0.717,48925700,0.716,30593400,0.721,65065000,0.722,77119600,0.723,87522700,0.724,41044300,0.725,44095000,545,100,0
sh513130,09:47:56,1767059279273,5530.81,0.9008,1.6793,0.721,0.7211,-0.0139,377100,271862,0.7209,0.72,88160700,0.719,85226400,0.718,83116800,0.717,48927200,0.716,30599400,0.721,66254500,0.722,77255300,0.723,87522700,0.724,39569300,0.725,44095000,206,100,0
sh513130,09:47:59,1767059282265,5530.46,0.9008,3.558,0.72,0.7211,-0.1525,50000,36040,0.7208,0.72,88171100,0.719,86221900,0.718,83116800,0.717,48927200,0.716,30599900,0.721,66278900,0.722,77257300,0.723,87522700,0.724,39569300,0.725,44145300,503,100,0
sh513130,09:48:02,1767059285257,5529.77,0.9008,1.6799,0.72,0.7211,-0.1525,19900,14336,0.7204,0.72,88204700,0.719,86221900,0.718,83136800,0.717,48928200,0.716,30599900,0.721,51332000,0.722,77358300,0.723,86532700,0.724,41069300,0.725,44145300,1492,100,0
sh513130,09:48:05,1767059289261,5529.82,0.9008,1.4174,0.721,0.7204,0.0833,294700,212449,0.7209,0.72,88537300,0.719,86221900,0.718,83136800,0.717,48928200,0.716,30599900,0.721,62681400,0.722,77361300,0.723,86532700,0.724,40440200,0.725,44127300,1439,100,0
sh513130,09:48:08,1767059291259,5529.52,0.9008,1.7022,0.72,0.7204,-0.0555,220300,158816,0.7209,0.72,88573300,0.719,86226100,0.718,83139700,0.717,48928200,0.716,30599900,0.721,63481100,0.722,77091700,0.723,86532700,0.724,41311100,0.725,44130300,1374,100,0
sh513130,09:48:11,1767059294260,5529.52,0.9008,1.8852,0.72,0.7204,-0.0555,109500,78891,0.7205,0.72,89565500,0.719,86209100,0.718,83139700,0.717,48928200,0.716,30599900,0.721,57976200,0.722,77316700,0.723,87442700,0.724,43685000,0.725,44130300,46,100,0
sh513130,09:48:14,1767059296269,5530.44,0.9008,2.0635,0.72,0.7211,-0.1525,62200,44822,0.7206,0.72,89496600,0.719,87265300,0.718,83149700,0.717,48928200,0.716,30599900,0.721,61140500,0.722,77659500,0.723,87465700,0.724,44515900,0.725,44130300,468,100,0
sh513130,09:48:11,1767059297283,5530.44,0.9008,3.051,0.72,0.7204,-0.0555,0,0,0.72,0.72,89565500,0.719,86209100,0.718,83139700,0.717,48928200,0.716,30599900,0.721,57976200,0.722,77316700,0.723,87442700,0.724,43685000,0.725,44130300,901,100,1
sh513130,09:48:14,1767059298285,5529.8,0.9008,2.9911,0.72,0.7211,-0.1525,62200,44822,0.7206,0.72,89496600,0.719,87265300,0.718,83149700,0.717,48928200,0.716,30599900,0.721,61140500,0.722,77659500,0.723,87465700,0.724,44515900,0.725,44130300,539,100,0
sh513130,09:48:17,1767059300298,5530.04,0.9008,2.7736,0.72,0.7211,-0.1525,79900,57571,0.7205,0.72,89460300,0.719,87278300,0.718,83150000,0.717,48928200,0.716,30599900,0.721,61109700,0.722,77642400,0.723,87465700,0.724,45386800,0.725,44102300,550,100,0
sh513130,09:48:23,1767059306271,5526.93,0.9008,3.6242,0.721,0.7211,-0.0139,31300,22538,0.7201,0.72,67344600,0.719,92886300,0.718,84268200,0.717,64322000,0.716,30629900,0.721,76611600,0.722,77906100,0.723,77387900,0.724,36535300,0.725,44102300,506,100,0
sh513130,09:48:20,1767059307269,5526.93,0.9008,3.5581,0.72,0.7211,-0.1525,0,0,0.72,0.72,89363600,0.719,87283300,0.718,83278200,0.717,49322000,0.716,30599900,0.721,73730800,0.722,77596700,0.723,79367900,0.724,36532300,0.725,44102300,67,100,1
sh513130,09:48:23,1767059308293,5526.77,0.9008,3.8523,0.721,0.7211,-0.0139,31300,22538,0.7201,0.72,67344600,0.719,92886300,0.718,84268200,0.717,64322000,0.716,30629900,0.721,76611600,0.722,77906100,0.723,77387900,0.724,36535300,0.725,44102300,549,100,0
sh513130,09:48:26,1767059309268,5526.77,0.9008,3.7354,0.72,0.7211,-0.1525,72800,52416,0.72,0.72,54264500,0.719,98885700,0.718,85289300,0.717,64727000,0.716,30629900,0.721,78280100,0.722,77938100,0.723,77387900,0.724,36535300,0.725,44102300,1524,100,0
sh513130,09:48:29,1767059311263,5526.11,0.9008,5.234,0.72,0.7204,-0.0555,28320000,20390401,0.72,0.719,99369500,0.718,94243400,0.717,72107000,0.716,30629900,0.715,32495600,0.72,2596600,0.721,76451300,0.722,78353900,0.723,76297900,0.724,36535300,1473,100,0
sh513130,09:48:32,1767059315259,5524.86,0.9008,3.9083,0.72,0.7204,-0.0555,34500,24830,0.7197,0.719,102569300,0.718,100243400,0.717,72127000,0.716,30650900,0.715,33095600,0.72,24253500,0.721,68914400,0.722,74905800,0.723,75897900,0.724,36535300,1443,100,0
sh513130,09:48:35,1767059318253,5524.83,0.9008,3.5719,0.72,0.7204,-0.0555,216200,155664,0.72,0.719,102566800,0.718,100243400,0.717,73009900,0.716,30645900,0.715,33095900,0.72,24037300,0.721,69088800,0.722,75182500,0.723,75910900,0.724,36542200,176,100,0
sh513130,09:48:38,1767059321226,5523.69,0.9008,3.6414,0.72,0.7204,-0.0555,99000,71267,0.7199,0.719,102531100,0.718,100243900,0.717,73889300,0.716,30685700,0.715,33095900,0.72,23520800,0.721,70139200,0.722,75129200,0.723,75959800,0.724,36542200,993,100,0
sh513130,09:48:41,1767059324209,5523.77,0.9008,2.5888,0.72,0.7204,-0.0555,568800,409536,0.72,0.719,102287800,0.718,100254900,0.717,74768700,0.716,30690700,0.715,33095900,0.72,23094000,0.721,72170600,0.722,75564900,0.723,75950800,0.724,36542200,404,100,0
