symbol,tx_server_time,tx_local_time,bd_server_time,bd_local_time,price,iopv,premium_rate,index_price,fx_rate,sentiment,tick_vol,tick_amt,tick_vwap,interval_s,bp1,bv1,bp2,bv2,bp3,bv3,bp4,bv4,bp5,bv5,sp1,sv1,sp2,sv2,sp3,sv3,sp4,sv4,sp5,sv5,idx_delay_ms,data_flags
sh513130,09:30:04,1765416608261,09:31:06,1765416607505,0.737,0.7372,-0.0271,5611.95,0.9075,5.1224,0,0,0.737,0.0,0.737,6767000,0.736,33399600,0.735,26203100,0.734,22709800,0.733,18091500,0.738,27018500,0.739,29918400,0.74,32340200,0.741,27684800,0.742,30105300,756,0
sh513130,09:30:07,1765416609245,09:31:08,1765416608460,0.738,0.7392,-0.1623,5612.65,0.9075,4.831,5546500,4091832,0.7377,0.984,0.737,18907900,0.736,42158500,0.735,27560900,0.734,23703700,0.733,16450400,0.738,25095400,0.739,33430000,0.74,34761800,0.741,38979200,0.742,38094900,785,0
sh513130,09:30:07,1765416610240,09:31:08,1765416609648,0.738,0.7392,-0.1623,5612.65,0.9075,4.4099,0,0,0.738,0.996,0.737,18907900,0.736,42158500,0.735,27560900,0.734,23703700,0.733,16450400,0.738,25095400,0.739,33430000,0.74,34761800,0.741,38979200,0.742,38094900,592,0
sh513130,09:30:07,1765416611232,09:31:10,1765416610459,0.738,0.7392,-0.1623,5614.18,0.9075,5.4625,0,0,0.738,0.992,0.737,18907900,0.736,42158500,0.735,27560900,0.734,23703700,0.733,16450400,0.738,25095400,0.739,33430000,0.74,34761800,0.741,38979200,0.742,38094900,773,0
sh513130,09:30:10,1765416612241,09:31:10,1765416611800,0.737,0.7379,-0.122,5614.18,0.9075,4.6277,5181400,3819204,0.7371,1.009,0.737,20289400,0.736,47142900,0.735,37666500,0.734,27903700,0.733,17818700,0.738,29875000,0.739,43630600,0.74,46705900,0.741,52372700,0.742,42406500,441,0
sh513130,09:30:10,1765416613238,09:31:12,1765416612499,0.737,0.7379,-0.122,5614.89,0.9075,5.0167,0,0,0.737,0.997,0.737,20289400,0.736,47142900,0.735,37666500,0.734,27903700,0.733,17818700,0.738,29875000,0.739,43630600,0.74,46705900,0.741,52372700,0.742,42406500,739,0
sh513130,09:30:10,1765416614242,09:31:12,1765416613954,0.737,0.7379,-0.122,5614.89,0.9075,3.8047,0,0,0.737,1.003,0.737,20289400,0.736,47142900,0.735,37666500,0.734,27903700,0.733,17818700,0.738,29875000,0.739,43630600,0.74,46705900,0.741,52372700,0.742,42406500,288,0
sh513130,09:30:13,1765416615232,09:31:14,1765416614455,0.738,0.7379,0.0136,5619.51,0.9075,6.1731,4084200,3012140,0.7375,0.99,0.737,19420200,0.736,47619100,0.735,38151600,0.734,27033400,0.733,18051500,0.738,29563900,0.739,44203100,0.74,48542700,0.741,52880500,0.742,42894200,777,0
sh513130,09:30:13,1765416616239,09:31:14,1765416616096,0.738,0.7379,0.0136,5619.51,0.9075,7.9199,0,0,0.738,1.007,0.737,19420200,0.736,47619100,0.735,38151600,0.734,27033400,0.733,18051500,0.738,29563900,0.739,44203100,0.74,48542700,0.741,52880500,0.742,42894200,143,0
sh513130,09:30:13,1765416617246,09:31:16,1765416616476,0.738,0.7379,0.0136,5621.33,0.9075,7.9376,0,0,0.738,1.007,0.737,19420200,0.736,47619100,0.735,38151600,0.734,27033400,0.733,18051500,0.738,29563900,0.739,44203100,0.74,48542700,0.741,52880500,0.742,42894200,770,0
sh513130,09:30:13,1765416618241,09:31:16,1765416616476,0.738,0.7379,0.0136,5621.33,0.9075,7.3427,0,0,0.738,0.995,0.737,19420200,0.736,47619100,0.735,38151600,0.734,27033400,0.733,18051500,0.738,29563900,0.739,44203100,0.74,48542700,0.741,52880500,0.742,42894200,1765,0
sh513130,09:30:16,1765416619249,09:31:18,1765416618459,0.737,0.7385,-0.2031,5624.09,0.9075,6.3858,3558500,2624391,0.7375,1.008,0.737,15370600,0.736,38558400,0.735,37969700,0.734,27351200,0.733,25340100,0.738,28283500,0.739,44357600,0.74,48797700,0.741,46538100,0.742,36089700,790,0
sh513130,09:30:16,1765416620248,09:31:18,1765416618459,0.737,0.7385,-0.2031,5624.09,0.9075,5.5863,0,0,0.737,0.999,0.737,15370600,0.736,38558400,0.735,37969700,0.734,27351200,0.733,25340100,0.738,28283500,0.739,44357600,0.74,48797700,0.741,46538100,0.742,36089700,1789,0
sh513130,09:30:16,1765416621248,09:31:20,1765416620437,0.737,0.7385,-0.2031,5622.51,0.9075,4.1006,0,0,0.737,1.0,0.737,15370600,0.736,38558400,0.735,37969700,0.734,27351200,0.733,25340100,0.738,28283500,0.739,44357600,0.74,48797700,0.741,46538100,0.742,36089700,811,0
sh513130,09:30:19,1765416622256,09:31:20,1765416620437,0.737,0.7385,-0.2031,5622.51,0.9075,4.6375,2306800,1701711,0.7377,1.009,0.737,14327500,0.736,31698000,0.735,37253300,0.734,27476100,0.733,24841200,0.738,26270500,0.739,44098800,0.74,52309200,0.741,46949000,0.742,34818400,1819,0
sh513130,09:30:19,1765416623253,09:31:22,1765416622557,0.737,0.7385,-0.2031,5625.01,0.9075,4.825,0,0,0.737,0.997,0.737,14327500,0.736,31698000,0.735,37253300,0.734,27476100,0.733,24841200,0.738,26270500,0.739,44098800,0.74,52309200,0.741,46949000,0.742,34818400,696,0
sh513130,09:30:19,1765416624257,09:31:22,1765416622557,0.737,0.7385,-0.2031,5625.01,0.9075,2.9189,0,0,0.737,1.003,0.737,14327500,0.736,31698000,0.735,37253300,0.734,27476100,0.733,24841200,0.738,26270500,0.739,44098800,0.74,52309200,0.741,46949000,0.742,34818400,1700,0
sh513130,09:30:22,1765416625257,09:31:24,1765416624719,0.738,0.7392,-0.1623,5623.53,0.9075,2.2032,4221300,3112124,0.7372,1.0,0.737,18782900,0.736,22973900,0.735,38296900,0.734,23488000,0.733,24907500,0.738,25901200,0.739,43640900,0.74,53134800,0.741,46592800,0.742,32866300,538,0
sh513130,09:30:22,1765416626271,09:31:24,1765416624719,0.738,0.7392,-0.1623,5623.53,0.9075,-0.6238,0,0,0.738,1.014,0.737,18782900,0.736,22973900,0.735,38296900,0.734,23488000,0.733,24907500,0.738,25901200,0.739,43640900,0.74,53134800,0.741,46592800,0.742,32866300,1552,0
sh513130,09:30:25,1765416627264,09:31:26,1765416626878,0.737,0.7392,-0.2976,5626.77,0.9075,1.0861,26257700,19377782,0.738,0.993,0.737,29878100,0.736,28929800,0.735,38499100,0.734,21756300,0.733,18589900,0.738,1089100,0.739,40213300,0.74,53419600,0.741,41331900,0.742,39886500,386,0
sh513130,09:30:25,1765416628257,09:31:26,1765416626878,0.737,0.7392,-0.2976,5626.77,0.9075,1.2004,0,0,0.737,0.994,0.737,29878100,0.736,28929800,0.735,38499100,0.734,21756300,0.733,18589900,0.738,1089100,0.739,40213300,0.74,53419600,0.741,41331900,0.742,39886500,1379,0
sh513130,09:30:25,1765416629265,09:31:28,1765416629022,0.737,0.7392,-0.2976,5625.6,0.9075,2.7664,0,0,0.737,1.008,0.737,29878100,0.736,28929800,0.735,38499100,0.734,21756300,0.733,18589900,0.738,1089100,0.739,40213300,0.74,53419600,0.741,41331900,0.742,39886500,243,0
sh513130,09:30:28,1765416630271,09:31:28,1765416629022,0.738,0.7392,-0.1623,5625.6,0.9075,2.6479,6054200,4471169,0.7385,1.006,0.738,4999100,0.737,45727900,0.736,29212700,0.735,39658200,0.734,21780300,0.739,33684200,0.74,54296800,0.741,41818600,0.742,44241100,0.743,34861800,1249,0
sh513130,09:30:28,1765416631262,09:31:30,1765416631172,0.738,0.7392,-0.1623,5626.02,0.9075,2.426,0,0,0.738,0.991,0.738,4999100,0.737,45727900,0.736,29212700,0.735,39658200,0.734,21780300,0.739,33684200,0.74,54296800,0.741,41818600,0.742,44241100,0.743,34861800,90,0
sh513130,09:30:28,1765416632272,09:31:30,1765416631172,0.738,0.7392,-0.1623,5626.02,0.9075,2.3207,0,0,0.738,1.01,0.738,4999100,0.737,45727900,0.736,29212700,0.735,39658200,0.734,21780300,0.739,33684200,0.74,54296800,0.741,41818600,0.742,44241100,0.743,34861800,1100,0
sh513130,09:30:28,1765416633273,09:31:32,1765416632494,0.738,0.7392,-0.1623,5625.24,0.9075,2.63,0,0,0.738,1.0,0.738,4999100,0.737,45727900,0.736,29212700,0.735,39658200,0.734,21780300,0.739,33684200,0.74,54296800,0.741,41818600,0.742,44241100,0.743,34861800,779,0
sh513130,09:30:31,1765416634272,09:31:32,1765416633323,0.738,0.7405,-0.3376,5625.24,0.9075,2.5442,2637000,1946106,0.738,0.999,0.738,9580000,0.737,49872000,0.736,31818900,0.735,40035300,0.734,21934100,0.739,34355200,0.74,54595000,0.741,41981000,0.742,45687900,0.743,34888300,949,0
sh513130,09:30:31,1765416635272,09:31:34,1765416634472,0.738,0.7405,-0.3376,5622.83,0.9075,2.6306,0,0,0.738,1.001,0.738,9580000,0.737,49872000,0.736,31818900,0.735,40035300,0.734,21934100,0.739,34355200,0.74,54595000,0.741,41981000,0.742,45687900,0.743,34888300,800,0
sh513130,09:30:34,1765416636272,09:31:34,1765416635476,0.738,0.7405,-0.3376,5622.83,0.9075,2.2727,2537000,1872355,0.738,1.0,0.738,22836800,0.737,44730300,0.736,33102200,0.735,40317300,0.734,22208100,0.739,34210900,0.74,57467500,0.741,43013800,0.742,40113200,0.743,30082300,796,0
sh513130,09:30:34,1765416637272,09:31:36,1765416636557,0.738,0.7405,-0.3376,5621.19,0.9075,3.623,0,0,0.738,1.0,0.738,22836800,0.737,44730300,0.736,33102200,0.735,40317300,0.734,22208100,0.739,34210900,0.74,57467500,0.741,43013800,0.742,40113200,0.743,30082300,715,0
sh513130,09:30:34,1765416638272,09:31:36,1765416637625,0.738,0.7405,-0.3376,5621.19,0.9075,3.9119,0,0,0.738,1.0,0.738,22836800,0.737,44730300,0.736,33102200,0.735,40317300,0.734,22208100,0.739,34210900,0.74,57467500,0.741,43013800,0.742,40113200,0.743,30082300,647,0
sh513130,09:30:34,1765416639271,09:31:38,1765416638446,0.738,0.7405,-0.3376,5619.03,0.9075,2.7363,0,0,0.738,0.999,0.738,22836800,0.737,44730300,0.736,33102200,0.735,40317300,0.734,22208100,0.739,34210900,0.74,57467500,0.741,43013800,0.742,40113200,0.743,30082300,825,0
sh513130,09:30:37,1765416640281,09:31:38,1765416639774,0.738,0.7392,-0.1623,5619.03,0.9075,2.1899,2857500,2108952,0.738,1.01,0.738,25163400,0.737,44074400,0.736,36208100,0.735,40540800,0.734,22192100,0.739,37827200,0.74,58564300,0.741,44380800,0.742,37330800,0.743,30292700,507,0
sh513130,09:30:37,1765416641289,09:31:40,1765416640458,0.738,0.7392,-0.1623,5619.35,0.9075,0.9251,0,0,0.738,1.008,0.738,25163400,0.737,44074400,0.736,36208100,0.735,40540800,0.734,22192100,0.739,37827200,0.74,58564300,0.741,44380800,0.742,37330800,0.743,30292700,831,0
sh513130,09:30:40,1765416642271,09:31:40,1765416641924,0.738,0.7392,-0.1623,5619.35,0.9075,-1.3612,3391600,2503011,0.738,0.982,0.738,31962400,0.737,46943700,0.736,36217000,0.735,40650800,0.734,22181300,0.739,40697600,0.74,58970400,0.741,43610400,0.742,36535300,0.743,29455600,347,0
sh513130,09:30:40,1765416643282,09:31:42,1765416642473,0.738,0.7392,-0.1623,5616.58,0.9075,-1.2939,0,0,0.738,1.011,0.738,31962400,0.737,46943700,0.736,36217000,0.735,40650800,0.734,22181300,0.739,40697600,0.74,58970400,0.741,43610400,0.742,36535300,0.743,29455600,809,0
sh513130,09:30:40,1765416644282,09:31:42,1765416644066,0.738,0.7392,-0.1623,5616.58,0.9075,-2.0103,0,0,0.738,1.0,0.738,31962400,0.737,46943700,0.736,36217000,0.735,40650800,0.734,22181300,0.739,40697600,0.74,58970400,0.741,43610400,0.742,36535300,0.743,29455600,216,0
sh513130,09:30:43,1765416645281,09:31:44,1765416644465,0.738,0.7392,-0.1623,5616.95,0.9075,-1.8426,2394100,1767034,0.7381,1.0,0.738,40708700,0.737,47935000,0.736,36304700,0.735,40362500,0.734,23201700,0.739,49099900,0.74,59738000,0.741,43641600,0.742,36658200,0.743,30439400,816,0
sh513130,09:30:43,1765416646281,09:31:44,1765416646221,0.738,0.7392,-0.1623,5616.95,0.9075,-0.5829,0,0,0.738,1.0,0.738,40708700,0.737,47935000,0.736,36304700,0.735,40362500,0.734,23201700,0.739,49099900,0.74,59738000,0.741,43641600,0.742,36658200,0.743,30439400,60,0
sh513130,09:30:43,1765416647291,09:31:46,1765416646488,0.738,0.7392,-0.1623,5615.11,0.9075,-0.5538,0,0,0.738,1.01,0.738,40708700,0.737,47935000,0.736,36304700,0.735,40362500,0.734,23201700,0.739,49099900,0.74,59738000,0.741,43641600,0.742,36658200,0.743,30439400,803,0
sh513130,09:30:46,1765416648287,09:31:46,1765416646488,0.738,0.7385,-0.0677,5615.11,0.9075,1.7684,22990900,16968536,0.7381,0.995,0.738,101100,0.737,51569000,0.736,47568300,0.735,39471400,0.734,30623000,0.739,48938300,0.74,70232600,0.741,57605100,0.742,37901600,0.743,27594900,1799,0
sh513130,09:30:46,1765416649290,09:31:48,1765416648490,0.738,0.7385,-0.0677,5614.54,0.9075,4.4528,0,0,0.738,1.004,0.738,101100,0.737,51569000,0.736,47568300,0.735,39471400,0.734,30623000,0.739,48938300,0.74,70232600,0.741,57605100,0.742,37901600,0.743,27594900,800,0
sh513130,09:30:46,1765416650293,09:31:48,1765416648490,0.738,0.7385,-0.0677,5614.54,0.9075,5.3327,0,0,0.738,1.002,0.738,101100,0.737,51569000,0.736,47568300,0.735,39471400,0.734,30623000,0.739,48938300,0.74,70232600,0.741,57605100,0.742,37901600,0.743,27594900,1803,0
sh513130,09:30:49,1765416651297,09:31:50,1765416650524,0.738,0.7385,-0.0677,5613.34,0.9075,5.3346,3044500,2246572,0.7379,1.004,0.737,38157800,0.736,48575400,0.735,40810800,0.734,29907100,0.733,19106700,0.738,25815800,0.739,52626400,0.74,71461400,0.741,52318900,0.742,36925600,773,0
sh513130,09:30:49,1765416652298,09:31:50,1765416650524,0.738,0.7385,-0.0677,5613.34,0.9075,4.8733,0,0,0.738,1.001,0.737,38157800,0.736,48575400,0.735,40810800,0.734,29907100,0.733,19106700,0.738,25815800,0.739,52626400,0.74,71461400,0.741,52318900,0.742,36925600,1774,0
sh513130,09:30:49,1765416653292,09:31:52,1765416652679,0.738,0.7385,-0.0677,5614.3,0.9075,4.6676,0,0,0.738,0.994,0.737,38157800,0.736,48575400,0.735,40810800,0.734,29907100,0.733,19106700,0.738,25815800,0.739,52626400,0.74,71461400,0.741,52318900,0.742,36925600,613,0
sh513130,09:30:52,1765416654300,09:31:52,1765416652679,0.738,0.7385,-0.0677,5614.3,0.9075,5.1641,1939700,1431283,0.7379,1.009,0.737,44353100,0.736,48227800,0.735,41733100,0.734,30897100,0.733,20226700,0.738,36648300,0.739,53878100,0.74,72578200,0.741,53417600,0.742,37107200,1621,0
sh513130,09:30:52,1765416655307,09:31:54,1765416654843,0.738,0.7385,-0.0677,5613.23,0.9075,3.8064,0,0,0.738,1.006,0.737,44353100,0.736,48227800,0.735,41733100,0.734,30897100,0.733,20226700,0.738,36648300,0.739,53878100,0.74,72578200,0.741,53417600,0.742,37107200,464,0
sh513130,09:30:52,1765416656307,09:31:54,1765416654843,0.738,0.7385,-0.0677,5613.23,0.9075,3.2512,0,0,0.738,1.0,0.737,44353100,0.736,48227800,0.735,41733100,0.734,30897100,0.733,20226700,0.738,36648300,0.739,53878100,0.74,72578200,0.741,53417600,0.742,37107200,1464,0
sh513130,09:30:55,1765416657305,09:31:56,1765416656989,0.738,0.7378,0.0271,5611.59,0.9075,3.0222,1424700,1051208,0.7378,0.998,0.737,36252200,0.736,48258800,0.735,40733100,0.734,30897100,0.733,20237100,0.738,41574400,0.739,55401100,0.74,72904500,0.741,52777600,0.742,38467800,316,0
sh513130,09:30:55,1765416658305,09:31:56,1765416656989,0.738,0.7378,0.0271,5611.59,0.9075,2.8818,0,0,0.738,1.0,0.737,36252200,0.736,48258800,0.735,40733100,0.734,30897100,0.733,20237100,0.738,41574400,0.739,55401100,0.74,72904500,0.741,52777600,0.742,38467800,1316,0
sh513130,09:30:55,1765416659307,09:31:58,1765416659137,0.738,0.7378,0.0271,5612.76,0.9075,3.3699,0,0,0.738,1.001,0.737,36252200,0.736,48258800,0.735,40733100,0.734,30897100,0.733,20237100,0.738,41574400,0.739,55401100,0.74,72904500,0.741,52777600,0.742,38467800,170,0
sh513130,09:30:58,1765416660304,09:32:00,1765416660288,0.738,0.7378,0.0271,5612.76,0.9075,2.5849,1950500,1438031,0.7373,0.997,0.737,42241000,0.736,48213400,0.735,40735100,0.734,30917100,0.733,20294400,0.738,44634400,0.739,50760400,0.74,67280700,0.741,52777600,0.742,38467800,16,0
sh513130,09:30:58,1765416661318,09:32:00,1765416661293,0.738,0.7378,0.0271,5610.91,0.9075,2.1366,0,0,0.738,1.014,0.737,42241000,0.736,48213400,0.735,40735100,0.734,30917100,0.733,20294400,0.738,44634400,0.739,50760400,0.74,67280700,0.741,52777600,0.742,38467800,25,0
sh513130,09:30:58,1765416662304,09:32:00,1765416661293,0.738,0.7378,0.0271,5610.91,0.9075,5.1148,0,0,0.738,0.985,0.737,42241000,0.736,48213400,0.735,40735100,0.734,30917100,0.733,20294400,0.738,44634400,0.739,50760400,0.74,67280700,0.741,52777600,0.742,38467800,1011,0
sh513130,09:31:01,1765416663310,09:32:02,1765416662462,0.738,0.7372,0.1085,5613.17,0.9075,4.6125,1164300,859061,0.7378,1.007,0.737,42088100,0.736,48166000,0.735,41741000,0.734,31022500,0.733,20308400,0.738,46793900,0.739,53524200,0.74,67074400,0.741,53789100,0.742,38492800,848,0
sh513130,09:31:01,1765416664326,09:32:02,1765416663465,0.738,0.7372,0.1085,5613.17,0.9075,2.9057,0,0,0.738,1.016,0.737,42088100,0.736,48166000,0.735,41741000,0.734,31022500,0.733,20308400,0.738,46793900,0.739,53524200,0.74,67074400,0.741,53789100,0.742,38492800,861,0
sh513130,09:31:01,1765416665311,09:32:04,1765416664454,0.738,0.7372,0.1085,5610.89,0.9075,2.4321,0,0,0.738,0.985,0.737,42088100,0.736,48166000,0.735,41741000,0.734,31022500,0.733,20308400,0.738,46793900,0.739,53524200,0.74,67074400,0.741,53789100,0.742,38492800,857,0
sh513130,09:31:01,1765416666315,09:32:04,1765416665643,0.738,0.7372,0.1085,5610.89,0.9075,4.3656,0,0,0.738,1.004,0.737,42088100,0.736,48166000,0.735,41741000,0.734,31022500,0.733,20308400,0.738,46793900,0.739,53524200,0.74,67074400,0.741,53789100,0.742,38492800,672,0
sh513130,09:31:04,1765416667321,09:32:06,1765416666456,0.738,0.7372,0.1085,5613.4,0.9075,3.7312,1744000,1286986,0.738,1.006,0.737,41946800,0.736,48375700,0.735,41741000,0.734,31027300,0.733,20298400,0.738,50573800,0.739,53911000,0.74,67339700,0.741,52653400,0.742,38819600,865,0
sh513130,09:31:04,1765416668329,09:32:06,1765416667791,0.738,0.7372,0.1085,5613.4,0.9075,2.7751,0,0,0.738,1.008,0.737,41946800,0.736,48375700,0.735,41741000,0.734,31027300,0.733,20298400,0.738,50573800,0.739,53911000,0.74,67339700,0.741,52653400,0.742,38819600,538,0
sh513130,09:31:07,1765416669337,09:32:08,1765416668481,0.738,0.7378,0.0271,5613.86,0.9075,3.2449,38047500,28077926,0.738,1.009,0.737,56512100,0.736,49382600,0.735,40751000,0.734,24395300,0.733,20298400,0.738,2395900,0.739,62316000,0.74,60212200,0.741,53875100,0.742,50881200,856,0
sh513130,09:31:07,1765416670334,09:32:08,1765416669940,0.738,0.7378,0.0271,5613.86,0.9075,2.8316,0,0,0.738,0.997,0.737,56512100,0.736,49382600,0.735,40751000,0.734,24395300,0.733,20298400,0.738,2395900,0.739,62316000,0.74,60212200,0.741,53875100,0.742,50881200,394,0
sh513130,09:31:07,1765416671328,09:32:10,1765416670521,0.738,0.7378,0.0271,5612.04,0.9075,1.8714,0,0,0.738,0.993,0.737,56512100,0.736,49382600,0.735,40751000,0.734,24395300,0.733,20298400,0.738,2395900,0.739,62316000,0.74,60212200,0.741,53875100,0.742,50881200,807,0
sh513130,09:31:10,1765416672331,09:32:10,1765416672102,0.737,0.7385,-0.2031,5612.04,0.9075,1.9616,1978900,1459942,0.7378,1.004,0.737,48652100,0.736,48305100,0.735,41581800,0.734,30775300,0.733,20268400,0.738,20889500,0.739,53285700,0.74,72290900,0.741,53877400,0.742,38935500,229,0
sh513130,09:31:10,1765416673338,09:32:12,1765416672598,0.737,0.7385,-0.2031,5612.95,0.9075,1.0046,0,0,0.737,1.007,0.737,48652100,0.736,48305100,0.735,41581800,0.734,30775300,0.733,20268400,0.738,20889500,0.739,53285700,0.74,72290900,0.741,53877400,0.742,38935500,740,0
sh513130,09:31:10,1765416674348,09:32:12,1765416674248,0.737,0.7385,-0.2031,5612.95,0.9075,4.3861,0,0,0.737,1.01,0.737,48652100,0.736,48305100,0.735,41581800,0.734,30775300,0.733,20268400,0.738,20889500,0.739,53285700,0.74,72290900,0.741,53877400,0.742,38935500,100,0
sh513130,09:31:13,1765416675344,09:32:14,1765416674471,0.737,0.7385,-0.2031,5613.32,0.9075,4.1699,2436600,1798146,0.738,0.995,0.737,53397300,0.736,48291100,0.735,41497300,0.734,30775300,0.733,20268400,0.738,15982800,0.739,61780100,0.74,72311000,0.741,54027400,0.742,38975500,873,0
sh513130,09:31:13,1765416676331,09:32:14,1765416674471,0.737,0.7385,-0.2031,5613.32,0.9075,3.145,0,0,0.737,0.988,0.737,53397300,0.736,48291100,0.735,41497300,0.734,30775300,0.733,20268400,0.738,15982800,0.739,61780100,0.74,72311000,0.741,54027400,0.742,38975500,1860,0
sh513130,09:31:13,1765416677340,09:32:16,1765416676447,0.737,0.7385,-0.2031,5613.49,0.9075,2.3985,0,0,0.737,1.009,0.737,53397300,0.736,48291100,0.735,41497300,0.734,30775300,0.733,20268400,0.738,15982800,0.739,61780100,0.74,72311000,0.741,54027400,0.742,38975500,893,0
sh513130,09:31:13,1765416678341,09:32:16,1765416676447,0.737,0.7385,-0.2031,5613.49,0.9075,2.3465,0,0,0.737,1.001,0.737,53397300,0.736,48291100,0.735,41497300,0.734,30775300,0.733,20268400,0.738,15982800,0.739,61780100,0.74,72311000,0.741,54027400,0.742,38975500,1894,0
sh513130,09:31:16,1765416679338,09:32:18,1765416678573,0.737,0.7385,-0.2031,5613.69,0.9075,3.3787,1531300,1128826,0.7372,0.997,0.737,51503200,0.736,49211800,0.735,42492300,0.734,30858200,0.733,20260400,0.738,26450800,0.739,53755100,0.74,72417300,0.741,54102600,0.742,39214100,765,0
sh513130,09:31:16,1765416680340,09:32:18,1765416678573,0.737,0.7385,-0.2031,5613.69,0.9075,2.6138,0,0,0.737,1.002,0.737,51503200,0.736,49211800,0.735,42492300,0.734,30858200,0.733,20260400,0.738,26450800,0.739,53755100,0.74,72417300,0.741,54102600,0.742,39214100,1767,0
sh513130,09:31:19,1765416681340,09:32:20,1765416680710,0.737,0.7385,-0.2031,5613.06,0.9075,2.3967,2204600,1625475,0.7373,0.999,0.737,41848200,0.736,50633000,0.735,41947700,0.734,31158900,0.733,20223100,0.738,37631400,0.739,53033300,0.74,71423200,0.741,53104200,0.742,39244100,630,0
sh513130,09:31:19,1765416682337,09:32:20,1765416680710,0.737,0.7385,-0.2031,5613.06,0.9075,2.5622,0,0,0.737,0.997,0.737,41848200,0.736,50633000,0.735,41947700,0.734,31158900,0.733,20223100,0.738,37631400,0.739,53033300,0.74,71423200,0.741,53104200,0.742,39244100,1627,0
sh513130,09:31:19,1765416683347,09:32:22,1765416682862,0.737,0.7385,-0.2031,5613.99,0.9075,2.7421,0,0,0.737,1.01,0.737,41848200,0.736,50633000,0.735,41947700,0.734,31158900,0.733,20223100,0.738,37631400,0.739,53033300,0.74,71423200,0.741,53104200,0.742,39244100,485,0
sh513130,09:31:22,1765416684356,09:32:22,1765416682862,0.737,0.7385,-0.2031,5613.99,0.9075,3.757,196800,145042,0.737,1.009,0.737,50567000,0.736,49379300,0.735,42018300,0.734,31158900,0.733,20227100,0.738,39950900,0.739,53531000,0.74,71160400,0.741,54133500,0.742,39254400,1494,0
sh513130,09:31:22,1765416685357,09:32:24,1765416685013,0.737,0.7385,-0.2031,5614.87,0.9075,5.909,0,0,0.737,1.001,0.737,50567000,0.736,49379300,0.735,42018300,0.734,31158900,0.733,20227100,0.738,39950900,0.739,53531000,0.74,71160400,0.741,54133500,0.742,39254400,344,0
sh513130,09:31:25,1765416686353,09:32:24,1765416685013,0.737,0.7385,-0.2031,5614.87,0.9075,5.9338,25167400,18572491,0.738,0.996,0.737,38688100,0.736,39145400,0.735,53157900,0.734,43156500,0.733,20231100,0.738,1032400,0.739,64222400,0.74,58335600,0.741,54183500,0.742,53057900,1340,0
sh513130,09:31:25,1765416687353,09:32:26,1765416687171,0.737,0.7385,-0.2031,5615.28,0.9075,4.9929,0,0,0.737,1.0,0.737,38688100,0.736,39145400,0.735,53157900,0.734,43156500,0.733,20231100,0.738,1032400,0.739,64222400,0.74,58335600,0.741,54183500,0.742,53057900,182,0
sh513130,09:31:25,1765416688353,09:32:26,1765416687171,0.737,0.7385,-0.2031,5615.28,0.9075,4.3775,0,0,0.737,1.0,0.737,38688100,0.736,39145400,0.735,53157900,0.734,43156500,0.733,20231100,0.738,1032400,0.739,64222400,0.74,58335600,0.741,54183500,0.742,53057900,1182,0
sh513130,09:31:25,1765416689354,09:32:28,1765416689321,0.737,0.7385,-0.2031,5616.79,0.9075,4.1401,0,0,0.737,1.0,0.737,38688100,0.736,39145400,0.735,53157900,0.734,43156500,0.733,20231100,0.738,1032400,0.739,64222400,0.74,58335600,0.741,54183500,0.742,53057900,33,0
sh513130,09:31:25,1765416690354,09:32:28,1765416689321,0.737,0.7385,-0.2031,5616.79,0.9075,3.1649,0,0,0.737,1.0,0.737,38688100,0.736,39145400,0.735,53157900,0.734,43156500,0.733,20231100,0.738,1032400,0.739,64222400,0.74,58335600,0.741,54183500,0.742,53057900,1033,0
sh513130,09:31:28,1765416691354,09:32:30,1765416690458,0.737,0.7385,-0.2031,5618.26,0.9075,3.2515,1897400,1398502,0.7371,1.0,0.737,37214800,0.736,39098300,0.735,53306100,0.734,43156500,0.733,20231100,0.738,5886800,0.739,65258200,0.74,58411500,0.741,54341600,0.742,53129900,896,0
sh513130,09:31:28,1765416692360,09:32:30,1765416691475,0.737,0.7385,-0.2031,5618.26,0.9075,3.829,0,0,0.737,1.006,0.737,37214800,0.736,39098300,0.735,53306100,0.734,43156500,0.733,20231100,0.738,5886800,0.739,65258200,0.74,58411500,0.741,54341600,0.742,53129900,885,0
sh513130,09:31:28,1765416693356,09:32:32,1765416692452,0.737,0.7385,-0.2031,5617.75,0.9075,2.5325,0,0,0.737,0.996,0.737,37214800,0.736,39098300,0.735,53306100,0.734,43156500,0.733,20231100,0.738,5886800,0.739,65258200,0.74,58411500,0.741,54341600,0.742,53129900,904,0
sh513130,09:31:31,1765416694351,09:32:32,1765416693647,0.737,0.7385,-0.2031,5617.75,0.9075,5.2132,6930800,5114097,0.7379,0.995,0.737,36945600,0.736,40006900,0.735,48514100,0.734,43361500,0.733,20243100,0.738,6352000,0.739,67216300,0.74,58483700,0.741,54404600,0.742,52929900,704,0
sh513130,09:31:31,1765416695361,09:32:34,1765416694455,0.737,0.7385,-0.2031,5618.34,0.9075,3.5356,0,0,0.737,1.01,0.737,36945600,0.736,40006900,0.735,48514100,0.734,43361500,0.733,20243100,0.738,6352000,0.739,67216300,0.74,58483700,0.741,54404600,0.742,52929900,906,0
sh513130,09:31:34,1765416696369,09:32:34,1765416695819,0.737,0.7385,-0.2031,5618.34,0.9075,2.6287,990200,729927,0.7372,1.008,0.737,36550300,0.736,41162400,0.735,48516200,0.734,43361500,0.733,20263100,0.738,9207900,0.739,69170800,0.74,58778000,0.741,54549000,0.742,52940800,550,0
sh513130,09:31:34,1765416697360,09:32:36,1765416696490,0.737,0.7385,-0.2031,5617.79,0.9075,5.1639,0,0,0.737,0.991,0.737,36550300,0.736,41162400,0.735,48516200,0.734,43361500,0.733,20263100,0.738,9207900,0.739,69170800,0.74,58778000,0.741,54549000,0.742,52940800,870,0
sh513130,09:31:34,1765416698367,09:32:36,1765416697991,0.737,0.7385,-0.2031,5617.79,0.9075,5.2969,0,0,0.737,1.008,0.737,36550300,0.736,41162400,0.735,48516200,0.734,43361500,0.733,20263100,0.738,9207900,0.739,69170800,0.74,58778000,0.741,54549000,0.742,52940800,376,0
sh513130,09:31:37,1765416699362,09:32:38,1765416698436,0.738,0.7385,-0.0677,5619.83,0.9075,3.799,18789100,13865865,0.738,0.995,0.738,8805100,0.737,42949900,0.736,43022400,0.735,48380100,0.734,35986600,0.739,71018400,0.74,58824000,0.741,54561800,0.742,52953800,0.743,30969600,926,0
sh513130,09:31:37,1765416700370,09:32:38,1765416700149,0.738,0.7385,-0.0677,5619.83,0.9075,2.8022,0,0,0.738,1.008,0.738,8805100,0.737,42949900,0.736,43022400,0.735,48380100,0.734,35986600,0.739,71018400,0.74,58824000,0.741,54561800,0.742,52953800,0.743,30969600,221,0
sh513130,09:31:37,1765416701372,09:32:40,1765416700439,0.738,0.7385,-0.0677,5620.76,0.9075,4.3814,0,0,0.738,1.001,0.738,8805100,0.737,42949900,0.736,43022400,0.735,48380100,0.734,35986600,0.739,71018400,0.74,58824000,0.741,54561800,0.742,52953800,0.743,30969600,933,0
sh513130,09:31:40,1765416702371,09:32:40,1765416702301,0.738,0.7385,-0.0677,5620.76,0.9075,4.247,5279100,3896165,0.738,0.999,0.738,28192500,0.737,35364000,0.736,56257000,0.735,49667200,0.734,23988600,0.739,73522700,0.74,58061500,0.741,54983600,0.742,56095300,0.743,31337400,70,0
sh513130,09:31:40,1765416703377,09:32:42,1765416702527,0.738,0.7385,-0.0677,5620.57,0.9075,3.6829,0,0,0.738,1.006,0.738,28192500,0.737,35364000,0.736,56257000,0.735,49667200,0.734,23988600,0.739,73522700,0.74,58061500,0.741,54983600,0.742,56095300,0.743,31337400,850,0
sh513130,09:31:40,1765416704386,09:32:42,1765416702527,0.738,0.7385,-0.0677,5620.57,0.9075,2.6891,0,0,0.738,1.009,0.738,28192500,0.737,35364000,0.736,56257000,0.735,49667200,0.734,23988600,0.739,73522700,0.74,58061500,0.741,54983600,0.742,56095300,0.743,31337400,1859,0
sh513130,09:31:43,1765416705371,09:32:44,1765416704450,0.738,0.7385,-0.0677,5621.31,0.9075,6.2052,1427900,1053798,0.738,0.985,0.738,31067600,0.737,35726900,0.736,55847000,0.735,48819300,0.734,23996200,0.739,73692200,0.74,58125100,0.741,55006700,0.742,56095300,0.743,31757400,921,0
sh513130,09:31:43,1765416706381,09:32:44,1765416704450,0.738,0.7385,-0.0677,5621.31,0.9075,5.977,0,0,0.738,1.01,0.738,31067600,0.737,35726900,0.736,55847000,0.735,48819300,0.734,23996200,0.739,73692200,0.74,58125100,0.741,55006700,0.742,56095300,0.743,31757400,1931,0
sh513130,09:31:43,1765416707385,09:32:46,1765416706604,0.738,0.7385,-0.0677,5623.16,0.9075,7.2197,0,0,0.738,1.004,0.738,31067600,0.737,35726900,0.736,55847000,0.735,48819300,0.734,23996200,0.739,73692200,0.74,58125100,0.741,55006700,0.742,56095300,0.743,31757400,781,0
sh513130,09:31:46,1765416708424,09:32:48,1765416708390,0.739,0.7392,-0.0271,5622.59,0.9075,5.8788,583700,430878,0.7382,1.039,0.738,32719400,0.737,36009400,0.736,55808600,0.735,48970200,0.734,24024100,0.739,65704600,0.74,66971400,0.741,43030100,0.742,56116300,0.743,43758000,34,0
sh513130,09:31:46,1765416709380,09:32:48,1765416708771,0.739,0.7392,-0.0271,5622.59,0.9075,5.4335,0,0,0.739,0.956,0.738,32719400,0.737,36009400,0.736,55808600,0.735,48970200,0.734,24024100,0.739,65704600,0.74,66971400,0.741,43030100,0.742,56116300,0.743,43758000,609,0
sh513130,09:31:46,1765416710381,09:32:48,1765416708771,0.739,0.7392,-0.0271,5622.59,0.9075,4.2703,0,0,0.739,1.001,0.738,32719400,0.737,36009400,0.736,55808600,0.735,48970200,0.734,24024100,0.739,65704600,0.74,66971400,0.741,43030100,0.742,56116300,0.743,43758000,1610,0
sh513130,09:31:46,1765416711383,09:32:50,1765416710929,0.739,0.7392,-0.0271,5622.19,0.9075,4.3721,0,0,0.739,1.002,0.738,32719400,0.737,36009400,0.736,55808600,0.735,48970200,0.734,24024100,0.739,65704600,0.74,66971400,0.741,43030100,0.742,56116300,0.743,43758000,454,0
sh513130,09:31:49,1765416712381,09:32:50,1765416710929,0.738,0.7392,-0.1623,5622.19,0.9075,2.8607,786500,580480,0.7381,0.998,0.738,35926000,0.737,36097500,0.736,56425300,0.735,48868400,0.734,24353200,0.739,66356100,0.74,67001100,0.741,54038600,0.742,56116300,0.743,33403700,1452,0
sh513130,09:31:49,1765416713383,09:32:52,1765416713088,0.738,0.7392,-0.1623,5619.41,0.9075,4.2445,0,0,0.738,1.002,0.738,35926000,0.737,36097500,0.736,56425300,0.735,48868400,0.734,24353200,0.739,66356100,0.74,67001100,0.741,54038600,0.742,56116300,0.743,33403700,295,0
sh513130,09:31:52,1765416714390,09:32:52,1765416713088,0.738,0.7392,-0.1623,5619.41,0.9075,3.311,6444200,4759102,0.7385,1.007,0.738,11964000,0.737,44665200,0.736,46780500,0.735,48668200,0.734,36350800,0.739,73560900,0.74,59226800,0.741,55078600,0.742,53106300,0.743,32464700,1302,0
sh513130,09:31:52,1765416715388,09:32:54,1765416715240,0.738,0.7392,-0.1623,5619.1,0.9075,2.5591,0,0,0.738,0.997,0.738,11964000,0.737,44665200,0.736,46780500,0.735,48668200,0.734,36350800,0.739,73560900,0.74,59226800,0.741,55078600,0.742,53106300,0.743,32464700,148,0
sh513130,09:31:52,1765416716397,09:32:56,1765416716391,0.738,0.7392,-0.1623,5618.08,0.9075,3.6397,0,0,0.738,1.009,0.738,11964000,0.737,44665200,0.736,46780500,0.735,48668200,0.734,36350800,0.739,73560900,0.74,59226800,0.741,55078600,0.742,53106300,0.743,32464700,6,0
sh513130,09:31:55,1765416717393,09:32:56,1765416717391,0.738,0.7392,-0.1623,5618.08,0.9075,3.143,14708000,10856880,0.7382,0.996,0.737,40251600,0.736,47587500,0.735,48668200,0.734,42752800,0.733,20269200,0.738,9249500,0.739,72556500,0.74,59335700,0.741,55178600,0.742,53106300,2,0
sh513130,09:31:55,1765416718398,09:32:56,1765416717391,0.738,0.7392,-0.1623,5618.08,0.9075,3.3386,0,0,0.738,1.005,0.737,40251600,0.736,47587500,0.735,48668200,0.734,42752800,0.733,20269200,0.738,9249500,0.739,72556500,0.74,59335700,0.741,55178600,0.742,53106300,1007,0
sh513130,09:31:55,1765416719391,09:32:58,1765416718455,0.738,0.7392,-0.1623,5616.45,0.9075,2.4913,0,0,0.738,0.993,0.737,40251600,0.736,47587500,0.735,48668200,0.734,42752800,0.733,20269200,0.738,9249500,0.739,72556500,0.74,59335700,0.741,55178600,0.742,53106300,936,0
sh513130,09:31:55,1765416720397,09:33:00,1765416720392,0.738,0.7392,-0.1623,5616.57,0.9075,2.7632,0,0,0.738,1.006,0.737,40251600,0.736,47587500,0.735,48668200,0.734,42752800,0.733,20269200,0.738,9249500,0.739,72556500,0.74,59335700,0.741,55178600,0.742,53106300,5,0
sh513130,09:31:58,1765416721398,09:33:00,1765416720447,0.738,0.7392,-0.1623,5616.57,0.9075,4.7029,800700,590917,0.738,1.001,0.737,40119000,0.736,46587500,0.735,36657500,0.734,42752800,0.733,32266800,0.738,15140200,0.739,72623700,0.74,60497800,0.741,55205000,0.742,52287200,951,0
sh513130,09:31:58,1765416722392,09:33:00,1765416721698,0.738,0.7392,-0.1623,5616.57,0.9075,4.2021,0,0,0.738,0.994,0.737,40119000,0.736,46587500,0.735,36657500,0.734,42752800,0.733,32266800,0.738,15140200,0.739,72623700,0.74,60497800,0.741,55205000,0.742,52287200,694,0
sh513130,09:31:58,1765416723402,09:33:02,1765416723287,0.738,0.7392,-0.1623,5617.84,0.9075,4.4942,0,0,0.738,1.01,0.737,40119000,0.736,46587500,0.735,36657500,0.734,42752800,0.733,32266800,0.738,15140200,0.739,72623700,0.74,60497800,0.741,55205000,0.742,52287200,115,0
sh513130,09:32:01,1765416724410,09:33:04,1765416724408,0.738,0.7385,-0.0677,5616.11,0.9075,4.7569,1154700,852160,0.738,1.007,0.737,41712400,0.736,47155500,0.735,49035100,0.734,42722800,0.733,20229200,0.738,15304900,0.739,72933000,0.74,60474800,0.741,55253200,0.742,52317200,2,0
sh513130,09:32:01,1765416725403,09:33:04,1765416724484,0.738,0.7385,-0.0677,5616.11,0.9075,3.9431,0,0,0.738,0.993,0.737,41712400,0.736,47155500,0.735,49035100,0.734,42722800,0.733,20229200,0.738,15304900,0.739,72933000,0.74,60474800,0.741,55253200,0.742,52317200,919,0
sh513130,09:32:01,1765416726403,09:33:06,1765416726390,0.738,0.7385,-0.0677,5617.37,0.9075,3.3735,0,0,0.738,1.0,0.737,41712400,0.736,47155500,0.735,49035100,0.734,42722800,0.733,20229200,0.738,15304900,0.739,72933000,0.74,60474800,0.741,55253200,0.742,52317200,13,0
sh513130,09:32:01,1765416727412,09:33:06,1765416726467,0.738,0.7385,-0.0677,5617.37,0.9075,3.6603,0,0,0.738,1.009,0.737,41712400,0.736,47155500,0.735,49035100,0.734,42722800,0.733,20229200,0.738,15304900,0.739,72933000,0.74,60474800,0.741,55253200,0.742,52317200,945,0
sh513130,09:32:04,1765416728413,09:33:08,1765416728411,0.738,0.7385,-0.0677,5616.46,0.9075,3.3715,149600,110405,0.738,1.001,0.737,43645000,0.736,38775800,0.735,49055100,0.734,42822800,0.733,20183400,0.738,28621600,0.739,75438300,0.74,60581800,0.741,56293200,0.742,52261200,2,0
sh513130,09:32:07,1765416729419,09:33:08,1765416728487,0.738,0.7385,-0.0677,5616.46,0.9075,4.3347,303900,224207,0.7378,1.007,0.737,43356500,0.736,38805500,0.735,48997100,0.734,42822300,0.733,20183800,0.738,32548000,0.739,77099100,0.74,60919900,0.741,56303200,0.742,52305600,932,0
sh513130,09:32:07,1765416730417,09:33:08,1765416730331,0.738,0.7385,-0.0677,5616.46,0.9075,4.1443,0,0,0.738,0.998,0.737,43356500,0.736,38805500,0.735,48997100,0.734,42822300,0.733,20183800,0.738,32548000,0.739,77099100,0.74,60919900,0.741,56303200,0.742,52305600,86,0
sh513130,09:32:07,1765416731413,09:33:10,1765416730459,0.738,0.7385,-0.0677,5615.46,0.9075,1.7637,0,0,0.738,0.996,0.737,43356500,0.736,38805500,0.735,48997100,0.734,42822300,0.733,20183800,0.738,32548000,0.739,77099100,0.74,60919900,0.741,56303200,0.742,52305600,954,0
sh513130,09:32:10,1765416732418,09:33:12,1765416732406,0.738,0.7381,-0.0135,5616.17,0.9075,3.9865,1133200,835349,0.7372,1.005,0.737,43354000,0.736,38829000,0.735,49871500,0.734,42778500,0.733,20183900,0.738,31483900,0.739,78519800,0.74,61080700,0.741,55526300,0.742,52305600,12,0
sh513130,09:32:10,1765416733419,09:33:12,1765416732495,0.738,0.7381,-0.0135,5616.17,0.9075,3.8076,0,0,0.738,1.001,0.737,43354000,0.736,38829000,0.735,49871500,0.734,42778500,0.733,20183900,0.738,31483900,0.739,78519800,0.74,61080700,0.741,55526300,0.742,52305600,924,0
sh513130,09:32:13,1765416734417,09:33:14,1765416734407,0.738,0.7381,-0.0135,5617.51,0.9075,2.7482,22634800,16704268,0.738,0.998,0.738,5015600,0.737,42445900,0.736,38829000,0.735,50740300,0.734,35398500,0.739,77533100,0.74,61328500,0.741,57198100,0.742,52530200,0.743,33508500,10,0
sh513130,09:32:13,1765416735420,09:33:14,1765416734642,0.738,0.7381,-0.0135,5617.51,0.9075,5.1905,0,0,0.738,1.002,0.738,5015600,0.737,42445900,0.736,38829000,0.735,50740300,0.734,35398500,0.739,77533100,0.74,61328500,0.741,57198100,0.742,52530200,0.743,33508500,778,0
sh513130,09:32:13,1765416736419,09:33:14,1765416734642,0.738,0.7381,-0.0135,5617.51,0.9075,2.7613,0,0,0.738,0.999,0.738,5015600,0.737,42445900,0.736,38829000,0.735,50740300,0.734,35398500,0.739,77533100,0.74,61328500,0.741,57198100,0.742,52530200,0.743,33508500,1777,0
sh513130,09:32:13,1765416737428,09:33:16,1765416736774,0.738,0.7381,-0.0135,5617.7,0.9075,2.6298,0,0,0.738,1.01,0.738,5015600,0.737,42445900,0.736,38829000,0.735,50740300,0.734,35398500,0.739,77533100,0.74,61328500,0.741,57198100,0.742,52530200,0.743,33508500,654,0
sh513130,09:32:16,1765416738426,09:33:16,1765416736774,0.738,0.7381,-0.0135,5617.7,0.9075,2.0939,1810700,1336299,0.738,0.997,0.738,14614900,0.737,51165600,0.736,40826500,0.735,50753400,0.734,35398500,0.739,77860900,0.74,61659600,0.741,57219300,0.742,55624700,0.743,34116200,1652,0
sh513130,09:32:16,1765416739420,09:33:18,1765416738924,0.738,0.7381,-0.0135,5617.91,0.9075,2.1527,0,0,0.738,0.995,0.738,14614900,0.737,51165600,0.736,40826500,0.735,50753400,0.734,35398500,0.739,77860900,0.74,61659600,0.741,57219300,0.742,55624700,0.743,34116200,496,0
sh513130,09:32:16,1765416740421,09:33:20,1765416740406,0.738,0.7381,-0.0135,5618.83,0.9075,2.1336,0,0,0.738,1.001,0.738,14614900,0.737,51165600,0.736,40826500,0.735,50753400,0.734,35398500,0.739,77860900,0.74,61659600,0.741,57219300,0.742,55624700,0.743,34116200,15,0
sh513130,09:32:19,1765416741422,09:33:20,1765416741075,0.738,0.7381,-0.0135,5618.83,0.9075,1.7415,959100,707816,0.738,1.001,0.738,10554700,0.737,53174500,0.736,40714200,0.735,50823400,0.734,35398500,0.739,81211000,0.74,62327400,0.741,56210900,0.742,52736600,0.743,34121100,347,0
sh513130,09:32:19,1765416742430,09:33:22,1765416742423,0.738,0.7381,-0.0135,5618.98,0.9075,2.4317,0,0,0.738,1.008,0.738,10554700,0.737,53174500,0.736,40714200,0.735,50823400,0.734,35398500,0.739,81211000,0.74,62327400,0.741,56210900,0.742,52736600,0.743,34121100,7,0
sh513130,09:32:19,1765416743431,09:33:22,1765416743233,0.738,0.7381,-0.0135,5618.98,0.9075,1.0423,0,0,0.738,1.0,0.738,10554700,0.737,53174500,0.736,40714200,0.735,50823400,0.734,35398500,0.739,81211000,0.74,62327400,0.741,56210900,0.742,52736600,0.743,34121100,198,0
sh513130,09:32:22,1765416744431,09:33:24,1765416744418,0.738,0.7387,-0.0948,5617.63,0.9075,0.4573,1717000,1267146,0.738,1.001,0.738,9624100,0.737,53455300,0.736,41737900,0.735,50819400,0.734,35398500,0.739,81564600,0.74,62420300,0.741,56079100,0.742,52739600,0.743,34123100,13,0
sh513130,09:32:22,1765416745435,09:33:24,1765416745381,0.738,0.7387,-0.0948,5617.63,0.9075,0.4345,0,0,0.738,1.004,0.738,9624100,0.737,53455300,0.736,41737900,0.735,50819400,0.734,35398500,0.739,81564600,0.74,62420300,0.741,56079100,0.742,52739600,0.743,34123100,54,0
sh513130,09:32:22,1765416746431,09:33:26,1765416746399,0.738,0.7387,-0.0948,5617.86,0.9075,1.3188,0,0,0.738,0.997,0.738,9624100,0.737,53455300,0.736,41737900,0.735,50819400,0.734,35398500,0.739,81564600,0.74,62420300,0.741,56079100,0.742,52739600,0.743,34123100,32,0
sh513130,09:32:22,1765416747430,09:33:26,1765416746452,0.738,0.7387,-0.0948,5617.86,0.9075,2.1002,0,0,0.738,0.999,0.738,9624100,0.737,53455300,0.736,41737900,0.735,50819400,0.734,35398500,0.739,81564600,0.74,62420300,0.741,56079100,0.742,52739600,0.743,34123100,978,0
sh513130,09:32:25,1765416748437,09:33:26,1765416747525,0.738,0.7381,-0.0135,5617.86,0.9075,2.2445,3248700,2397603,0.738,1.007,0.737,54817500,0.736,42601100,0.735,50962700,0.734,35398500,0.733,20139200,0.738,13723400,0.739,81731400,0.74,62652900,0.741,56082100,0.742,52793800,912,0
sh513130,09:32:25,1765416749437,09:33:28,1765416748917,0.738,0.7381,-0.0135,5617.03,0.9075,2.1038,0,0,0.738,1.0,0.737,54817500,0.736,42601100,0.735,50962700,0.734,35398500,0.733,20139200,0.738,13723400,0.739,81731400,0.74,62652900,0.741,56082100,0.742,52793800,520,0
sh513130,09:32:28,1765416750442,09:33:28,1765416749681,0.738,0.7381,-0.0135,5617.03,0.9075,4.4792,407200,300513,0.738,1.005,0.737,47358700,0.736,51138300,0.735,50962700,0.734,30788800,0.733,20738600,0.738,32980000,0.739,72287300,0.74,62720800,0.741,58188200,0.742,52803800,761,0
sh513130,09:32:28,1765416751447,09:33:28,1765416749681,0.738,0.7381,-0.0135,5617.03,0.9075,4.2845,0,0,0.738,1.005,0.737,47358700,0.736,51138300,0.735,50962700,0.734,30788800,0.733,20738600,0.738,32980000,0.739,72287300,0.74,62720800,0.741,58188200,0.742,52803800,1766,0
sh513130,09:32:31,1765416752442,09:33:28,1765416751835,0.738,0.7381,-0.0135,5617.03,0.9075,3.4373,872700,644043,0.738,0.995,0.737,46344200,0.736,51184300,0.735,52817100,0.734,30788800,0.733,20738600,0.738,33332300,0.739,85263400,0.74,75008800,0.741,45321600,0.742,40941000,607,0
sh513130,09:32:31,1765416753448,09:33:32,1765416753340,0.738,0.7381,-0.0135,5614.26,0.9075,2.9339,0,0,0.738,1.006,0.737,46344200,0.736,51184300,0.735,52817100,0.734,30788800,0.733,20738600,0.738,33332300,0.739,85263400,0.74,75008800,0.741,45321600,0.742,40941000,108,0
sh513130,09:32:31,1765416754446,09:33:34,1765416754430,0.738,0.7381,-0.0135,5612.41,0.9075,2.3754,0,0,0.738,0.998,0.737,46344200,0.736,51184300,0.735,52817100,0.734,30788800,0.733,20738600,0.738,33332300,0.739,85263400,0.74,75008800,0.741,45321600,0.742,40941000,16,0
sh513130,09:32:31,1765416755447,09:33:34,1765416754430,0.738,0.7381,-0.0135,5612.41,0.9075,1.1719,0,0,0.738,1.001,0.737,46344200,0.736,51184300,0.735,52817100,0.734,30788800,0.733,20738600,0.738,33332300,0.739,85263400,0.74,75008800,0.741,45321600,0.742,40941000,1017,0
sh513130,09:32:34,1765416756455,09:33:36,1765416756443,0.738,0.7381,-0.0135,5612.0,0.9075,1.1138,1369400,1009607,0.7373,1.008,0.737,30984600,0.736,47632900,0.735,53115900,0.734,42786400,0.733,20738600,0.738,37131800,0.739,85643400,0.74,75103900,0.741,42467400,0.742,40951000,12,0
sh513130,09:32:34,1765416757447,09:33:36,1765416756443,0.738,0.7381,-0.0135,5612.0,0.9075,1.907,0,0,0.738,0.992,0.737,30984600,0.736,47632900,0.735,53115900,0.734,42786400,0.733,20738600,0.738,37131800,0.739,85643400,0.74,75103900,0.741,42467400,0.742,40951000,1004,0
sh513130,09:32:34,1765416758446,09:33:38,1765416758390,0.738,0.7381,-0.0135,5612.03,0.9075,2.0881,0,0,0.738,0.999,0.737,30984600,0.736,47632900,0.735,53115900,0.734,42786400,0.733,20738600,0.738,37131800,0.739,85643400,0.74,75103900,0.741,42467400,0.742,40951000,56,0
sh513130,09:32:37,1765416759440,09:33:38,1765416758468,0.738,0.7381,-0.0135,5612.03,0.9075,1.8719,198000,146013,0.7374,0.994,0.737,36448000,0.736,47320100,0.735,59876300,0.734,42786400,0.733,20746600,0.738,39042200,0.739,85210600,0.74,75030600,0.741,42522400,0.742,40971500,972,0
sh513130,09:32:37,1765416760466,09:33:40,1765416760445,0.738,0.7381,-0.0135,5611.85,0.9075,1.7804,0,0,0.738,1.026,0.737,36448000,0.736,47320100,0.735,59876300,0.734,42786400,0.733,20746600,0.738,39042200,0.739,85210600,0.74,75030600,0.741,42522400,0.742,40971500,21,0
sh513130,09:32:37,1765416761461,09:33:40,1765416760470,0.738,0.7381,-0.0135,5611.85,0.9075,2.642,0,0,0.738,0.996,0.737,36448000,0.736,47320100,0.735,59876300,0.734,42786400,0.733,20746600,0.738,39042200,0.739,85210600,0.74,75030600,0.741,42522400,0.742,40971500,991,0
sh513130,09:32:40,1765416762452,09:33:42,1765416762437,0.738,0.7381,-0.0135,5611.97,0.9075,1.7723,1294700,955267,0.7378,0.991,0.737,37342000,0.736,59327700,0.735,60816200,0.734,30893900,0.733,20761900,0.738,38541100,0.739,86030700,0.74,75275100,0.741,45867900,0.742,40960300,15,0
sh513130,09:32:40,1765416763460,09:33:42,1765416762629,0.738,0.7381,-0.0135,5611.97,0.9075,1.5984,0,0,0.738,1.007,0.737,37342000,0.736,59327700,0.735,60816200,0.734,30893900,0.733,20761900,0.738,38541100,0.739,86030700,0.74,75275100,0.741,45867900,0.742,40960300,831,0
sh513130,09:32:40,1765416764460,09:33:44,1765416764453,0.738,0.7381,-0.0135,5611.73,0.9075,1.3561,0,0,0.738,1.0,0.737,37342000,0.736,59327700,0.735,60816200,0.734,30893900,0.733,20761900,0.738,38541100,0.739,86030700,0.74,75275100,0.741,45867900,0.742,40960300,7,0
sh513130,09:32:43,1765416765461,09:33:44,1765416764780,0.737,0.7381,-0.149,5611.73,0.9075,2.4253,897700,662122,0.7376,1.001,0.737,44915900,0.736,50907700,0.735,61701600,0.734,30893900,0.733,20762000,0.738,38832000,0.739,85671500,0.74,75312100,0.741,46139300,0.742,41214000,681,0
sh513130,09:32:43,1765416766460,09:33:46,1765416766419,0.737,0.7381,-0.149,5611.68,0.9075,5.8806,0,0,0.737,1.0,0.737,44915900,0.736,50907700,0.735,61701600,0.734,30893900,0.733,20762000,0.738,38832000,0.739,85671500,0.74,75312100,0.741,46139300,0.742,41214000,41,0
sh513130,09:32:43,1765416767463,09:33:46,1765416766932,0.737,0.7381,-0.149,5611.68,0.9075,5.6555,0,0,0.737,1.002,0.737,44915900,0.736,50907700,0.735,61701600,0.734,30893900,0.733,20762000,0.738,38832000,0.739,85671500,0.74,75312100,0.741,46139300,0.742,41214000,531,0
sh513130,09:32:43,1765416768461,09:33:48,1765416768412,0.737,0.7381,-0.149,5610.71,0.9075,6.1542,0,0,0.737,0.998,0.737,44915900,0.736,50907700,0.735,61701600,0.734,30893900,0.733,20762000,0.738,38832000,0.739,85671500,0.74,75312100,0.741,46139300,0.742,41214000,49,0
sh513130,09:32:46,1765416769470,09:33:48,1765416769078,0.737,0.7381,-0.149,5610.71,0.9075,4.8628,4003800,2950856,0.737,1.009,0.737,21858800,0.736,49104100,0.735,61571000,0.734,42991500,0.733,20762100,0.738,44576600,0.739,80544300,0.74,75352500,0.741,43191300,0.742,42104300,392,0
sh513130,09:32:46,1765416770470,09:33:50,1765416770449,0.737,0.7381,-0.149,5611.72,0.9075,4.3136,0,0,0.737,1.0,0.737,21858800,0.736,49104100,0.735,61571000,0.734,42991500,0.733,20762100,0.738,44576600,0.739,80544300,0.74,75352500,0.741,43191300,0.742,42104300,21,0
sh513130,09:32:49,1765416771477,09:33:50,1765416771251,0.737,0.7381,-0.149,5611.72,0.9075,4.567,17849400,13155388,0.737,1.007,0.737,10960000,0.736,49290800,0.735,62435400,0.734,42991500,0.733,20762100,0.738,45450800,0.739,80782300,0.74,75950600,0.741,43237600,0.742,42049300,226,0
sh513130,09:32:49,1765416772470,09:33:52,1765416772451,0.737,0.7381,-0.149,5611.55,0.9075,4.3697,0,0,0.737,0.992,0.737,10960000,0.736,49290800,0.735,62435400,0.734,42991500,0.733,20762100,0.738,45450800,0.739,80782300,0.74,75950600,0.741,43237600,0.742,42049300,19,0
sh513130,09:32:49,1765416773480,09:33:52,1765416773403,0.737,0.7381,-0.149,5611.55,0.9075,4.8707,0,0,0.737,1.01,0.737,10960000,0.736,49290800,0.735,62435400,0.734,42991500,0.733,20762100,0.738,45450800,0.739,80782300,0.74,75950600,0.741,43237600,0.742,42049300,77,0
sh513130,09:32:52,1765416774476,09:33:54,1765416774454,0.737,0.7374,-0.0542,5611.83,0.9075,4.6651,14488200,10677871,0.737,0.997,0.736,51493500,0.735,63399800,0.734,42954500,0.733,20782900,0.732,15776200,0.737,1440600,0.738,51219500,0.739,79602700,0.74,64123000,0.741,43235300,22,0
sh513130,09:32:52,1765416775483,09:33:54,1765416774454,0.737,0.7374,-0.0542,5611.83,0.9075,3.5901,0,0,0.737,1.007,0.736,51493500,0.735,63399800,0.734,42954500,0.733,20782900,0.732,15776200,0.737,1440600,0.738,51219500,0.739,79602700,0.74,64123000,0.741,43235300,1029,0
sh513130,09:32:52,1765416776474,09:33:56,1765416776435,0.737,0.7374,-0.0542,5610.67,0.9075,3.6024,0,0,0.737,0.991,0.736,51493500,0.735,63399800,0.734,42954500,0.733,20782900,0.732,15776200,0.737,1440600,0.738,51219500,0.739,79602700,0.74,64123000,0.741,43235300,39,0
sh513130,09:32:52,1765416777480,09:33:56,1765416776565,0.737,0.7374,-0.0542,5610.67,0.9075,3.4372,0,0,0.737,1.006,0.736,51493500,0.735,63399800,0.734,42954500,0.733,20782900,0.732,15776200,0.737,1440600,0.738,51219500,0.739,79602700,0.74,64123000,0.741,43235300,915,0
sh513130,09:32:55,1765416778477,09:33:58,1765416778435,0.737,0.7374,-0.0542,5610.98,0.9075,3.9019,986000,726682,0.737,0.997,0.736,51958000,0.735,64264200,0.734,42954500,0.733,20840900,0.732,15776300,0.737,1284700,0.738,48660500,0.739,79858700,0.74,76750500,0.741,43892900,42,0
sh513130,09:32:55,1765416779483,09:33:58,1765416778521,0.737,0.7374,-0.0542,5610.98,0.9075,3.4424,0,0,0.737,1.006,0.736,51958000,0.735,64264200,0.734,42954500,0.733,20840900,0.732,15776300,0.737,1284700,0.738,48660500,0.739,79858700,0.74,76750500,0.741,43892900,962,0
sh513130,09:32:58,1765416780480,09:34:00,1765416780469,0.737,0.7374,-0.0542,5610.14,0.9075,3.0664,4018700,2961800,0.737,0.997,0.737,5541600,0.736,52362700,0.735,65137600,0.734,43081600,0.733,20843900,0.738,50371100,0.739,78437000,0.74,76810500,0.741,43472900,0.742,44397200,11,0
sh513130,09:32:58,1765416781470,09:34:00,1765416780502,0.737,0.7374,-0.0542,5610.14,0.9075,2.625,0,0,0.737,0.99,0.737,5541600,0.736,52362700,0.735,65137600,0.734,43081600,0.733,20843900,0.738,50371100,0.739,78437000,0.74,76810500,0.741,43472900,0.742,44397200,968,0
sh513130,09:32:58,1765416782496,09:34:02,1765416782447,0.737,0.7374,-0.0542,5609.67,0.9075,2.4994,0,0,0.737,1.026,0.737,5541600,0.736,52362700,0.735,65137600,0.734,43081600,0.733,20843900,0.738,50371100,0.739,78437000,0.74,76810500,0.741,43472900,0.742,44397200,49,0
sh513130,09:32:58,1765416783486,09:34:02,1765416783286,0.737,0.7374,-0.0542,5609.67,0.9075,4.3119,0,0,0.737,0.99,0.737,5541600,0.736,52362700,0.735,65137600,0.734,43081600,0.733,20843900,0.738,50371100,0.739,78437000,0.74,76810500,0.741,43472900,0.742,44397200,200,0
sh513130,09:33:01,1765416784481,09:34:04,1765416784455,0.737,0.7374,-0.0542,5609.59,0.9075,4.7333,3256700,2400288,0.737,0.995,0.737,2106700,0.736,52322700,0.735,66009800,0.734,43081600,0.733,20859200,0.738,64313300,0.739,79423000,0.74,65018100,0.741,43547400,0.742,44385200,26,0
sh513130,09:33:01,1765416785482,09:34:04,1765416784493,0.737,0.7374,-0.0542,5609.59,0.9075,5.0751,0,0,0.737,1.002,0.737,2106700,0.736,52322700,0.735,66009800,0.734,43081600,0.733,20859200,0.738,64313300,0.739,79423000,0.74,65018100,0.741,43547400,0.742,44385200,989,0
sh513130,09:33:04,1765416786485,09:34:06,1765416786479,0.737,0.7374,-0.0542,5609.09,0.9075,4.5958,1289800,950532,0.737,1.003,0.736,51606500,0.735,55072600,0.734,43481600,0.733,21839200,0.732,15623200,0.737,23690800,0.738,63820700,0.739,79819400,0.74,59848900,0.741,43577400,6,0
sh513130,09:33:04,1765416787480,09:34:06,1765416786500,0.737,0.7374,-0.0542,5609.09,0.9075,4.3618,0,0,0.737,0.994,0.736,51606500,0.735,55072600,0.734,43481600,0.733,21839200,0.732,15623200,0.737,23690800,0.738,63820700,0.739,79819400,0.74,59848900,0.741,43577400,980,0
sh513130,09:33:04,1765416788485,09:34:08,1765416788458,0.737,0.7374,-0.0542,5607.57,0.9075,3.8708,0,0,0.737,1.006,0.736,51606500,0.735,55072600,0.734,43481600,0.733,21839200,0.732,15623200,0.737,23690800,0.738,63820700,0.739,79819400,0.74,59848900,0.741,43577400,27,0
sh513130,09:33:07,1765416789490,09:34:08,1765416788458,0.736,0.7374,-0.1899,5607.57,0.9075,4.01,345800,254798,0.7368,1.004,0.736,49186400,0.735,55106000,0.734,44347100,0.733,26171300,0.732,15623200,0.737,36469300,0.738,54355300,0.739,79871600,0.74,61142700,0.741,43827400,1032,0
sh513130,09:33:07,1765416790489,09:34:10,1765416790459,0.736,0.7374,-0.1899,5607.99,0.9075,3.8302,0,0,0.736,0.999,0.736,49186400,0.735,55106000,0.734,44347100,0.733,26171300,0.732,15623200,0.737,36469300,0.738,54355300,0.739,79871600,0.74,61142700,0.741,43827400,30,0
sh513130,09:33:07,1765416791486,09:34:10,1765416790617,0.736,0.7374,-0.1899,5607.99,0.9075,3.1258,0,0,0.736,0.997,0.736,49186400,0.735,55106000,0.734,44347100,0.733,26171300,0.732,15623200,0.737,36469300,0.738,54355300,0.739,79871600,0.74,61142700,0.741,43827400,869,0
sh513130,09:33:07,1765416792491,09:34:12,1765416792438,0.736,0.7374,-0.1899,5606.4,0.9075,2.1923,0,0,0.736,1.004,0.736,49186400,0.735,55106000,0.734,44347100,0.733,26171300,0.732,15623200,0.737,36469300,0.738,54355300,0.739,79871600,0.74,61142700,0.741,43827400,53,0
sh513130,09:33:10,1765416793496,09:34:12,1765416792774,0.736,0.7374,-0.1899,5606.4,0.9075,3.9291,94500,69587,0.7364,1.005,0.736,60340600,0.735,60076000,0.734,50212600,0.733,20791700,0.732,15623200,0.737,36621500,0.738,69650800,0.739,84854700,0.74,60658600,0.741,43438800,722,0
sh513130,09:33:13,1765416794494,09:34:14,1765416794487,0.737,0.7374,-0.0542,5606.02,0.9075,3.7521,395700,291375,0.7364,0.999,0.736,62235500,0.735,60038000,0.734,51185100,0.733,20804900,0.732,15623200,0.737,38365200,0.738,70839000,0.739,85383400,0.74,60738600,0.741,43478900,7,0
sh513130,09:33:10,1765416795501,09:34:14,1765416794929,0.736,0.7374,-0.1899,5606.02,0.9075,3.6479,0,0,0.736,1.006,0.736,60340600,0.735,60076000,0.734,50212600,0.733,20791700,0.732,15623200,0.737,36621500,0.738,69650800,0.739,84854700,0.74,60658600,0.741,43438800,572,0
sh513130,09:33:13,1765416796496,09:34:16,1765416796462,0.737,0.7374,-0.0542,5606.27,0.9075,3.9531,395700,291375,0.7364,0.995,0.736,62235500,0.735,60038000,0.734,51185100,0.733,20804900,0.732,15623200,0.737,38365200,0.738,70839000,0.739,85383400,0.74,60738600,0.741,43478900,34,0
sh513130,09:33:16,1765416797500,09:34:16,1765416797086,0.736,0.7374,-0.1899,5606.27,0.9075,3.7753,555700,409035,0.7361,1.004,0.736,62030800,0.735,60819200,0.734,52038100,0.733,19970600,0.732,15912000,0.737,39865500,0.738,59333600,0.739,85387200,0.74,72793400,0.741,43538900,414,0
sh513130,09:33:13,1765416798506,09:34:18,1765416798477,0.737,0.7374,-0.0542,5605.81,0.9075,4.4817,0,0,0.737,1.006,0.736,62235500,0.735,60038000,0.734,51185100,0.733,20804900,0.732,15623200,0.737,38365200,0.738,70839000,0.739,85383400,0.74,60738600,0.741,43478900,29,0
sh513130,09:33:16,1765416799506,09:34:18,1765416799237,0.736,0.7374,-0.1899,5605.81,0.9075,3.0031,555700,409035,0.7361,1.0,0.736,62030800,0.735,60819200,0.734,52038100,0.733,19970600,0.732,15912000,0.737,39865500,0.738,59333600,0.739,85387200,0.74,72793400,0.741,43538900,269,0
sh513130,09:33:16,1765416800495,09:34:20,1765416800435,0.736,0.7374,-0.1899,5606.02,0.9075,2.9905,0,0,0.736,0.989,0.736,62030800,0.735,60819200,0.734,52038100,0.733,19970600,0.732,15912000,0.737,39865500,0.738,59333600,0.739,85387200,0.74,72793400,0.741,43538900,60,0
sh513130,09:33:16,1765416801497,09:34:20,1765416801389,0.736,0.7374,-0.1899,5606.02,0.9075,2.6781,0,0,0.736,1.001,0.736,62030800,0.735,60819200,0.734,52038100,0.733,19970600,0.732,15912000,0.737,39865500,0.738,59333600,0.739,85387200,0.74,72793400,0.741,43538900,108,0
sh513130,09:33:19,1765416802509,09:34:22,1765416802459,0.737,0.7374,-0.0542,5605.94,0.9075,2.2425,327300,240917,0.7361,1.013,0.736,59639000,0.735,60849600,0.734,52971600,0.733,26084600,0.732,15910000,0.737,49256200,0.738,63361300,0.739,85516800,0.74,60743000,0.741,43538900,50,0
sh513130,09:33:19,1765416803517,09:34:22,1765416802459,0.737,0.7374,-0.0542,5605.94,0.9075,2.3584,0,0,0.737,1.008,0.736,59639000,0.735,60849600,0.734,52971600,0.733,26084600,0.732,15910000,0.737,49256200,0.738,63361300,0.739,85516800,0.74,60743000,0.741,43538900,1058,0
sh513130,09:33:22,1765416804507,09:34:24,1765416804451,0.736,0.7374,-0.1899,5606.63,0.9075,2.2098,152500,112317,0.7365,0.99,0.736,62294200,0.735,60895700,0.734,53897100,0.733,23378900,0.732,19000000,0.737,43216700,0.738,60011200,0.739,85409300,0.74,72743400,0.741,43586900,56,0
sh513130,09:33:22,1765416805524,09:34:24,1765416804451,0.736,0.7374,-0.1899,5606.63,0.9075,6.5738,0,0,0.736,1.018,0.736,62294200,0.735,60895700,0.734,53897100,0.733,23378900,0.732,19000000,0.737,43216700,0.738,60011200,0.739,85409300,0.74,72743400,0.741,43586900,1073,0
sh513130,09:33:22,1765416806520,09:34:26,1765416806437,0.736,0.7374,-0.1899,5606.4,0.9075,6.3286,0,0,0.736,0.995,0.736,62294200,0.735,60895700,0.734,53897100,0.733,23378900,0.732,19000000,0.737,43216700,0.738,60011200,0.739,85409300,0.74,72743400,0.741,43586900,83,0
sh513130,09:33:25,1765416807511,09:34:26,1765416806437,0.736,0.7367,-0.095,5606.4,0.9075,4.0903,1362100,1002655,0.7361,0.991,0.736,73049600,0.735,62947500,0.734,42236700,0.733,23568900,0.732,19000000,0.737,40850300,0.738,60724100,0.739,86209300,0.74,73030900,0.741,43595700,1074,0
sh513130,09:33:25,1765416808555,09:34:28,1765416808493,0.736,0.7367,-0.095,5606.49,0.9075,3.9078,0,0,0.736,1.045,0.736,73049600,0.735,62947500,0.734,42236700,0.733,23568900,0.732,19000000,0.737,40850300,0.738,60724100,0.739,86209300,0.74,73030900,0.741,43595700,62,0
sh513130,09:33:25,1765416809516,09:34:28,1765416808493,0.736,0.7367,-0.095,5606.49,0.9075,6.5293,0,0,0.736,0.961,0.736,73049600,0.735,62947500,0.734,42236700,0.733,23568900,0.732,19000000,0.737,40850300,0.738,60724100,0.739,86209300,0.74,73030900,0.741,43595700,1023,0
sh513130,09:33:25,1765416810518,09:34:30,1765416810464,0.736,0.7367,-0.095,5607.57,0.9075,5.5906,0,0,0.736,1.002,0.736,73049600,0.735,62947500,0.734,42236700,0.733,23568900,0.732,19000000,0.737,40850300,0.738,60724100,0.739,86209300,0.74,73030900,0.741,43595700,54,0
sh513130,09:33:28,1765416811520,09:34:30,1765416810464,0.736,0.7367,-0.095,5607.57,0.9075,5.3697,857800,631373,0.736,1.002,0.736,72315700,0.735,65582700,0.734,42235700,0.733,23568900,0.732,18990000,0.737,29470500,0.738,60340800,0.739,85832100,0.74,76920700,0.741,43483100,1056,0
sh513130,09:33:31,1765416812528,09:34:32,1765416812500,0.736,0.7367,-0.095,5607.89,0.9075,4.8405,18470900,13612559,0.737,1.008,0.736,72415800,0.735,67875300,0.734,42524500,0.733,23644100,0.732,19013500,0.737,15463000,0.738,58509600,0.739,86972700,0.74,79080100,0.741,43455700,28,0
sh513130,09:33:31,1765416813520,09:34:32,1765416812500,0.736,0.7367,-0.095,5607.89,0.9075,4.4267,0,0,0.736,0.993,0.736,72415800,0.735,67875300,0.734,42524500,0.733,23644100,0.732,19013500,0.737,15463000,0.738,58509600,0.739,86972700,0.74,79080100,0.741,43455700,1020,0
sh513130,09:33:31,1765416814523,09:34:34,1765416814455,0.736,0.7367,-0.095,5608.44,0.9075,3.721,0,0,0.736,1.003,0.736,72415800,0.735,67875300,0.734,42524500,0.733,23644100,0.732,19013500,0.737,15463000,0.738,58509600,0.739,86972700,0.74,79080100,0.741,43455700,68,0
sh513130,09:33:31,1765416815524,09:34:34,1765416814455,0.736,0.7367,-0.095,5608.44,0.9075,2.8118,0,0,0.736,1.001,0.736,72415800,0.735,67875300,0.734,42524500,0.733,23644100,0.732,19013500,0.737,15463000,0.738,58509600,0.739,86972700,0.74,79080100,0.741,43455700,1069,0
sh513130,09:33:34,1765416816518,09:34:36,1765416816508,0.736,0.7367,-0.095,5609.16,0.9075,2.6782,4472000,3294689,0.7367,0.994,0.736,72848900,0.735,69775800,0.734,42886200,0.733,23645100,0.732,19245200,0.737,6698300,0.738,58599700,0.739,86162600,0.74,78996700,0.741,43414900,10,0
sh513130,09:33:34,1765416817523,09:34:36,1765416816508,0.736,0.7367,-0.095,5609.16,0.9075,2.3102,0,0,0.736,1.005,0.736,72848900,0.735,69775800,0.734,42886200,0.733,23645100,0.732,19245200,0.737,6698300,0.738,58599700,0.739,86162600,0.74,78996700,0.741,43414900,1015,0
sh513130,09:33:37,1765416818522,09:34:38,1765416818456,0.737,0.7374,-0.0542,5609.77,0.9075,2.9346,7715600,5686191,0.737,0.999,0.737,2515000,0.736,72890100,0.735,69735800,0.734,42909700,0.733,23696100,0.738,56824700,0.739,87211500,0.74,79150500,0.741,43414900,0.742,44416700,66,0
sh513130,09:33:37,1765416819520,09:34:38,1765416818633,0.737,0.7374,-0.0542,5609.77,0.9075,2.8104,0,0,0.737,0.998,0.737,2515000,0.736,72890100,0.735,69735800,0.734,42909700,0.733,23696100,0.738,56824700,0.739,87211500,0.74,79150500,0.741,43414900,0.742,44416700,887,0
sh513130,09:33:37,1765416820528,09:34:40,1765416820479,0.737,0.7374,-0.0542,5609.88,0.9075,2.2473,0,0,0.737,1.008,0.737,2515000,0.736,72890100,0.735,69735800,0.734,42909700,0.733,23696100,0.738,56824700,0.739,87211500,0.74,79150500,0.741,43414900,0.742,44416700,49,0
sh513130,09:33:40,1765416821529,09:34:40,1765416820784,0.737,0.7374,-0.0542,5609.88,0.9075,1.9329,2946200,2171350,0.737,1.001,0.736,75633300,0.735,69535000,0.734,46599700,0.733,23790100,0.732,19245200,0.737,1089400,0.738,58496000,0.739,87289000,0.74,79149400,0.741,43414900,745,0
sh513130,09:33:40,1765416822529,09:34:42,1765416822432,0.737,0.7374,-0.0542,5609.76,0.9075,2.0876,0,0,0.737,1.0,0.736,75633300,0.735,69535000,0.734,46599700,0.733,23790100,0.732,19245200,0.737,1089400,0.738,58496000,0.739,87289000,0.74,79149400,0.741,43414900,97,0
sh513130,09:33:37,1765416823531,09:34:42,1765416822938,0.737,0.7374,-0.0542,5609.76,0.9075,0.6519,0,0,0.737,1.002,0.737,2515000,0.736,72890100,0.735,69735800,0.734,42909700,0.733,23696100,0.738,56824700,0.739,87211500,0.74,79150500,0.741,43414900,0.742,44416700,593,0
sh513130,09:33:40,1765416824539,09:34:44,1765416824461,0.737,0.7374,-0.0542,5609.89,0.9075,1.4019,2946200,2171350,0.737,1.009,0.736,75633300,0.735,69535000,0.734,46599700,0.733,23790100,0.732,19245200,0.737,1089400,0.738,58496000,0.739,87289000,0.74,79149400,0.741,43414900,78,0
sh513130,09:33:43,1765416825540,09:34:44,1765416825092,0.737,0.7374,-0.0542,5609.89,0.9075,1.3327,131200,96671,0.7368,1.001,0.736,63562800,0.735,69727800,0.734,46999700,0.733,23810100,0.732,19245200,0.737,25136400,0.738,57557400,0.739,86986400,0.74,73863500,0.741,43412900,448,0
sh513130,09:33:43,1765416826540,09:34:46,1765416826460,0.737,0.7374,-0.0542,5609.21,0.9075,2.5344,0,0,0.737,1.0,0.736,63562800,0.735,69727800,0.734,46999700,0.733,23810100,0.732,19245200,0.737,25136400,0.738,57557400,0.739,86986400,0.74,73863500,0.741,43412900,80,0
sh513130,09:33:46,1765416827540,09:34:46,1765416827245,0.736,0.7374,-0.1899,5609.21,0.9075,2.3742,1402700,1032777,0.7363,1.0,0.736,75058700,0.735,71945400,0.734,46943300,0.733,23810100,0.732,19238400,0.737,7343000,0.738,57849800,0.739,86031400,0.74,73849600,0.741,43385800,295,0
sh513130,09:33:46,1765416828546,09:34:48,1765416828452,0.736,0.7374,-0.1899,5609.52,0.9075,2.5702,0,0,0.736,1.005,0.736,75058700,0.735,71945400,0.734,46943300,0.733,23810100,0.732,19238400,0.737,7343000,0.738,57849800,0.739,86031400,0.74,73849600,0.741,43385800,94,0
sh513130,09:33:46,1765416829539,09:34:48,1765416829394,0.736,0.7374,-0.1899,5609.52,0.9075,3.236,0,0,0.736,0.993,0.736,75058700,0.735,71945400,0.734,46943300,0.733,23810100,0.732,19238400,0.737,7343000,0.738,57849800,0.739,86031400,0.74,73849600,0.741,43385800,145,0
sh513130,09:33:46,1765416830541,09:34:50,1765416830431,0.736,0.7374,-0.1899,5609.39,0.9075,2.9253,0,0,0.736,1.002,0.736,75058700,0.735,71945400,0.734,46943300,0.733,23810100,0.732,19238400,0.737,7343000,0.738,57849800,0.739,86031400,0.74,73849600,0.741,43385800,110,0
sh513130,09:33:49,1765416831550,09:34:50,1765416831545,0.737,0.7374,-0.0542,5609.39,0.9075,3.174,12692200,9354151,0.737,1.01,0.736,75555500,0.735,71968700,0.734,46943300,0.733,23813200,0.732,19238400,0.737,15140800,0.738,58397800,0.739,87125000,0.74,74329600,0.741,43395800,5,0
sh513130,09:33:49,1765416832550,09:34:52,1765416832454,0.737,0.7374,-0.0542,5610.05,0.9075,2.813,0,0,0.737,1.0,0.736,75555500,0.735,71968700,0.734,46943300,0.733,23813200,0.732,19238400,0.737,15140800,0.738,58397800,0.739,87125000,0.74,74329600,0.741,43395800,96,0
sh513130,09:33:52,1765416833551,09:34:52,1765416832454,0.736,0.7374,-0.1899,5610.05,0.9075,3.122,575500,423624,0.7361,1.001,0.736,76281600,0.735,73641600,0.734,46943300,0.733,23878200,0.732,19238400,0.737,5337500,0.738,58777600,0.739,87126000,0.74,74050600,0.741,43192200,1097,0
sh513130,09:33:52,1765416834548,09:34:54,1765416834489,0.736,0.7374,-0.1899,5608.76,0.9075,2.5496,0,0,0.736,0.997,0.736,76281600,0.735,73641600,0.734,46943300,0.733,23878200,0.732,19238400,0.737,5337500,0.738,58777600,0.739,87126000,0.74,74050600,0.741,43192200,59,0
sh513130,09:33:52,1765416835544,09:34:54,1765416834489,0.736,0.7374,-0.1899,5608.76,0.9075,3.0983,0,0,0.736,0.996,0.736,76281600,0.735,73641600,0.734,46943300,0.733,23878200,0.732,19238400,0.737,5337500,0.738,58777600,0.739,87126000,0.74,74050600,0.741,43192200,1055,0
sh513130,09:33:52,1765416836551,09:34:56,1765416836460,0.736,0.7374,-0.1899,5611.37,0.9075,2.5809,0,0,0.736,1.007,0.736,76281600,0.735,73641600,0.734,46943300,0.733,23878200,0.732,19238400,0.737,5337500,0.738,58777600,0.739,87126000,0.74,74050600,0.741,43192200,91,0
sh513130,09:33:55,1765416837556,09:34:56,1765416836460,0.737,0.7374,-0.0542,5611.37,0.9075,2.3,3535800,2605647,0.7369,1.005,0.737,12614600,0.736,76365700,0.735,75716000,0.734,46969400,0.733,23888200,0.738,58609800,0.739,85878100,0.74,74534600,0.741,43243300,0.742,44646200,1096,0
sh513130,09:33:55,1765416838568,09:34:58,1765416838458,0.737,0.7374,-0.0542,5610.99,0.9075,2.8654,0,0,0.737,1.012,0.737,12614600,0.736,76365700,0.735,75716000,0.734,46969400,0.733,23888200,0.738,58609800,0.739,85878100,0.74,74534600,0.741,43243300,0.742,44646200,110,0
sh513130,09:33:58,1765416839560,09:34:58,1765416838458,0.737,0.7374,-0.0542,5610.99,0.9075,2.592,1017200,749677,0.737,0.993,0.737,24419500,0.736,68786600,0.735,76467200,0.734,46569400,0.733,23892100,0.738,57866200,0.739,87044800,0.74,74566700,0.741,46243300,0.742,44646200,1102,0
sh513130,09:33:58,1765416840560,09:35:00,1765416840459,0.737,0.7374,-0.0542,5611.38,0.9075,2.48,0,0,0.737,1.0,0.737,24419500,0.736,68786600,0.735,76467200,0.734,46569400,0.733,23892100,0.738,57866200,0.739,87044800,0.74,74566700,0.741,46243300,0.742,44646200,101,0
sh513130,09:33:58,1765416841562,09:35:00,1765416840459,0.737,0.7374,-0.0542,5611.38,0.9075,1.971,0,0,0.737,1.002,0.737,24419500,0.736,68786600,0.735,76467200,0.734,46569400,0.733,23892100,0.738,57866200,0.739,87044800,0.74,74566700,0.741,46243300,0.742,44646200,1103,0
sh513130,09:33:58,1765416842567,09:35:02,1765416842465,0.737,0.7374,-0.0542,5612.93,0.9075,3.3382,0,0,0.737,1.005,0.737,24419500,0.736,68786600,0.735,76467200,0.734,46569400,0.733,23892100,0.738,57866200,0.739,87044800,0.74,74566700,0.741,46243300,0.742,44646200,102,0
sh513130,09:34:01,1765416843561,09:35:02,1765416843281,0.737,0.7374,-0.0542,5612.93,0.9075,3.2019,961200,708411,0.737,0.994,0.737,30468700,0.736,68923500,0.735,75552700,0.734,46695400,0.733,23942100,0.738,58151100,0.739,86039900,0.74,79633400,0.741,45887300,0.742,44621200,280,0
sh513130,09:34:01,1765416844564,09:35:04,1765416844495,0.737,0.7374,-0.0542,5611.48,0.9075,3.0886,0,0,0.737,1.003,0.737,30468700,0.736,68923500,0.735,75552700,0.734,46695400,0.733,23942100,0.738,58151100,0.739,86039900,0.74,79633400,0.741,45887300,0.742,44621200,69,0
sh513130,09:34:01,1765416845567,09:35:04,1765416844495,0.737,0.7374,-0.0542,5611.48,0.9075,2.6844,0,0,0.737,1.003,0.737,30468700,0.736,68923500,0.735,75552700,0.734,46695400,0.733,23942100,0.738,58151100,0.739,86039900,0.74,79633400,0.741,45887300,0.742,44621200,1072,0
sh513130,09:34:04,1765416846569,09:35:06,1765416846487,0.736,0.7374,-0.1899,5611.69,0.9075,2.3309,7154100,5272344,0.737,1.002,0.736,77121000,0.735,76409700,0.734,47095400,0.733,23983100,0.732,19231300,0.737,17727900,0.738,61690600,0.739,86895100,0.74,80258200,0.741,43328200,82,0
sh513130,09:34:04,1765416847575,09:35:06,1765416846656,0.736,0.7374,-0.1899,5611.69,0.9075,1.9546,0,0,0.736,1.006,0.736,77121000,0.735,76409700,0.734,47095400,0.733,23983100,0.732,19231300,0.737,17727900,0.738,61690600,0.739,86895100,0.74,80258200,0.741,43328200,919,0
sh513130,09:34:04,1765416848569,09:35:08,1765416848491,0.736,0.7374,-0.1899,5611.89,0.9075,1.6396,0,0,0.736,0.994,0.736,77121000,0.735,76409700,0.734,47095400,0.733,23983100,0.732,19231300,0.737,17727900,0.738,61690600,0.739,86895100,0.74,80258200,0.741,43328200,78,0
sh513130,09:34:07,1765416849581,09:35:08,1765416848797,0.737,0.7374,-0.0542,5611.89,0.9075,1.5774,320000,235840,0.737,1.013,0.736,77760700,0.735,78274100,0.734,47295400,0.733,23965000,0.732,19231300,0.737,7611500,0.738,60957100,0.739,86905300,0.74,79932200,0.741,43511600,784,0
sh513130,09:34:07,1765416850575,09:35:10,1765416850492,0.737,0.7374,-0.0542,5611.77,0.9075,1.6627,0,0,0.737,0.993,0.736,77760700,0.735,78274100,0.734,47295400,0.733,23965000,0.732,19231300,0.737,7611500,0.738,60957100,0.739,86905300,0.74,79932200,0.741,43511600,83,0
sh513130,09:34:10,1765416851582,09:35:10,1765416850943,0.737,0.7374,-0.0542,5611.77,0.9075,1.6056,378100,278655,0.737,1.007,0.736,78472800,0.735,79150600,0.734,47322900,0.733,23945000,0.732,19231400,0.737,7473800,0.738,60700300,0.739,87143400,0.74,80943600,0.741,43511600,639,0
sh513130,09:34:07,1765416852579,09:35:12,1765416852484,0.737,0.7374,-0.0542,5611.86,0.9075,1.2714,0,0,0.737,0.998,0.736,77760700,0.735,78274100,0.734,47295400,0.733,23965000,0.732,19231300,0.737,7611500,0.738,60957100,0.739,86905300,0.74,79932200,0.741,43511600,95,0
sh513130,09:34:10,1765416853587,09:35:12,1765416853092,0.737,0.7374,-0.0542,5611.86,0.9075,1.2085,378100,278655,0.737,1.008,0.736,78472800,0.735,79150600,0.734,47322900,0.733,23945000,0.732,19231400,0.737,7473800,0.738,60700300,0.739,87143400,0.74,80943600,0.741,43511600,495,0
sh513130,09:34:10,1765416854580,09:35:14,1765416854519,0.737,0.7374,-0.0542,5612.39,0.9075,1.8525,0,0,0.737,0.992,0.736,78472800,0.735,79150600,0.734,47322900,0.733,23945000,0.732,19231400,0.737,7473800,0.738,60700300,0.739,87143400,0.74,80943600,0.741,43511600,61,0
sh513130,09:34:13,1765416855594,09:35:14,1765416855262,0.737,0.7374,-0.0542,5612.39,0.9075,1.7578,1421300,1047381,0.7369,1.014,0.736,79663000,0.735,80929300,0.734,47317900,0.733,24419700,0.732,19271400,0.737,7065600,0.738,61193300,0.739,87048400,0.74,81196600,0.741,43444100,332,0
sh513130,09:34:13,1765416856589,09:35:16,1765416856455,0.737,0.7374,-0.0542,5612.06,0.9075,3.9937,0,0,0.737,0.995,0.736,79663000,0.735,80929300,0.734,47317900,0.733,24419700,0.732,19271400,0.737,7065600,0.738,61193300,0.739,87048400,0.74,81196600,0.741,43444100,134,0
sh513130,09:34:13,1765416857589,09:35:16,1765416857409,0.737,0.7374,-0.0542,5612.06,0.9075,0.5241,0,0,0.737,1.0,0.736,79663000,0.735,80929300,0.734,47317900,0.733,24419700,0.732,19271400,0.737,7065600,0.738,61193300,0.739,87048400,0.74,81196600,0.741,43444100,180,0
sh513130,09:34:16,1765416858589,09:35:18,1765416858512,0.737,0.7374,-0.0542,5613.46,0.9075,1.1487,6190800,4562387,0.737,1.0,0.737,8060900,0.736,80641200,0.735,80931300,0.734,47406300,0.733,24375500,0.738,57285100,0.739,87341900,0.74,81654600,0.741,46213100,0.742,45034200,77,0
sh513130,09:34:16,1765416859588,09:35:18,1765416859557,0.737,0.7374,-0.0542,5613.46,0.9075,1.0917,0,0,0.737,1.0,0.737,8060900,0.736,80641200,0.735,80931300,0.734,47406300,0.733,24375500,0.738,57285100,0.739,87341900,0.74,81654600,0.741,46213100,0.742,45034200,31,0
sh513130,09:34:16,1765416860589,09:35:20,1765416860546,0.737,0.7374,-0.0542,5612.77,0.9075,2.7888,0,0,0.737,1.001,0.737,8060900,0.736,80641200,0.735,80931300,0.734,47406300,0.733,24375500,0.738,57285100,0.739,87341900,0.74,81654600,0.741,46213100,0.742,45034200,43,0
sh513130,09:34:19,1765416861588,09:35:20,1765416860546,0.737,0.7374,-0.0542,5612.77,0.9075,1.8752,288200,212404,0.737,0.999,0.737,25577200,0.736,67369500,0.735,76811600,0.734,42002000,0.733,24361200,0.738,53922200,0.739,82210000,0.74,76714800,0.741,46213100,0.742,45034200,1042,0
sh513130,09:34:19,1765416862589,09:35:22,1765416862474,0.737,0.7374,-0.0542,5612.48,0.9075,1.7445,0,0,0.737,1.001,0.737,25577200,0.736,67369500,0.735,76811600,0.734,42002000,0.733,24361200,0.738,53922200,0.739,82210000,0.74,76714800,0.741,46213100,0.742,45034200,115,0
sh513130,09:34:19,1765416863594,09:35:22,1765416862474,0.737,0.7374,-0.0542,5612.48,0.9075,1.0756,0,0,0.737,1.005,0.737,25577200,0.736,67369500,0.735,76811600,0.734,42002000,0.733,24361200,0.738,53922200,0.739,82210000,0.74,76714800,0.741,46213100,0.742,45034200,1120,0
sh513130,09:34:19,1765416864601,09:35:24,1765416864443,0.737,0.7374,-0.0542,5613.4,0.9075,1.0222,0,0,0.737,1.006,0.737,25577200,0.736,67369500,0.735,76811600,0.734,42002000,0.733,24361200,0.738,53922200,0.739,82210000,0.74,76714800,0.741,46213100,0.742,45034200,158,0
sh513130,09:34:22,1765416865604,09:35:24,1765416864443,0.737,0.7374,-0.0542,5613.4,0.9075,1.0087,1239900,913806,0.737,1.004,0.737,24418300,0.736,68481900,0.735,78600200,0.734,41995100,0.733,24371200,0.738,53918900,0.739,81235500,0.74,76794900,0.741,46199600,0.742,45261300,1161,0
sh513130,09:34:22,1765416866600,09:35:26,1765416866442,0.737,0.7374,-0.0542,5613.77,0.9075,2.0047,0,0,0.737,0.996,0.737,24418300,0.736,68481900,0.735,78600200,0.734,41995100,0.733,24371200,0.738,53918900,0.739,81235500,0.74,76794900,0.741,46199600,0.742,45261300,158,0
sh513130,09:34:25,1765416867600,09:35:26,1765416866442,0.737,0.7374,-0.0542,5613.77,0.9075,1.907,11974500,8825508,0.737,1.0,0.737,23793100,0.736,67709200,0.735,78702200,0.734,42413100,0.733,24376200,0.738,55022500,0.739,81235500,0.74,76846800,0.741,46199600,0.742,45261300,1158,0
sh513130,09:34:25,1765416868608,09:35:28,1765416868442,0.737,0.7374,-0.0542,5612.77,0.9075,1.5506,0,0,0.737,1.008,0.737,23793100,0.736,67709200,0.735,78702200,0.734,42413100,0.733,24376200,0.738,55022500,0.739,81235500,0.74,76846800,0.741,46199600,0.742,45261300,166,0
sh513130,09:34:25,1765416869608,09:35:28,1765416868442,0.737,0.7374,-0.0542,5612.77,0.9075,2.4283,0,0,0.737,1.0,0.737,23793100,0.736,67709200,0.735,78702200,0.734,42413100,0.733,24376200,0.738,55022500,0.739,81235500,0.74,76846800,0.741,46199600,0.742,45261300,1166,0
sh513130,09:34:28,1765416870615,09:35:30,1765416870444,0.737,0.7374,-0.0542,5612.88,0.9075,2.8148,792200,584395,0.7377,1.007,0.737,21515700,0.736,67236500,0.735,79630800,0.734,42453100,0.733,24669300,0.738,54473700,0.739,81250000,0.74,75870300,0.741,46215300,0.742,45261300,171,0
sh513130,09:34:28,1765416871604,09:35:30,1765416870444,0.737,0.7374,-0.0542,5612.88,0.9075,1.615,0,0,0.737,0.989,0.737,21515700,0.736,67236500,0.735,79630800,0.734,42453100,0.733,24669300,0.738,54473700,0.739,81250000,0.74,75870300,0.741,46215300,0.742,45261300,1160,0
sh513130,09:34:28,1765416872612,09:35:32,1765416872514,0.737,0.7374,-0.0542,5610.12,0.9075,2.4914,0,0,0.737,1.008,0.737,21515700,0.736,67236500,0.735,79630800,0.734,42453100,0.733,24669300,0.738,54473700,0.739,81250000,0.74,75870300,0.741,46215300,0.742,45261300,98,0
sh513130,09:34:31,1765416873614,09:35:32,1765416872514,0.737,0.7374,-0.0542,5610.12,0.9075,0.5449,882100,650108,0.737,1.002,0.737,19258300,0.736,68683600,0.735,79630800,0.734,43318600,0.733,24589800,0.738,58154500,0.739,82591900,0.74,76885300,0.741,43777100,0.742,45271300,1100,0
sh513130,09:34:31,1765416874618,09:35:34,1765416874437,0.737,0.7374,-0.0542,5609.95,0.9075,4.7986,0,0,0.737,1.004,0.737,19258300,0.736,68683600,0.735,79630800,0.734,43318600,0.733,24589800,0.738,58154500,0.739,82591900,0.74,76885300,0.741,43777100,0.742,45271300,181,0
sh513130,09:34:31,1765416875627,09:35:34,1765416874661,0.737,0.7374,-0.0542,5609.95,0.9075,4.8326,0,0,0.737,1.008,0.737,19258300,0.736,68683600,0.735,79630800,0.734,43318600,0.733,24589800,0.738,58154500,0.739,82591900,0.74,76885300,0.741,43777100,0.742,45271300,966,0
sh513130,09:34:34,1765416876618,09:35:36,1765416876474,0.737,0.7374,-0.0542,5609.89,0.9075,5.2404,10186000,7507017,0.737,0.991,0.736,55939700,0.735,60730800,0.734,56181700,0.733,27552500,0.732,19347800,0.737,34465300,0.738,51687800,0.739,83321400,0.74,75909900,0.741,43827100,144,0
sh513130,09:34:34,1765416877625,09:35:36,1765416876821,0.737,0.7374,-0.0542,5609.89,0.9075,5.0261,0,0,0.737,1.007,0.736,55939700,0.735,60730800,0.734,56181700,0.733,27552500,0.732,19347800,0.737,34465300,0.738,51687800,0.739,83321400,0.74,75909900,0.741,43827100,804,0
sh513130,09:34:34,1765416878619,09:35:38,1765416878451,0.737,0.7374,-0.0542,5610.16,0.9075,5.4565,0,0,0.737,0.994,0.736,55939700,0.735,60730800,0.734,56181700,0.733,27552500,0.732,19347800,0.737,34465300,0.738,51687800,0.739,83321400,0.74,75909900,0.741,43827100,168,0
sh513130,09:34:34,1765416879619,09:35:38,1765416878976,0.737,0.7374,-0.0542,5610.16,0.9075,6.1835,0,0,0.737,1.0,0.736,55939700,0.735,60730800,0.734,56181700,0.733,27552500,0.732,19347800,0.737,34465300,0.738,51687800,0.739,83321400,0.74,75909900,0.741,43827100,643,0
sh513130,09:34:37,1765416880617,09:35:40,1765416880465,0.737,0.7374,-0.0542,5607.61,0.9075,5.5303,146000,107575,0.7368,0.998,0.736,70988300,0.735,60735800,0.734,45049600,0.733,24552500,0.732,19347800,0.737,34046600,0.738,51188500,0.739,83550400,0.74,75509900,0.741,43829900,152,0
sh513130,09:34:37,1765416881623,09:35:40,1765416881133,0.737,0.7374,-0.0542,5607.61,0.9075,4.871,0,0,0.737,1.006,0.736,70988300,0.735,60735800,0.734,45049600,0.733,24552500,0.732,19347800,0.737,34046600,0.738,51188500,0.739,83550400,0.74,75509900,0.741,43829900,490,0
sh513130,09:34:40,1765416882624,09:35:42,1765416882490,0.736,0.7374,-0.1899,5609.39,0.9075,5.9719,3519300,2593704,0.737,1.001,0.736,59253800,0.735,60835800,0.734,57912700,0.733,24533800,0.732,19347800,0.737,33735900,0.738,51500900,0.739,83600300,0.74,75509900,0.741,43853100,134,0
sh513130,09:34:40,1765416883634,09:35:42,1765416883290,0.736,0.7374,-0.1899,5609.39,0.9075,5.7458,0,0,0.736,1.01,0.736,59253800,0.735,60835800,0.734,57912700,0.733,24533800,0.732,19347800,0.737,33735900,0.738,51500900,0.739,83600300,0.74,75509900,0.741,43853100,344,0
sh513130,09:34:40,1765416884634,09:35:44,1765416884457,0.736,0.7374,-0.1899,5607.52,0.9075,4.4697,0,0,0.736,0.999,0.736,59253800,0.735,60835800,0.734,57912700,0.733,24533800,0.732,19347800,0.737,33735900,0.738,51500900,0.739,83600300,0.74,75509900,0.741,43853100,177,0
sh513130,09:34:43,1765416885627,09:35:44,1765416885439,0.737,0.7374,-0.0542,5607.52,0.9075,4.485,374000,275306,0.7361,0.994,0.736,58022500,0.735,60985800,0.734,58778200,0.733,24534000,0.732,19307800,0.737,33866300,0.738,51724000,0.739,84630300,0.74,75504400,0.741,44806200,188,0
sh513130,09:34:43,1765416886643,09:35:46,1765416886449,0.737,0.7374,-0.0542,5609.33,0.9075,3.7267,0,0,0.737,1.015,0.736,58022500,0.735,60985800,0.734,58778200,0.733,24534000,0.732,19307800,0.737,33866300,0.738,51724000,0.739,84630300,0.74,75504400,0.741,44806200,194,0
sh513130,09:34:43,1765416887634,09:35:46,1765416887599,0.737,0.7374,-0.0542,5609.33,0.9075,3.9467,0,0,0.737,0.992,0.736,58022500,0.735,60985800,0.734,58778200,0.733,24534000,0.732,19307800,0.737,33866300,0.738,51724000,0.739,84630300,0.74,75504400,0.741,44806200,35,0
sh513130,09:34:46,1765416888640,09:35:48,1765416888507,0.737,0.7367,0.0407,5609.12,0.9075,3.979,231300,170432,0.7368,1.005,0.736,56784400,0.735,61202900,0.734,60673700,0.733,24535000,0.732,19307800,0.737,35318800,0.738,56195800,0.739,88660300,0.74,75809200,0.741,44806200,133,0
sh513130,09:34:46,1765416889639,09:35:48,1765416888507,0.737,0.7367,0.0407,5609.12,0.9075,2.9844,0,0,0.737,0.999,0.736,56784400,0.735,61202900,0.734,60673700,0.733,24535000,0.732,19307800,0.737,35318800,0.738,56195800,0.739,88660300,0.74,75809200,0.741,44806200,1132,0
sh513130,09:34:49,1765416890638,09:35:50,1765416890455,0.736,0.7367,-0.095,5608.11,0.9075,2.5135,363500,267649,0.7363,0.999,0.736,63715500,0.735,55895200,0.734,45051100,0.733,24535000,0.732,19331400,0.737,29745900,0.738,53128300,0.739,84391900,0.74,75798500,0.741,44806200,183,0
sh513130,09:34:46,1765416891633,09:35:50,1765416890455,0.737,0.7367,0.0407,5608.11,0.9075,2.3413,0,0,0.737,0.995,0.736,56784400,0.735,61202900,0.734,60673700,0.733,24535000,0.732,19307800,0.737,35318800,0.738,56195800,0.739,88660300,0.74,75809200,0.741,44806200,1178,0
sh513130,09:34:49,1765416892638,09:35:52,1765416892478,0.736,0.7367,-0.095,5609.87,0.9075,3.8039,363500,267649,0.7363,1.005,0.736,63715500,0.735,55895200,0.734,45051100,0.733,24535000,0.732,19331400,0.737,29745900,0.738,53128300,0.739,84391900,0.74,75798500,0.741,44806200,160,0
sh513130,09:34:49,1765416893637,09:35:52,1765416892478,0.736,0.7367,-0.095,5609.87,0.9075,2.5273,0,0,0.736,0.999,0.736,63715500,0.735,55895200,0.734,45051100,0.733,24535000,0.732,19331400,0.737,29745900,0.738,53128300,0.739,84391900,0.74,75798500,0.741,44806200,1159,0
sh513130,09:34:52,1765416894646,09:35:54,1765416894445,0.737,0.7367,0.0407,5609.95,0.9075,2.645,2048800,1508964,0.7365,1.008,0.736,71982400,0.735,56709700,0.734,44020600,0.733,24535000,0.732,19331700,0.737,32741800,0.738,53129300,0.739,84416900,0.74,75839000,0.741,44856200,201,0
sh513130,09:34:52,1765416895651,09:35:54,1765416894445,0.737,0.7367,0.0407,5609.95,0.9075,2.6775,0,0,0.737,1.006,0.736,71982400,0.735,56709700,0.734,44020600,0.733,24535000,0.732,19331700,0.737,32741800,0.738,53129300,0.739,84416900,0.74,75839000,0.741,44856200,1206,0
sh513130,09:34:52,1765416896650,09:35:56,1765416896437,0.737,0.7367,0.0407,5608.82,0.9075,2.5284,0,0,0.737,0.999,0.736,71982400,0.735,56709700,0.734,44020600,0.733,24535000,0.732,19331700,0.737,32741800,0.738,53129300,0.739,84416900,0.74,75839000,0.741,44856200,213,0
sh513130,09:34:55,1765416897650,09:35:56,1765416896437,0.737,0.7374,-0.0542,5608.82,0.9075,4.0091,1722400,1267687,0.736,1.0,0.736,58183300,0.735,57004000,0.734,56018200,0.733,24535000,0.732,19331700,0.737,36893800,0.738,53285300,0.739,84586600,0.74,75712300,0.741,44856200,1213,0
sh513130,09:34:55,1765416898655,09:35:58,1765416898439,0.737,0.7374,-0.0542,5609.71,0.9075,3.8294,0,0,0.737,1.005,0.736,58183300,0.735,57004000,0.734,56018200,0.733,24535000,0.732,19331700,0.737,36893800,0.738,53285300,0.739,84586600,0.74,75712300,0.741,44856200,216,0
sh513130,09:34:55,1765416899651,09:35:58,1765416898439,0.737,0.7374,-0.0542,5609.71,0.9075,3.2358,0,0,0.737,0.996,0.736,58183300,0.735,57004000,0.734,56018200,0.733,24535000,0.732,19331700,0.737,36893800,0.738,53285300,0.739,84586600,0.74,75712300,0.741,44856200,1212,0
sh513130,09:34:58,1765416900669,09:36:00,1765416900540,0.737,0.7374,-0.0542,5609.13,0.9075,2.6859,68800,50694,0.7368,1.018,0.736,71032300,0.735,57868900,0.734,44020600,0.733,24535000,0.732,19331700,0.737,37509200,0.738,53397800,0.739,84253100,0.74,75790100,0.741,44856200,129,0
sh513130,09:34:58,1765416901666,09:36:00,1765416900540,0.737,0.7374,-0.0542,5609.13,0.9075,2.4479,0,0,0.737,0.997,0.736,71032300,0.735,57868900,0.734,44020600,0.733,24535000,0.732,19331700,0.737,37509200,0.738,53397800,0.739,84253100,0.74,75790100,0.741,44856200,1126,0
sh513130,09:34:58,1765416902665,09:36:02,1765416902433,0.737,0.7374,-0.0542,5608.98,0.9075,1.5093,0,0,0.737,0.999,0.736,71032300,0.735,57868900,0.734,44020600,0.733,24535000,0.732,19331700,0.737,37509200,0.738,53397800,0.739,84253100,0.74,75790100,0.741,44856200,232,0
sh513130,09:35:01,1765416903657,09:36:02,1765416903278,0.737,0.7374,-0.0542,5608.98,0.9075,4.2521,239500,176370,0.7364,0.992,0.736,52514300,0.735,56276000,0.734,56018200,0.733,37015000,0.732,19531700,0.737,39611500,0.738,54238800,0.739,84319100,0.74,75834100,0.741,44861200,379,0
sh513130,09:35:01,1765416904650,09:36:04,1765416904490,0.737,0.7374,-0.0542,5608.56,0.9075,3.2599,0,0,0.737,0.993,0.736,52514300,0.735,56276000,0.734,56018200,0.733,37015000,0.732,19531700,0.737,39611500,0.738,54238800,0.739,84319100,0.74,75834100,0.741,44861200,160,0
sh513130,09:35:01,1765416905658,09:36:04,1765416904855,0.737,0.7374,-0.0542,5608.56,0.9075,2.6051,0,0,0.737,1.008,0.736,52514300,0.735,56276000,0.734,56018200,0.733,37015000,0.732,19531700,0.737,39611500,0.738,54238800,0.739,84319100,0.74,75834100,0.741,44861200,803,0
sh513130,09:35:04,1765416906658,09:36:06,1765416906439,0.736,0.7374,-0.1899,5608.08,0.9075,2.0677,2329100,1716447,0.737,1.0,0.736,82752700,0.735,79563500,0.734,44121600,0.733,32640000,0.732,19533700,0.737,58270600,0.738,78072300,0.739,84309700,0.74,75840200,0.741,44841200,219,0
sh513130,09:35:04,1765416907664,09:36:06,1765416907005,0.736,0.7374,-0.1899,5608.08,0.9075,3.5646,0,0,0.736,1.006,0.736,82752700,0.735,79563500,0.734,44121600,0.733,32640000,0.732,19533700,0.737,58270600,0.738,78072300,0.739,84309700,0.74,75840200,0.741,44841200,659,0
sh513130,09:35:04,1765416908702,09:36:08,1765416908444,0.736,0.7374,-0.1899,5607.89,0.9075,3.4008,0,0,0.736,1.038,0.736,82752700,0.735,79563500,0.734,44121600,0.733,32640000,0.732,19533700,0.737,58270600,0.738,78072300,0.739,84309700,0.74,75840200,0.741,44841200,258,0
sh513130,09:35:07,1765416909665,09:36:08,1765416909163,0.736,0.7374,-0.1899,5607.89,0.9075,1.819,5340000,3935256,0.7369,0.963,0.736,82247600,0.735,79708500,0.734,56984700,0.733,32655800,0.732,19533700,0.737,53110400,0.738,77947900,0.739,84361100,0.74,75854200,0.741,44841200,502,0
sh513130,09:35:07,1765416910672,09:36:10,1765416910458,0.736,0.7374,-0.1899,5607.94,0.9075,3.2655,0,0,0.736,1.007,0.736,82247600,0.735,79708500,0.734,56984700,0.733,32655800,0.732,19533700,0.737,53110400,0.738,77947900,0.739,84361100,0.74,75854200,0.741,44841200,214,0
sh513130,09:35:10,1765416911666,09:36:10,1765416911330,0.736,0.7374,-0.1899,5607.94,0.9075,3.1996,2570100,1893630,0.7368,0.994,0.736,83721800,0.735,79730500,0.734,58915700,0.733,29906800,0.732,19633700,0.737,54912500,0.738,90139000,0.739,84411100,0.74,60854600,0.741,44811200,336,0
sh513130,09:35:10,1765416912668,09:36:12,1765416912436,0.736,0.7374,-0.1899,5607.4,0.9075,3.05,0,0,0.736,1.002,0.736,83721800,0.735,79730500,0.734,58915700,0.733,29906800,0.732,19633700,0.737,54912500,0.738,90139000,0.739,84411100,0.74,60854600,0.741,44811200,232,0
sh513130,09:35:10,1765416913673,09:36:12,1765416913483,0.736,0.7374,-0.1899,5607.4,0.9075,0.3482,0,0,0.736,1.005,0.736,83721800,0.735,79730500,0.734,58915700,0.733,29906800,0.732,19633700,0.737,54912500,0.738,90139000,0.739,84411100,0.74,60854600,0.741,44811200,190,0
sh513130,09:35:13,1765416914674,09:36:14,1765416914460,0.736,0.7374,-0.1899,5607.56,0.9075,0.3308,939500,691769,0.7363,1.001,0.736,96502800,0.735,79756100,0.734,45062600,0.733,29893200,0.732,19638700,0.737,53658400,0.738,78154400,0.739,84554400,0.74,75986400,0.741,44768200,214,0
sh513130,09:35:13,1765416915673,09:36:14,1765416915632,0.736,0.7374,-0.1899,5607.56,0.9075,-0.3274,0,0,0.736,0.999,0.736,96502800,0.735,79756100,0.734,45062600,0.733,29893200,0.732,19638700,0.737,53658400,0.738,78154400,0.739,84554400,0.74,75986400,0.741,44768200,41,0
sh513130,09:35:13,1765416916680,09:36:16,1765416916550,0.736,0.7374,-0.1899,5609.11,0.9075,3.3358,0,0,0.736,1.007,0.736,96502800,0.735,79756100,0.734,45062600,0.733,29893200,0.732,19638700,0.737,53658400,0.738,78154400,0.739,84554400,0.74,75986400,0.741,44768200,130,0
sh513130,09:35:13,1765416917684,09:36:16,1765416916550,0.736,0.7374,-0.1899,5609.11,0.9075,2.7998,0,0,0.736,1.004,0.736,96502800,0.735,79756100,0.734,45062600,0.733,29893200,0.732,19638700,0.737,53658400,0.738,78154400,0.739,84554400,0.74,75986400,0.741,44768200,1134,0
sh513130,09:35:16,1765416918674,09:36:18,1765416918530,0.737,0.7374,-0.0542,5609.68,0.9075,2.2272,945500,696246,0.7364,0.99,0.736,96023100,0.735,81780400,0.734,43204100,0.733,29893200,0.732,19639700,0.737,29167600,0.738,86364500,0.739,92478200,0.74,76505400,0.741,44748200,144,0
sh513130,09:35:16,1765416919683,09:36:18,1765416918530,0.737,0.7374,-0.0542,5609.68,0.9075,4.7637,0,0,0.737,1.009,0.736,96023100,0.735,81780400,0.734,43204100,0.733,29893200,0.732,19639700,0.737,29167600,0.738,86364500,0.739,92478200,0.74,76505400,0.741,44748200,1153,0
sh513130,09:35:16,1765416920682,09:36:20,1765416920443,0.737,0.7374,-0.0542,5609.59,0.9075,3.9075,0,0,0.737,0.999,0.736,96023100,0.735,81780400,0.734,43204100,0.733,29893200,0.732,19639700,0.737,29167600,0.738,86364500,0.739,92478200,0.74,76505400,0.741,44748200,239,0
sh513130,09:35:19,1765416921688,09:36:20,1765416920443,0.736,0.7374,-0.1899,5609.59,0.9075,3.266,6606700,4869108,0.737,1.006,0.736,96541200,0.735,81870900,0.734,44275100,0.733,29893200,0.732,19639700,0.737,25017800,0.738,86589600,0.739,106766700,0.74,76581100,0.741,44749200,1245,0
sh513130,09:35:19,1765416922687,09:36:22,1765416922488,0.736,0.7374,-0.1899,5610.73,0.9075,3.77,0,0,0.736,0.999,0.736,96541200,0.735,81870900,0.734,44275100,0.733,29893200,0.732,19639700,0.737,25017800,0.738,86589600,0.739,106766700,0.74,76581100,0.741,44749200,199,0
sh513130,09:35:19,1765416923686,09:36:22,1765416922488,0.736,0.7374,-0.1899,5610.73,0.9075,2.2315,0,0,0.736,0.999,0.736,96541200,0.735,81870900,0.734,44275100,0.733,29893200,0.732,19639700,0.737,25017800,0.738,86589600,0.739,106766700,0.74,76581100,0.741,44749200,1198,0
sh513130,09:35:22,1765416924685,09:36:24,1765416924480,0.737,0.7374,-0.0542,5610.92,0.9075,1.1259,5620400,4140691,0.7367,0.999,0.737,17271200,0.736,95075800,0.735,83765300,0.734,44275100,0.733,29893200,0.738,87210800,0.739,105766700,0.74,76522300,0.741,44749200,0.742,43439200,205,0
sh513130,09:35:22,1765416925687,09:36:24,1765416924480,0.737,0.7374,-0.0542,5610.92,0.9075,1.3378,0,0,0.737,1.002,0.737,17271200,0.736,95075800,0.735,83765300,0.734,44275100,0.733,29893200,0.738,87210800,0.739,105766700,0.74,76522300,0.741,44749200,0.742,43439200,1207,0
sh513130,09:35:22,1765416926699,09:36:26,1765416926493,0.737,0.7374,-0.0542,5611.92,0.9075,1.2717,0,0,0.737,1.012,0.737,17271200,0.736,95075800,0.735,83765300,0.734,44275100,0.733,29893200,0.738,87210800,0.739,105766700,0.74,76522300,0.741,44749200,0.742,43439200,206,0
sh513130,09:35:25,1765416927689,09:36:26,1765416926493,0.736,0.7374,-0.1899,5611.92,0.9075,1.9827,2587900,1907279,0.737,0.99,0.736,98043800,0.735,84669700,0.734,44309000,0.733,29907900,0.732,19639700,0.737,11427700,0.738,94098400,0.739,111793700,0.74,81529300,0.741,49751200,1196,0
sh513130,09:35:25,1765416928687,09:36:28,1765416928551,0.736,0.7374,-0.1899,5609.75,0.9075,3.1561,0,0,0.736,0.998,0.736,98043800,0.735,84669700,0.734,44309000,0.733,29907900,0.732,19639700,0.737,11427700,0.738,94098400,0.739,111793700,0.74,81529300,0.741,49751200,136,0
sh513130,09:35:25,1765416929698,09:36:28,1765416928551,0.736,0.7374,-0.1899,5609.75,0.9075,3.0837,0,0,0.736,1.011,0.736,98043800,0.735,84669700,0.734,44309000,0.733,29907900,0.732,19639700,0.737,11427700,0.738,94098400,0.739,111793700,0.74,81529300,0.741,49751200,1147,0
sh513130,09:35:28,1765416930704,09:36:30,1765416930702,0.737,0.7374,-0.0542,5609.72,0.9075,2.9859,2867500,2113300,0.737,1.005,0.736,98158100,0.735,84524100,0.734,44309000,0.733,29907900,0.732,19639700,0.737,36097000,0.738,92972800,0.739,110865600,0.74,81175300,0.741,49751200,2,0
sh513130,09:35:28,1765416931693,09:36:30,1765416930702,0.737,0.7374,-0.0542,5609.72,0.9075,3.6274,0,0,0.737,0.989,0.736,98158100,0.735,84524100,0.734,44309000,0.733,29907900,0.732,19639700,0.737,36097000,0.738,92972800,0.739,110865600,0.74,81175300,0.741,49751200,991,0
sh513130,09:35:31,1765416932699,09:36:32,1765416932516,0.737,0.7374,-0.0542,5608.21,0.9075,2.7548,2793200,2057967,0.7368,1.006,0.736,86699000,0.735,80207100,0.734,56317400,0.733,29907900,0.732,19839700,0.737,48841600,0.738,84708300,0.739,110905600,0.74,81110300,0.741,49626100,183,0
sh513130,09:35:31,1765416933697,09:36:32,1765416932854,0.737,0.7374,-0.0542,5608.21,0.9075,2.79,0,0,0.737,0.999,0.736,86699000,0.735,80207100,0.734,56317400,0.733,29907900,0.732,19839700,0.737,48841600,0.738,84708300,0.739,110905600,0.74,81110300,0.741,49626100,843,0
sh513130,09:35:31,1765416934700,09:36:34,1765416934474,0.737,0.7374,-0.0542,5608.65,0.9075,3.0962,0,0,0.737,1.003,0.736,86699000,0.735,80207100,0.734,56317400,0.733,29907900,0.732,19839700,0.737,48841600,0.738,84708300,0.739,110905600,0.74,81110300,0.741,49626100,226,0
sh513130,09:35:31,1765416935701,09:36:34,1765416935008,0.737,0.7374,-0.0542,5608.65,0.9075,2.9726,0,0,0.737,1.0,0.736,86699000,0.735,80207100,0.734,56317400,0.733,29907900,0.732,19839700,0.737,48841600,0.738,84708300,0.739,110905600,0.74,81110300,0.741,49626100,693,0
sh513130,09:35:34,1765416936702,09:36:36,1765416936465,0.736,0.7374,-0.1899,5609.47,0.9075,3.8773,1128100,831337,0.7369,1.001,0.736,99085700,0.735,81104900,0.734,44319800,0.733,29907900,0.732,19839700,0.737,39315300,0.738,93026800,0.739,110973100,0.74,81120300,0.741,49746100,237,0
sh513130,09:35:34,1765416937715,09:36:36,1765416937160,0.736,0.7374,-0.1899,5609.47,0.9075,3.0745,0,0,0.736,1.014,0.736,99085700,0.735,81104900,0.734,44319800,0.733,29907900,0.732,19839700,0.737,39315300,0.738,93026800,0.739,110973100,0.74,81120300,0.741,49746100,555,0
sh513130,09:35:34,1765416938708,09:36:38,1765416938444,0.736,0.7374,-0.1899,5610.13,0.9075,2.93,0,0,0.736,0.993,0.736,99085700,0.735,81104900,0.734,44319800,0.733,29907900,0.732,19839700,0.737,39315300,0.738,93026800,0.739,110973100,0.74,81120300,0.741,49746100,264,0
sh513130,09:35:37,1765416939706,09:36:38,1765416939318,0.737,0.7374,-0.0542,5610.13,0.9075,3.5754,1108700,816090,0.7361,0.998,0.736,98764000,0.735,82019200,0.734,44315400,0.733,29910900,0.732,19851900,0.737,38620100,0.738,93224300,0.739,109551400,0.74,81509600,0.741,49756800,388,0
sh513130,09:35:37,1765416940717,09:36:40,1765416940448,0.737,0.7374,-0.0542,5610.91,0.9075,3.0314,0,0,0.737,1.011,0.736,98764000,0.735,82019200,0.734,44315400,0.733,29910900,0.732,19851900,0.737,38620100,0.738,93224300,0.739,109551400,0.74,81509600,0.741,49756800,269,0
sh513130,09:35:37,1765416941707,09:36:40,1765416941465,0.737,0.7374,-0.0542,5610.91,0.9075,4.9226,0,0,0.737,0.99,0.736,98764000,0.735,82019200,0.734,44315400,0.733,29910900,0.732,19851900,0.737,38620100,0.738,93224300,0.739,109551400,0.74,81509600,0.741,49756800,242,0
sh513130,09:35:37,1765416942715,09:36:42,1765416942447,0.737,0.7374,-0.0542,5610.8,0.9075,5.1161,0,0,0.737,1.008,0.736,98764000,0.735,82019200,0.734,44315400,0.733,29910900,0.732,19851900,0.737,38620100,0.738,93224300,0.739,109551400,0.74,81509600,0.741,49756800,268,0
sh513130,09:35:40,1765416943716,09:36:42,1765416943622,0.737,0.7374,-0.0542,5610.8,0.9075,4.1658,6845200,5044913,0.737,1.002,0.737,26638100,0.736,98983700,0.735,83893500,0.734,44241400,0.733,29888200,0.738,93233000,0.739,109549900,0.74,81615600,0.741,49422000,0.742,44552600,94,0
sh513130,09:35:43,1765416944718,09:36:44,1765416944505,0.737,0.7374,-0.0542,5611.67,0.9075,5.2272,1349400,994508,0.737,1.001,0.737,64031600,0.736,98299200,0.735,83823100,0.734,36461400,0.733,29888200,0.738,94993600,0.739,110576000,0.74,81654900,0.741,49670300,0.742,44552600,213,0
sh513130,09:35:43,1765416945722,09:36:44,1765416944505,0.737,0.7374,-0.0542,5611.67,0.9075,4.9675,0,0,0.737,1.005,0.737,64031600,0.736,98299200,0.735,83823100,0.734,36461400,0.733,29888200,0.738,94993600,0.739,110576000,0.74,81654900,0.741,49670300,0.742,44552600,1217,0
sh513130,09:35:43,1765416946724,09:36:46,1765416946436,0.737,0.7374,-0.0542,5611.5,0.9075,4.2963,0,0,0.737,1.001,0.737,64031600,0.736,98299200,0.735,83823100,0.734,36461400,0.733,29888200,0.738,94993600,0.739,110576000,0.74,81654900,0.741,49670300,0.742,44552600,288,0
sh513130,09:35:46,1765416947723,09:36:46,1765416946436,0.737,0.7374,-0.0542,5611.5,0.9075,4.3111,1858700,1369861,0.737,0.999,0.737,56900400,0.736,98362900,0.735,84704400,0.734,43841400,0.733,29888200,0.738,95123300,0.739,110656000,0.74,81613400,0.741,49670300,0.742,44552600,1287,0
sh513130,09:35:46,1765416948724,09:36:48,1765416948437,0.737,0.7374,-0.0542,5611.8,0.9075,6.4472,0,0,0.737,1.002,0.737,56900400,0.736,98362900,0.735,84704400,0.734,43841400,0.733,29888200,0.738,95123300,0.739,110656000,0.74,81613400,0.741,49670300,0.742,44552600,287,0
sh513130,09:35:46,1765416949725,09:36:48,1765416948437,0.737,0.7374,-0.0542,5611.8,0.9075,5.5498,0,0,0.737,1.0,0.737,56900400,0.736,98362900,0.735,84704400,0.734,43841400,0.733,29888200,0.738,95123300,0.739,110656000,0.74,81613400,0.741,49670300,0.742,44552600,1288,0
sh513130,09:35:49,1765416950727,09:36:50,1765416950509,0.737,0.7374,-0.0542,5613.25,0.9075,4.6012,225500,166224,0.7371,1.002,0.737,65300300,0.736,90062700,0.735,85565400,0.734,43841400,0.733,29888200,0.738,88633900,0.739,98794700,0.74,82611400,0.741,61667900,0.742,48551400,218,0
sh513130,09:35:49,1765416951722,09:36:50,1765416950509,0.737,0.7374,-0.0542,5613.25,0.9075,4.1034,0,0,0.737,0.996,0.737,65300300,0.736,90062700,0.735,85565400,0.734,43841400,0.733,29888200,0.738,88633900,0.739,98794700,0.74,82611400,0.741,61667900,0.742,48551400,1213,0
sh513130,09:35:49,1765416952727,09:36:52,1765416952488,0.737,0.7374,-0.0542,5612.64,0.9075,3.9205,0,0,0.737,1.004,0.737,65300300,0.736,90062700,0.735,85565400,0.734,43841400,0.733,29888200,0.738,88633900,0.739,98794700,0.74,82611400,0.741,61667900,0.742,48551400,239,0
sh513130,09:35:49,1765416953721,09:36:52,1765416952488,0.737,0.7374,-0.0542,5612.64,0.9075,4.0041,0,0,0.737,0.994,0.737,65300300,0.736,90062700,0.735,85565400,0.734,43841400,0.733,29888200,0.738,88633900,0.739,98794700,0.74,82611400,0.741,61667900,0.742,48551400,1233,0
sh513130,09:35:52,1765416954731,09:36:54,1765416954445,0.737,0.7374,-0.0542,5612.88,0.9075,3.7276,461900,340529,0.7372,1.009,0.737,65265500,0.736,93587800,0.735,86412200,0.734,43841400,0.733,29888200,0.738,91378200,0.739,99008200,0.74,82625600,0.741,61667900,0.742,44697400,286,0
sh513130,09:35:52,1765416955735,09:36:54,1765416954445,0.737,0.7374,-0.0542,5612.88,0.9075,3.0008,0,0,0.737,1.004,0.737,65265500,0.736,93587800,0.735,86412200,0.734,43841400,0.733,29888200,0.738,91378200,0.739,99008200,0.74,82625600,0.741,61667900,0.742,44697400,1290,0
sh513130,09:35:55,1765416956735,09:36:56,1765416956525,0.738,0.738,0.0,5612.23,0.9075,1.8964,1319200,972340,0.7371,1.0,0.737,55765800,0.736,101978600,0.735,87296600,0.734,43841400,0.733,29848400,0.738,95733200,0.739,110915800,0.74,82740400,0.741,49670300,0.742,44677400,210,0
sh513130,09:35:55,1765416957739,09:36:56,1765416956525,0.738,0.738,0.0,5612.23,0.9075,1.8037,0,0,0.738,1.004,0.737,55765800,0.736,101978600,0.735,87296600,0.734,43841400,0.733,29848400,0.738,95733200,0.739,110915800,0.74,82740400,0.741,49670300,0.742,44677400,1214,0
sh513130,09:35:55,1765416958727,09:36:58,1765416958681,0.738,0.738,0.0,5612.69,0.9075,1.7447,0,0,0.738,0.988,0.737,55765800,0.736,101978600,0.735,87296600,0.734,43841400,0.733,29848400,0.738,95733200,0.739,110915800,0.74,82740400,0.741,49670300,0.742,44677400,46,0
sh513130,09:35:55,1765416959739,09:36:58,1765416958681,0.738,0.738,0.0,5612.69,0.9075,2.4325,0,0,0.738,1.012,0.737,55765800,0.736,101978600,0.735,87296600,0.734,43841400,0.733,29848400,0.738,95733200,0.739,110915800,0.74,82740400,0.741,49670300,0.742,44677400,1058,0
sh513130,09:35:58,1765416960737,09:37:00,1765416960437,0.737,0.738,-0.1355,5612.37,0.9075,2.1183,342700,252634,0.7372,0.997,0.737,55754800,0.736,102039800,0.735,88166900,0.734,43841400,0.733,29910100,0.738,95690800,0.739,111925800,0.74,82764100,0.741,49670300,0.742,44715400,300,0
sh513130,09:35:58,1765416961738,09:37:00,1765416960833,0.737,0.738,-0.1355,5612.37,0.9075,2.0153,0,0,0.737,1.001,0.737,55754800,0.736,102039800,0.735,88166900,0.734,43841400,0.733,29910100,0.738,95690800,0.739,111925800,0.74,82764100,0.741,49670300,0.742,44715400,905,0
sh513130,09:35:58,1765416962738,09:37:02,1765416962430,0.737,0.738,-0.1355,5612.96,0.9075,2.9778,0,0,0.737,1.0,0.737,55754800,0.736,102039800,0.735,88166900,0.734,43841400,0.733,29910100,0.738,95690800,0.739,111925800,0.74,82764100,0.741,49670300,0.742,44715400,308,0
sh513130,09:36:01,1765416963749,09:37:02,1765416963273,0.737,0.738,-0.1355,5612.96,0.9075,7.2127,82100,60552,0.7375,1.011,0.737,60966000,0.736,93673100,0.735,89056200,0.734,43841400,0.733,29910100,0.738,91876600,0.739,98927700,0.74,81786700,0.741,61827400,0.742,48806600,476,0
sh513130,09:36:01,1765416964752,09:37:04,1765416964465,0.737,0.738,-0.1355,5616.12,0.9075,6.9871,0,0,0.737,1.002,0.737,60966000,0.736,93673100,0.735,89056200,0.734,43841400,0.733,29910100,0.738,91876600,0.739,98927700,0.74,81786700,0.741,61827400,0.742,48806600,287,0
sh513130,09:36:01,1765416965741,09:37:04,1765416965135,0.737,0.738,-0.1355,5616.12,0.9075,6.7511,0,0,0.737,0.99,0.737,60966000,0.736,93673100,0.735,89056200,0.734,43841400,0.733,29910100,0.738,91876600,0.739,98927700,0.74,81786700,0.741,61827400,0.742,48806600,606,0
sh513130,09:36:04,1765416966749,09:37:06,1765416966448,0.737,0.738,-0.1355,5615.39,0.9075,5.9927,30165600,22262198,0.738,1.008,0.737,88573800,0.736,95023100,0.735,76084600,0.734,41284900,0.733,29910100,0.738,64210800,0.739,99140600,0.74,82616700,0.741,62227900,0.742,48858500,301,0
sh513130,09:36:04,1765416967750,09:37:06,1765416967281,0.737,0.738,-0.1355,5615.39,0.9075,6.2462,0,0,0.737,1.001,0.737,88573800,0.736,95023100,0.735,76084600,0.734,41284900,0.733,29910100,0.738,64210800,0.739,99140600,0.74,82616700,0.741,62227900,0.742,48858500,469,0
sh513130,09:36:04,1765416968751,09:37:08,1765416968503,0.737,0.738,-0.1355,5615.07,0.9075,5.6325,0,0,0.737,1.001,0.737,88573800,0.736,95023100,0.735,76084600,0.734,41284900,0.733,29910100,0.738,64210800,0.739,99140600,0.74,82616700,0.741,62227900,0.742,48858500,248,0
sh513130,09:36:07,1765416969759,09:37:08,1765416969435,0.737,0.7381,-0.149,5615.07,0.9075,4.6082,65800,48535,0.7376,1.008,0.737,88842400,0.736,95097600,0.735,76952900,0.734,36091900,0.733,29910100,0.738,52098300,0.739,107523500,0.74,82982700,0.741,64870900,0.742,48881300,324,0
sh513130,09:36:07,1765416970753,09:37:10,1765416970509,0.737,0.7381,-0.149,5616.31,0.9075,4.3485,0,0,0.737,0.994,0.737,88842400,0.736,95097600,0.735,76952900,0.734,36091900,0.733,29910100,0.738,52098300,0.739,107523500,0.74,82982700,0.741,64870900,0.742,48881300,244,0
sh513130,09:36:07,1765416971753,09:37:10,1765416971585,0.737,0.7381,-0.149,5616.31,0.9075,4.5062,0,0,0.737,1.0,0.737,88842400,0.736,95097600,0.735,76952900,0.734,36091900,0.733,29910100,0.738,52098300,0.739,107523500,0.74,82982700,0.741,64870900,0.742,48881300,168,0
sh513130,09:36:10,1765416972764,09:37:12,1765416972431,0.738,0.738,0.0,5617.27,0.9075,4.3106,31810400,23476060,0.738,1.011,0.738,12300000,0.737,94584200,0.736,94003500,0.735,77817200,0.734,30711900,0.739,109303300,0.74,112013200,0.741,64870900,0.742,48902300,0.743,33993100,333,0
sh513130,09:36:10,1765416973764,09:37:12,1765416973734,0.738,0.738,0.0,5617.27,0.9075,5.8884,0,0,0.738,1.0,0.738,12300000,0.737,94584200,0.736,94003500,0.735,77817200,0.734,30711900,0.739,109303300,0.74,112013200,0.741,64870900,0.742,48902300,0.743,33993100,30,0
