symbol,tx_server_time,tx_local_time,index_price,fx_rate,sentiment,price,iopv,premium_rate,tick_vol,tick_amt,tick_vwap,bp1,bv1,bp2,bv2,bp3,bv3,bp4,bv4,bp5,bv5,sp1,sv1,sp2,sv2,sp3,sv3,sp4,sv4,sp5,sv5,idx_delay_ms,fut_delay_ms,data_flags
sh513130,09:29:46,1768958990097,,0.8919,0.0,0.729,0.7295,-0.0685,0,0,0.729,0.729,33609200,0.728,18348800,0.727,25712600,0.726,40703200,0.725,40758200,0.730,3104900,0.731,12563000,0.732,20476400,0.733,17559200,0.734,16805100,99999,99999,1
sh513130,09:29:52,1768958994078,,0.8919,0.0,0.729,0.7295,-0.0685,0,0,0.729,0.729,33609200,0.728,18348800,0.727,25712600,0.726,40703200,0.725,40758200,0.730,3104900,0.731,12563000,0.732,20476400,0.733,17559200,0.734,16805100,99999,99999,0
sh513130,09:29:55,1768958999067,,0.8919,0.0,0.729,0.7295,-0.0685,0,0,0.729,0.729,33609200,0.728,18348800,0.727,25712600,0.726,40703200,0.725,40758200,0.730,3104900,0.731,12563000,0.732,20476400,0.733,17559200,0.734,16805100,99999,99999,0
sh513130,09:29:58,1768959001078,,0.8919,0.0,0.729,0.7295,-0.0685,0,0,0.729,0.729,33609200,0.728,18348800,0.727,25712600,0.726,40703200,0.725,40758200,0.730,3104900,0.731,12563000,0.732,20476400,0.733,17559200,0.734,16805100,99999,99999,0
sh513130,09:30:01,1768959003075,,0.8919,0.0,0.731,0.7295,0.2056,4934100,3601922,0.73,0.730,10697700,0.729,22966600,0.728,19351800,0.727,25735600,0.726,41122000,0.731,12745500,0.732,27320200,0.733,22431100,0.734,21643700,0.735,16312800,99999,99999,0
sh513130,09:29:58,1768959004077,,0.8919,0.0,0.729,0.7295,-0.0685,0,0,0.729,0.729,33609200,0.728,18348800,0.727,25712600,0.726,40703200,0.725,40758200,0.730,3104900,0.731,12563000,0.732,20476400,0.733,17559200,0.734,16805100,99999,99999,2
sh513130,09:30:04,1768959006077,,0.8919,3.3437,0.731,0.7295,0.2056,1911900,1396375,0.7304,0.730,5627800,0.729,27580700,0.728,27914900,0.727,29104400,0.726,44439500,0.731,12529200,0.732,30227400,0.733,26621000,0.734,24771900,0.735,16424900,99999,99999,0
sh513130,09:30:07,1768959010079,5648.23,0.8919,1.9558,0.731,0.7288,0.3019,14824100,10828390,0.7305,0.730,8855300,0.729,30859900,0.728,29497200,0.727,30110400,0.726,44722000,0.731,6082000,0.732,31286600,0.733,27806300,0.734,25823000,0.735,16587900,172,99999,0
sh513130,09:30:10,1768959012057,5645.02,0.8919,2.2918,0.731,0.7288,0.3019,9311100,6803192,0.7307,0.730,16370200,0.729,35525500,0.728,34990800,0.727,35451000,0.726,47506800,0.731,592300,0.732,34843300,0.733,29870500,0.734,28091000,0.735,16736300,876,99999,0
sh513130,09:30:13,1768959017045,5649.8,0.8919,4.1728,0.731,0.7308,0.0274,4000900,2920912,0.7301,0.730,15141700,0.729,37092900,0.728,36562700,0.727,36324700,0.726,48514000,0.731,1722600,0.732,35170600,0.733,30053500,0.734,27099900,0.735,17095200,27,99999,0
sh513130,09:30:16,1768959018043,5649.8,0.8919,4.1743,0.73,0.7295,0.0685,10690600,7806155,0.7302,0.730,8688900,0.729,35899500,0.728,41513900,0.727,36843900,0.726,49235200,0.731,8957100,0.732,33235800,0.733,30127900,0.734,27332600,0.735,17297100,919,99999,0
sh513130,09:30:19,1768959021028,5654.24,0.8919,1.8939,0.731,0.7295,0.2056,6580400,4804335,0.7301,0.730,6883800,0.729,37700700,0.728,40787800,0.727,39920900,0.726,54593900,0.731,11091000,0.732,31356700,0.733,30225900,0.734,27443100,0.735,17333600,16,99999,0
sh513130,09:30:22,1768959025059,5651.1,0.8919,1.1015,0.73,0.7302,-0.0274,1457800,1064659,0.7303,0.730,8011600,0.729,38410800,0.728,50191100,0.727,40589300,0.726,53822100,0.731,17078700,0.732,34373500,0.733,29230900,0.734,27478500,0.735,17371600,112,99999,0
sh513130,09:30:25,1768959028065,5653.13,0.8919,0.6474,0.73,0.7302,-0.0274,2345600,1713025,0.7303,0.730,12733300,0.729,41334700,0.728,51498100,0.727,44067000,0.726,54013500,0.731,16368400,0.732,34271200,0.733,29250500,0.734,24498800,0.735,17391600,852,99999,0
sh513130,09:30:28,1768959030042,5651.62,0.8919,1.8541,0.731,0.7308,0.0274,3081200,2250543,0.7304,0.730,13565700,0.729,46021600,0.728,56419700,0.727,44535300,0.726,54418700,0.731,15573400,0.732,36125600,0.733,29299100,0.734,26565100,0.735,18547600,758,99999,0
sh513130,09:30:25,1768959031039,5649.75,0.8919,5.6523,0.73,0.7302,-0.0274,0,0,0.73,0.730,12733300,0.729,41334700,0.728,51498100,0.727,44067000,0.726,54013500,0.731,16368400,0.732,34271200,0.733,29250500,0.734,24498800,0.735,17391600,7,99999,2
sh513130,09:30:28,1768959032044,5649.75,0.8919,4.9639,0.731,0.7308,0.0274,0,0,0.731,0.730,13565700,0.729,46021600,0.728,56419700,0.727,44535300,0.726,54418700,0.731,15573400,0.732,36125600,0.733,29299100,0.734,26565100,0.735,18547600,650,99999,0
sh513130,09:30:31,1768959034046,5652.74,0.8919,6.8289,0.731,0.7315,-0.0684,1906000,1391942,0.7303,0.730,15988200,0.729,48792900,0.728,57976100,0.727,46245100,0.726,54540500,0.731,16288100,0.732,32308800,0.733,30441000,0.734,26763400,0.735,18532600,489,99999,0
sh513130,09:30:34,1768959037030,5657.72,0.8919,4.7386,0.731,0.7315,-0.0684,3642500,2662167,0.7309,0.730,21017000,0.729,50189800,0.728,59436300,0.727,47425000,0.726,51649800,0.731,14172700,0.732,30226300,0.733,30491000,0.734,27240400,0.735,18791300,16,99999,0
sh513130,09:30:37,1768959040037,5659.03,0.8919,4.1542,0.731,0.7302,0.1096,3321000,2426006,0.7305,0.730,21266200,0.729,51006200,0.728,59231300,0.727,45521600,0.726,49417500,0.731,10704800,0.732,33827600,0.733,30501600,0.734,27293400,0.735,19181700,61,99999,0
sh513130,09:30:40,1768959042048,5656.8,0.8919,2.4256,0.731,0.7302,0.1096,3138400,2292044,0.7303,0.730,22528000,0.729,51600900,0.728,53727400,0.727,43535400,0.726,48616700,0.731,9747800,0.732,35827400,0.733,30454000,0.734,29321200,0.735,19205600,949,99999,0
sh513130,09:30:43,1768959047059,5655.07,0.8919,2.6858,0.732,0.7315,0.0684,10979200,8024818,0.7309,0.731,19755300,0.730,26392900,0.729,52140200,0.728,48467800,0.727,41668600,0.732,23953200,0.733,30460100,0.734,28400100,0.735,20228100,0.736,25091900,613,99999,0
sh513130,09:30:46,1768959049054,5656.88,0.8919,1.9694,0.732,0.7308,0.1642,2401400,1755547,0.7311,0.731,22381400,0.730,28937400,0.729,53227800,0.728,49773500,0.727,40980500,0.732,24949600,0.733,32686400,0.734,29673200,0.735,21513400,0.736,25093500,16,99999,0
sh513130,09:30:49,1768959051035,5656.88,0.8919,3.4428,0.731,0.7308,0.0274,2618400,1914089,0.731,0.731,6830500,0.730,29612100,0.729,53142500,0.728,49701000,0.727,42734100,0.732,28696200,0.733,32781900,0.734,31684200,0.735,20539500,0.736,25108000,277,99999,0
sh513130,09:30:52,1768959055041,5654.44,0.8919,2.4997,0.731,0.7308,0.0274,3578400,2616069,0.7311,0.731,17859100,0.730,32829500,0.729,56446900,0.728,50708100,0.727,42883600,0.732,31596500,0.733,33422500,0.734,31727300,0.735,19476700,0.736,25108100,11,99999,0
sh513130,09:30:55,1768959057044,5654.44,0.8919,4.2763,0.732,0.7308,0.1642,1967700,1438629,0.7311,0.731,18870200,0.730,38205700,0.729,58908900,0.728,48987300,0.727,40867900,0.732,35383000,0.733,32444500,0.734,30729700,0.735,19265800,0.736,25131500,1945,99999,0
sh513130,09:30:58,1768959062013,5652.3,0.8919,5.4953,0.731,0.7302,0.1096,864100,632311,0.7318,0.731,19539400,0.730,40527600,0.729,58748300,0.728,48943900,0.727,39845000,0.732,33957400,0.733,33449500,0.734,31679800,0.735,19254300,0.736,25138200,487,99999,0
sh513130,09:31:01,1768959064005,5651.71,0.8919,3.4438,0.732,0.7302,0.2465,2223700,1625945,0.7312,0.731,19689200,0.730,39926200,0.729,58505300,0.728,50110200,0.727,43913300,0.732,36176100,0.733,33455500,0.734,31688900,0.735,19326000,0.736,25158500,331,99999,0
sh513130,09:31:04,1768959067006,5651.02,0.8919,4.1788,0.731,0.7302,0.1096,25753900,18826128,0.731,0.730,31856000,0.729,58729900,0.728,50206300,0.727,44017800,0.726,49279100,0.731,214100,0.732,37730900,0.733,33463700,0.734,28986900,0.735,19624200,1174,99999,0
sh513130,09:31:07,1768959069001,5649.34,0.8919,3.5685,0.731,0.7302,0.1096,1692600,1237290,0.731,0.730,34733700,0.729,58851600,0.728,49959000,0.727,45005200,0.726,49321000,0.731,16681400,0.732,37842200,0.733,32555600,0.734,29006900,0.735,19678600,1015,99999,0
sh513130,09:31:10,1768959071996,5649.12,0.8919,3.691,0.731,0.7302,0.1096,2200500,1608546,0.731,0.730,35233400,0.729,69688800,0.728,59973400,0.727,54981600,0.726,49331000,0.731,35472600,0.732,37868000,0.733,32540600,0.734,29006900,0.735,19668600,859,99999,0
sh513130,09:31:13,1768959076021,5650.31,0.8919,5.0802,0.731,0.7302,0.1096,1078800,788511,0.7309,0.730,44521000,0.729,70531900,0.728,60003400,0.727,44998100,0.726,49295300,0.731,26396700,0.732,37142700,0.733,33540700,0.734,29310000,0.735,19692500,937,99999,0
sh513130,09:31:16,1768959080016,5654.25,0.8919,6.9734,0.731,0.7295,0.2056,3421100,2500823,0.731,0.730,45880600,0.729,72755100,0.728,60104400,0.727,44016600,0.726,49295300,0.731,24571100,0.732,35909400,0.733,33548000,0.734,29896300,0.735,19697500,917,99999,0
sh513130,09:31:19,1768959082011,5655.56,0.8919,6.3003,0.731,0.7295,0.2056,24961100,18246533,0.731,0.731,749100,0.730,50998900,0.729,72862200,0.728,60614200,0.727,41042500,0.732,34911800,0.733,33548000,0.734,30950800,0.735,19697500,0.736,25208300,871,99999,0
sh513130,09:31:22,1768959085011,5655.27,0.8919,4.3205,0.731,0.7308,0.0274,425000,310675,0.731,0.731,6307300,0.730,52535900,0.729,72868500,0.728,60644400,0.727,41093500,0.732,35035100,0.733,33558000,0.734,30953000,0.735,19835200,0.736,25108300,1860,99999,0
sh513130,09:31:25,1768959088037,5653.47,0.8919,2.6542,0.731,0.7308,0.0274,1136400,830722,0.731,0.731,10714900,0.730,53068200,0.729,72815300,0.728,60761300,0.727,41102500,0.732,35046900,0.733,33904400,0.734,30953000,0.735,19909800,0.736,25108300,677,99999,0
sh513130,09:31:28,1768959090045,5654.56,0.8919,4.9713,0.732,0.7308,0.1642,768100,561626,0.7312,0.731,11033100,0.730,55957300,0.729,72647100,0.728,60774500,0.727,41089700,0.732,36524200,0.733,33904400,0.734,31053000,0.735,19909800,0.736,25108300,541,99999,0
sh513130,09:31:31,1768959095024,5657.64,0.8919,6.0162,0.732,0.7308,0.1642,1219500,892312,0.7317,0.731,20168700,0.730,56962600,0.729,72493600,0.728,60690900,0.727,41078500,0.732,35885300,0.733,33909400,0.734,31073000,0.735,19929800,0.736,25158300,1212,99999,0
sh513130,09:31:34,1768959097021,5656.41,0.8919,5.5304,0.732,0.7308,0.1642,1658800,1213783,0.7317,0.731,21563300,0.730,58156900,0.729,72477500,0.728,60640900,0.727,41103500,0.732,35154900,0.733,33914400,0.734,31067000,0.735,19929800,0.736,25158300,1056,99999,0
sh513130,09:31:37,1768959100021,5656.03,0.8919,4.2462,0.732,0.7308,0.1642,2368500,1732624,0.7315,0.731,21230400,0.730,58656400,0.729,72619800,0.728,60615000,0.727,41071600,0.732,34283400,0.733,33934400,0.734,31152000,0.735,19929800,0.736,25158300,947,99999,0
sh513130,09:31:40,1768959102041,5655.83,0.8919,4.5812,0.732,0.7308,0.1642,292500,213930,0.7314,0.731,22160700,0.730,60252300,0.729,71837100,0.728,60725600,0.727,41144500,0.732,34616700,0.733,33963800,0.734,31213100,0.735,20517200,0.736,25227300,980,99999,0
sh513130,09:31:43,1768959106026,5656.85,0.8919,7.2043,0.732,0.7308,0.1642,235300,172168,0.7317,0.731,23395800,0.730,61200000,0.729,71428400,0.728,60725600,0.727,40864500,0.732,34627000,0.733,33963800,0.734,32249000,0.735,20653200,0.736,25228300,928,99999,0
sh513130,09:31:46,1768959110030,5656.95,0.8919,4.5177,0.732,0.7308,0.1642,2364700,1729403,0.7313,0.731,25361300,0.730,64268900,0.729,71453100,0.728,59748600,0.727,41375100,0.732,34002300,0.733,33943800,0.734,32249000,0.735,20653200,0.736,25228300,966,99999,0
sh513130,09:31:49,1768959112049,5656.53,0.8919,4.2821,0.732,0.7308,0.1642,1759700,1288090,0.732,0.731,22468900,0.730,64244200,0.729,71388000,0.728,60731000,0.727,41364900,0.732,32787400,0.733,33943800,0.734,32249000,0.735,20673200,0.736,25228300,940,99999,0
sh513130,09:31:52,1768959114045,5657.41,0.8919,2.8248,0.732,0.7308,0.1642,798900,584367,0.7315,0.731,22872000,0.730,65305000,0.729,71405600,0.728,61144600,0.727,41263400,0.732,33484200,0.733,34051500,0.734,34254000,0.735,20673200,0.736,25278300,865,99999,0
sh513130,09:31:55,1768959117023,5657.3,0.8919,5.3383,0.731,0.7308,0.0274,469100,343298,0.7318,0.731,22777900,0.730,65120800,0.729,72207200,0.728,61164600,0.727,41259800,0.732,34334700,0.733,34081500,0.734,34254000,0.735,20766400,0.736,25278300,1690,99999,0
sh513130,09:31:58,1768959120026,5657.28,0.8919,3.4615,0.732,0.7308,0.1642,1652700,1208731,0.7314,0.731,25186000,0.730,66269200,0.729,73146400,0.728,61210000,0.727,41339800,0.732,33995400,0.733,34081500,0.734,34756400,0.735,20771400,0.736,25306300,391,99999,0
sh513130,09:32:01,1768959124028,5659.74,0.8919,3.7506,0.731,0.7308,0.0274,128600,94101,0.7317,0.731,29288000,0.730,67326900,0.729,73964200,0.728,60290100,0.727,41209600,0.732,33928100,0.733,34081500,0.734,34814000,0.735,20628600,0.736,25306000,63,99999,0
sh513130,09:32:04,1768959127008,5661.69,0.8919,3.7862,0.732,0.7308,0.1642,483700,353712,0.7313,0.731,42223800,0.730,67646000,0.729,69636500,0.728,49438400,0.727,41413100,0.732,30769100,0.733,33095100,0.734,35814000,0.735,20834800,0.736,25306000,885,99999,0
sh513130,09:32:07,1768959129001,5661.83,0.8919,3.3985,0.732,0.7308,0.1642,1643600,1201766,0.7312,0.731,30959400,0.730,68176200,0.729,67348100,0.728,59378400,0.727,41365800,0.732,30663300,0.733,33090100,0.734,35844000,0.735,20834800,0.736,25306000,725,99999,0
sh513130,09:32:10,1768959132998,5660.78,0.8919,2.3992,0.732,0.7308,0.1642,1318400,964288,0.7314,0.731,30691000,0.730,68573600,0.729,67413300,0.728,59616000,0.727,41372600,0.732,33398200,0.733,33323400,0.734,35839000,0.735,21035900,0.736,25306000,409,99999,0
sh513130,09:32:13,1768959136005,5658.85,0.8919,3.7158,0.732,0.7312,0.1094,572600,418888,0.7316,0.731,28877900,0.730,68763200,0.729,67500900,0.728,59644800,0.727,41354000,0.732,33634100,0.733,34940000,0.734,34839000,0.735,21049500,0.736,25356000,929,99999,0
sh513130,09:32:16,1768959139003,5657.81,0.8919,3.8279,0.732,0.7312,0.1094,654700,479214,0.732,0.731,24264600,0.730,68691900,0.729,68372500,0.728,59212500,0.727,41405800,0.732,34746500,0.733,34953300,0.734,34821000,0.735,21049500,0.736,25377900,1855,99999,0
sh513130,09:32:19,1768959142000,5656.91,0.8919,2.3817,0.732,0.7312,0.1094,549500,401984,0.7315,0.731,23834600,0.730,67988200,0.729,69143800,0.728,59261800,0.727,41530700,0.732,34672800,0.733,35033300,0.734,34821000,0.735,21077700,0.736,25377900,802,99999,0
sh513130,09:32:22,1768959144003,5656.73,0.8919,1.9298,0.732,0.7312,0.1094,253300,185380,0.7319,0.731,24471200,0.730,68107800,0.729,70090300,0.728,59461800,0.727,41530700,0.732,36641600,0.733,35088500,0.734,34821000,0.735,21652700,0.736,25377900,644,99999,0
sh513130,09:32:25,1768959147993,5654.27,0.8919,2.5293,0.731,0.7312,-0.0274,4593300,3358993,0.7313,0.731,21377400,0.730,63993200,0.729,71224600,0.728,59133700,0.727,44530700,0.732,36394100,0.733,35288500,0.734,33831000,0.735,21718400,0.736,25310300,329,99999,0
sh513130,09:32:28,1768959151002,5654.18,0.8919,2.4983,0.731,0.7312,-0.0274,22640200,16550161,0.731,0.730,62835900,0.729,80035600,0.728,68418000,0.727,44592400,0.726,49454200,0.731,7854200,0.732,36579800,0.733,35318500,0.734,33851000,0.735,21750400,1179,99999,0
sh513130,09:32:31,1768959154008,5653.94,0.8919,3.4045,0.731,0.7306,0.0547,655300,479024,0.731,0.730,63037400,0.729,80069000,0.728,68325800,0.727,44635100,0.726,49424200,0.731,23381500,0.732,36110000,0.733,35318500,0.734,31851000,0.735,21840600,928,99999,0
sh513130,09:32:34,1768959157018,5656.51,0.8919,5.4819,0.731,0.7306,0.0547,577900,422436,0.731,0.730,68241100,0.729,80056100,0.728,68189600,0.727,41645300,0.726,48854300,0.731,18695300,0.732,35234000,0.733,35673300,0.734,33861000,0.735,21832600,8,99999,0
sh513130,09:32:37,1768959160018,5657.04,0.8919,3.8279,0.731,0.7306,0.0547,1915100,1399795,0.7309,0.730,76162900,0.729,80083100,0.728,61170400,0.727,42645300,0.726,48854300,0.731,16418400,0.732,33906900,0.733,35700300,0.734,34851000,0.735,21846400,881,99999,0
sh513130,09:32:40,1768959163014,5657.08,0.8919,0.089,0.731,0.7306,0.0547,847500,619244,0.7307,0.730,68749400,0.729,80361300,0.728,70029200,0.727,42615800,0.726,48867900,0.731,15679000,0.732,33724100,0.733,35700300,0.734,34851000,0.735,22000400,282,99999,0
sh513130,09:32:43,1768959165003,5656.07,0.8919,0.0872,0.731,0.7312,-0.0274,992300,725327,0.731,0.730,76900700,0.729,80320400,0.728,62889000,0.727,42961000,0.726,48867900,0.731,13999600,0.732,33298500,0.733,36266800,0.734,34896800,0.735,22000400,6,99999,0
sh513130,09:32:46,1768959167989,5657.13,0.8919,1.4562,0.731,0.7312,-0.0274,130200,95176,0.731,0.730,77453900,0.729,80709200,0.728,63765900,0.727,42973400,0.726,48867900,0.731,6907200,0.732,33926700,0.733,36274600,0.734,34896800,0.735,22162100,861,99999,0
sh513130,09:32:49,1768959171986,5658.96,0.8919,2.791,0.731,0.7312,-0.0274,8139000,5949308,0.731,0.731,4435800,0.730,77405300,0.729,80788800,0.728,64600700,0.727,42973400,0.732,31463300,0.733,35274600,0.734,35896800,0.735,22162100,0.736,25389600,626,99999,0
sh513130,09:32:52,1768959173972,5658.3,0.8919,2.234,0.731,0.7312,-0.0274,1024200,748700,0.731,0.731,10757200,0.730,77503000,0.729,80678600,0.728,65273300,0.727,42990400,0.732,32888900,0.733,36264100,0.734,34851000,0.735,22203100,0.736,25389600,455,99999,0
sh513130,09:32:55,1768959176976,5658.54,0.8919,5.0041,0.731,0.7312,-0.0274,1380900,1009444,0.731,0.731,25656700,0.730,77628900,0.729,80664200,0.728,55278300,0.727,43011000,0.732,35728600,0.733,36067000,0.734,35851000,0.735,22203100,0.736,25389600,1304,99999,0
sh513130,09:32:58,1768959181957,5662.14,0.8919,4.1634,0.731,0.7312,-0.0274,1054200,770621,0.731,0.731,35569800,0.730,79237000,0.729,67784700,0.728,50025500,0.727,43023800,0.732,34230500,0.733,36097000,0.734,35851000,0.735,24204100,0.736,25630700,772,99999,0
sh513130,09:33:01,1768959184959,5661.05,0.8919,3.4921,0.731,0.7313,-0.041,295600,216138,0.7312,0.731,39131600,0.730,79675000,0.729,66965600,0.728,49079300,0.727,43074800,0.732,36157100,0.733,36237500,0.734,35851000,0.735,24284100,0.736,25629700,660,99999,0
sh513130,09:33:04,1768959187945,5661.03,0.8919,4.0439,0.732,0.7313,0.0957,692600,506359,0.7311,0.731,41695500,0.730,79592700,0.729,66848700,0.728,47058300,0.727,43096800,0.732,37557300,0.733,37073400,0.734,35766000,0.735,24283100,0.736,25629700,828,99999,0
sh513130,09:33:07,1768959189962,5661.1,0.8919,2.6866,0.732,0.7319,0.0137,797100,583141,0.7316,0.731,29485700,0.730,79440000,0.729,74884700,0.728,50062300,0.727,42931800,0.732,40126600,0.733,37108400,0.734,35766000,0.735,22283100,0.736,25629700,819,99999,0
sh513130,09:33:10,1768959192932,5662.43,0.8919,2.5699,0.732,0.7319,0.0137,565300,413717,0.7319,0.731,42749300,0.730,79607500,0.729,66866300,0.728,47102800,0.727,42939800,0.732,38958400,0.733,37108400,0.734,35821000,0.735,24292400,0.736,25629700,1,99999,0
sh513130,09:33:13,1768959195928,5661.56,0.8919,1.7561,0.731,0.7312,-0.0274,1006000,736360,0.732,0.731,42077200,0.730,79596800,0.729,67919500,0.728,50231600,0.727,43020100,0.732,40380900,0.733,37539700,0.734,35811000,0.735,22272400,0.736,25743000,851,99999,0
sh513130,09:33:16,1768959198914,5662.09,0.8919,1.567,0.732,0.7312,0.1094,258500,189044,0.7313,0.731,47404100,0.730,79791800,0.729,68058000,0.728,47244300,0.727,43768900,0.732,35452500,0.733,37605700,0.734,35781000,0.735,24172400,0.736,25743000,1686,99999,0
sh513130,09:33:19,1768959200924,5661.11,0.8919,1.8491,0.731,0.7312,-0.0274,179700,131393,0.7312,0.731,44277100,0.730,80026800,0.729,69050400,0.728,50257700,0.727,43778900,0.732,35720700,0.733,37705700,0.734,35781000,0.735,24172400,0.736,25804200,1529,99999,0
sh513130,09:33:22,1768959204913,5662.62,0.8919,2.3411,0.732,0.7312,0.1094,1290900,943802,0.7311,0.731,48837600,0.730,80072600,0.729,67982800,0.728,47291400,0.727,43798900,0.732,35538500,0.733,37679700,0.734,35791000,0.735,24653300,0.736,25804200,1217,99999,0
sh513130,09:33:25,1768959207916,5664.18,0.8919,5.4155,0.732,0.7312,0.1094,2379000,1741377,0.732,0.731,50694300,0.730,80331000,0.729,67980300,0.728,47263800,0.727,43817900,0.732,20810400,0.733,36445400,0.734,35791000,0.735,25644300,0.736,26845200,823,99999,0
sh513130,09:33:28,1768959211911,5664.61,0.8919,5.0286,0.732,0.7312,0.1094,1316100,962274,0.7312,0.731,49883400,0.730,80041500,0.729,68108400,0.728,48267100,0.727,43906700,0.732,32512700,0.733,36567700,0.734,35791000,0.735,25650200,0.736,26755200,783,99999,0
sh513130,09:33:31,1768959212901,5664.61,0.8919,2.6673,0.732,0.7312,0.1094,1839700,1345366,0.7313,0.731,54906200,0.730,80145100,0.729,67813000,0.728,47217100,0.727,43938900,0.732,34435100,0.733,36767700,0.734,35795600,0.735,25650200,0.736,27502000,567,99999,0
sh513130,09:33:34,1768959215897,5665.55,0.8919,4.0824,0.732,0.7319,0.0137,538400,394102,0.732,0.731,55294900,0.730,80092800,0.729,67872800,0.728,46804100,0.727,43936100,0.732,31178300,0.733,37645800,0.734,35816600,0.735,25650200,0.736,27502000,743,99999,0
sh513130,09:33:37,1768959218897,5664.4,0.8919,3.0872,0.732,0.7319,0.0137,111400,81531,0.7319,0.731,55577500,0.730,80149200,0.729,67772800,0.728,45831700,0.727,43934300,0.732,34237900,0.733,38608700,0.734,35816600,0.735,26342700,0.736,27854100,103,99999,0
sh513130,09:33:40,1768959222906,5663.01,0.8919,2.5748,0.731,0.7319,-0.123,1414000,1033984,0.7312,0.731,57325200,0.730,80641900,0.729,67804700,0.728,45837200,0.727,43980600,0.732,35600800,0.733,40526900,0.734,35816600,0.735,25352700,0.736,28567000,1766,99999,0
sh513130,09:33:43,1768959225894,5663.31,0.8919,0.9709,0.732,0.7319,0.0137,297200,217507,0.7319,0.731,57570500,0.730,81536600,0.729,67862700,0.728,45780100,0.727,44013600,0.732,27632300,0.733,41400800,0.734,35837600,0.735,25373700,0.736,28567000,619,99999,0
sh513130,09:33:46,1768959229896,5663.78,0.8919,2.6251,0.732,0.7319,0.0137,1396200,1020966,0.7312,0.731,56848600,0.730,81550000,0.729,67833500,0.728,45800600,0.727,44017600,0.732,33408100,0.733,42289000,0.734,35837600,0.735,25430200,0.736,28567000,314,99999,0
sh513130,09:33:49,1768959231903,5661.27,0.8919,2.6477,0.732,0.7319,0.0137,246100,180128,0.7319,0.731,55869300,0.730,81857100,0.729,67722500,0.728,48700600,0.727,44027600,0.732,38948000,0.733,43141900,0.734,35837600,0.735,23430200,0.736,28567000,156,99999,0
sh513130,09:33:52,1768959235878,5662.53,0.8919,6.3787,0.732,0.7319,0.0137,1385700,1013333,0.7313,0.731,55681300,0.730,82443100,0.729,67690400,0.728,48704400,0.727,44032600,0.732,39133300,0.733,43894800,0.734,35837600,0.735,23449700,0.736,28567300,758,99999,0
sh513130,09:33:55,1768959237879,5661.79,0.8919,5.6791,0.732,0.7319,0.0137,892800,653491,0.732,0.731,55815300,0.730,82351500,0.729,67678000,0.728,48258700,0.727,44047600,0.732,38683100,0.733,44513400,0.734,35837600,0.735,23449700,0.736,28569600,766,99999,0
sh513130,09:33:58,1768959240879,5659.94,0.8919,3.9295,0.732,0.7312,0.1094,430300,314960,0.732,0.731,21184000,0.730,84827200,0.729,76881900,0.728,57793100,0.727,44055600,0.732,38861600,0.733,44513400,0.734,36689300,0.735,23449700,0.736,28801700,502,99999,0
sh513130,09:34:01,1768959243869,5659.8,0.8919,3.4132,0.731,0.7312,-0.0274,17849800,13048554,0.731,0.730,84804300,0.729,77748900,0.728,57717100,0.727,43936600,0.726,49404300,0.731,3250300,0.732,38585200,0.733,45524000,0.734,35691300,0.735,23451700,347,99999,0
sh513130,09:34:04,1768959246869,5659.07,0.8919,5.8374,0.731,0.7312,-0.0274,9860500,7208077,0.731,0.731,1232800,0.730,90328300,0.729,78508700,0.728,57666600,0.727,43954600,0.732,39225100,0.733,44500700,0.734,37006200,0.735,23448200,0.736,28803700,14,99999,0
sh513130,09:34:07,1768959248860,5660.35,0.8919,7.8787,0.731,0.7312,-0.0274,2383400,1742292,0.731,0.731,41774400,0.730,89462900,0.729,67810400,0.728,46676600,0.727,43956600,0.732,38492700,0.733,44880700,0.734,36985800,0.735,25448200,0.736,28803700,1720,99999,0
sh513130,09:34:10,1768959251848,5662.16,0.8919,6.1263,0.732,0.7312,0.1094,291000,212757,0.7311,0.731,45814400,0.730,88209100,0.729,67631800,0.728,44679600,0.727,43958600,0.732,39513600,0.733,44891900,0.734,36985800,0.735,25448200,0.736,28833700,685,99999,0
sh513130,09:34:13,1768959256853,5661.23,0.8919,4.0095,0.731,0.7312,-0.0274,1211100,885348,0.731,0.731,45888800,0.730,88930900,0.729,67742100,0.728,48013600,0.727,43968600,0.732,41777300,0.733,44991900,0.734,36985800,0.735,23448200,0.736,28833700,1369,99999,0
sh513130,09:34:16,1768959259857,5661.41,0.8919,4.8536,0.732,0.7318,0.0273,347200,253955,0.7314,0.731,47374900,0.730,87865200,0.729,67915900,0.728,48072400,0.727,44018600,0.732,41996400,0.733,45344700,0.734,36985800,0.735,23441600,0.736,28833700,57,99999,0
sh513130,09:34:19,1768959261851,5661.61,0.8919,4.4555,0.732,0.7318,0.0273,571000,417546,0.7313,0.731,31389600,0.730,88935400,0.729,75757700,0.728,48093500,0.727,44031900,0.732,42007000,0.733,45444700,0.734,38145500,0.735,23512800,0.736,28833700,724,99999,0
sh513130,09:34:22,1768959263854,5660.08,0.8919,2.4081,0.731,0.7318,-0.1093,9502200,6946178,0.731,0.730,90938700,0.729,76763800,0.728,58109500,0.727,44046400,0.726,48474200,0.731,16331700,0.732,42619400,0.733,46083300,0.734,38229300,0.735,23519800,779,99999,0
sh513130,09:34:25,1768959267847,5659.97,0.8919,2.529,0.731,0.7318,-0.1093,444500,324836,0.7308,0.730,92667000,0.729,77774200,0.728,58119600,0.727,44046400,0.726,49464200,0.731,21203800,0.732,43924400,0.733,45971500,0.734,37239300,0.735,23567800,595,99999,0
sh513130,09:34:28,1768959270847,5657.93,0.8919,3.2413,0.731,0.7312,-0.0274,1080600,789918,0.731,0.730,97764300,0.729,83911100,0.728,63172900,0.727,44054400,0.726,49476000,0.731,32916600,0.732,47965300,0.733,50980900,0.734,37239300,0.735,23481800,288,99999,0
sh513130,09:34:31,1768959273848,5657.08,0.8919,2.5613,0.731,0.7312,-0.0274,423500,309409,0.7306,0.730,97593200,0.729,84919600,0.728,63152600,0.727,43890800,0.726,49476400,0.731,33859200,0.732,46126200,0.733,50983900,0.734,37830300,0.735,23581800,711,99999,0
sh513130,09:34:34,1768959276838,5657.82,0.8919,2.6203,0.731,0.7312,-0.0274,436800,319283,0.731,0.730,97971600,0.729,85039800,0.728,63231200,0.727,43944800,0.726,49488400,0.731,23391700,0.732,44664800,0.733,51001500,0.734,33094800,0.735,23578000,1729,99999,0
sh513130,09:34:37,1768959280821,5657.35,0.8919,2.1839,0.731,0.7312,-0.0274,1100400,804191,0.7308,0.730,97968900,0.729,85901200,0.728,63466700,0.727,44016700,0.726,49488200,0.731,28416200,0.732,44413200,0.733,51001500,0.734,33736600,0.735,23578000,1639,99999,0
sh513130,09:34:40,1768959282807,5657.03,0.8919,2.8375,0.731,0.7312,-0.0274,660300,482186,0.7303,0.730,97484300,0.729,87083400,0.728,63466700,0.727,44018700,0.726,49488200,0.731,34874900,0.732,45343900,0.733,51001500,0.734,33736600,0.735,23578000,1470,99999,0
sh513130,09:34:43,1768959286807,5657.67,0.8919,4.6177,0.731,0.7312,-0.0274,1114500,813689,0.7301,0.730,97224100,0.729,87707900,0.728,64395500,0.727,44024900,0.726,49488200,0.731,32683400,0.732,44468500,0.733,51064200,0.734,33679000,0.735,23863000,1147,99999,0
sh513130,09:34:46,1768959288813,5657.85,0.8919,7.0944,0.731,0.7305,0.0684,889800,649838,0.7303,0.730,97017900,0.729,87654800,0.728,65303500,0.727,44024400,0.726,49537700,0.731,30564300,0.732,43720100,0.733,51064200,0.734,33679000,0.735,23863000,1009,99999,0
sh513130,09:34:49,1768959292794,5657.22,0.8919,4.3038,0.73,0.7305,-0.0684,1445600,1055602,0.7302,0.730,96300500,0.729,87423800,0.728,66170200,0.727,44025600,0.726,49732700,0.731,27085300,0.732,44939200,0.733,51165200,0.734,33851800,0.735,23930600,671,99999,0
sh513130,09:34:52,1768959295791,5656.12,0.8919,2.3854,0.731,0.7305,0.0684,203900,148936,0.7304,0.730,96455200,0.729,87437800,0.728,67050900,0.727,44030800,0.726,49732800,0.731,28354900,0.732,45614600,0.733,51165200,0.734,33938000,0.735,24220600,642,99999,0
sh513130,09:34:55,1768959297790,5657.55,0.8919,2.7834,0.731,0.7305,0.0684,3966100,2899149,0.731,0.730,96238000,0.729,87392600,0.728,67900100,0.727,44060800,0.726,49766600,0.731,26542100,0.732,46450200,0.733,51165200,0.734,38879300,0.735,24230600,711,99999,0
sh513130,09:34:58,1768959299796,5657.51,0.8919,2.0401,0.73,0.7312,-0.1641,2652700,1937484,0.7304,0.730,94890000,0.729,87505900,0.728,68859800,0.727,44261900,0.726,49766600,0.731,25660700,0.732,47324200,0.733,51066300,0.734,38879300,0.735,24246300,658,99999,0
sh513130,09:34:55,1768959300800,5657.51,0.8919,2.6948,0.731,0.7305,0.0684,0,0,0.731,0.730,96238000,0.729,87392600,0.728,67900100,0.727,44060800,0.726,49766600,0.731,26542100,0.732,46450200,0.733,51165200,0.734,38879300,0.735,24230600,49,99999,2
sh513130,09:34:58,1768959301805,5657.44,0.8919,2.2293,0.73,0.7312,-0.1641,0,0,0.73,0.730,94890000,0.729,87505900,0.728,68859800,0.727,44261900,0.726,49766600,0.731,25660700,0.732,47324200,0.733,51066300,0.734,38879300,0.735,24246300,690,99999,0
sh513130,09:35:01,1768959303803,5656.89,0.8919,1.905,0.731,0.7305,0.0684,1146400,837656,0.7307,0.730,97625900,0.729,89201000,0.728,69881600,0.727,50262900,0.726,49803600,0.731,31232300,0.732,48878200,0.733,51066300,0.734,42879300,0.735,24346300,280,99999,0
sh513130,09:35:04,1768959305804,5656.78,0.8919,3.518,0.731,0.7305,0.0684,386800,282687,0.7308,0.730,118143900,0.729,98886500,0.728,69883700,0.727,50216800,0.726,49823300,0.731,18866800,0.732,81401900,0.733,83226000,0.734,42914300,0.735,24446300,676,99999,0
sh513130,09:35:01,1768959306803,5656.78,0.8919,3.3602,0.731,0.7305,0.0684,0,0,0.731,0.730,97625900,0.729,89201000,0.728,69881600,0.727,50262900,0.726,49803600,0.731,31232300,0.732,48878200,0.733,51066300,0.734,42879300,0.735,24346300,1676,99999,2
sh513130,09:35:04,1768959307807,5656.48,0.8919,3.0846,0.731,0.7305,0.0684,0,0,0.731,0.730,118143900,0.729,98886500,0.728,69883700,0.727,50216800,0.726,49823300,0.731,18866800,0.732,81401900,0.733,83226000,0.734,42914300,0.735,24446300,561,99999,0
sh513130,09:35:07,1768959309807,5657.04,0.8919,3.054,0.731,0.7305,0.0684,5666800,4142293,0.731,0.730,118646300,0.729,98906500,0.728,69924400,0.727,49267200,0.726,47833300,0.731,66332400,0.732,75909200,0.733,76704600,0.734,42914300,0.735,24307500,402,99999,0
sh513130,09:35:10,1768959311803,5655.51,0.8919,2.1471,0.731,0.7305,0.0684,1893700,1384263,0.731,0.730,118844200,0.729,98804500,0.728,69943600,0.727,49263200,0.726,47803800,0.731,65369600,0.732,77180900,0.733,76704600,0.734,42464300,0.735,24309100,245,99999,0
sh513130,09:35:07,1768959312809,5655.51,0.8919,2.488,0.731,0.7305,0.0684,0,0,0.731,0.730,118646300,0.729,98906500,0.728,69924400,0.727,49267200,0.726,47833300,0.731,66332400,0.732,75909200,0.733,76704600,0.734,42914300,0.735,24307500,1249,99999,2
sh513130,09:35:10,1768959313803,5655.5,0.8919,2.4402,0.731,0.7305,0.0684,0,0,0.731,0.730,118844200,0.729,98804500,0.728,69943600,0.727,49263200,0.726,47803800,0.731,65369600,0.732,77180900,0.733,76704600,0.734,42464300,0.735,24309100,94,99999,0
sh513130,09:35:13,1768959316813,5656.27,0.8919,4.4053,0.731,0.7312,-0.0274,10647000,7772885,0.7301,0.730,108790500,0.729,98896400,0.728,70005900,0.727,49435800,0.726,47828000,0.731,68776200,0.732,78057900,0.733,76921500,0.734,42454900,0.735,24910400,944,99999,0
sh513130,09:35:16,1768959319804,5659.32,0.8919,7.6323,0.73,0.7312,-0.1641,958400,700069,0.7305,0.730,110481700,0.729,98957300,0.728,70137500,0.727,49097800,0.726,47828000,0.731,56745100,0.732,79313500,0.733,76921500,0.734,42354900,0.735,24911200,664,99999,0
sh513130,09:35:19,1768959321805,5658.89,0.8919,6.3954,0.731,0.7312,-0.0274,27741700,20279198,0.731,0.731,27626400,0.730,108923900,0.729,94143700,0.728,62858300,0.727,49107800,0.732,76236000,0.733,78287800,0.734,45344900,0.735,25011200,0.736,29144900,718,99999,0
sh513130,09:35:22,1768959325805,5658.73,0.8919,5.5299,0.731,0.7312,-0.0274,747000,546067,0.731,0.731,71171700,0.730,109076500,0.729,87030200,0.728,52105000,0.727,48117800,0.732,76737200,0.733,78339900,0.734,45344900,0.735,25021200,0.736,29144900,669,99999,0
sh513130,09:35:25,1768959326813,5658.73,0.8919,5.5028,0.731,0.7312,-0.0274,101700,74362,0.7312,0.731,83498400,0.730,114090500,0.729,89404800,0.728,45543800,0.727,48085200,0.732,76025200,0.733,79192700,0.734,45359900,0.735,28015300,0.736,29094900,165,99999,0
sh513130,09:35:28,1768959330804,5662.49,0.8919,4.9385,0.732,0.7312,0.1094,327000,239128,0.7313,0.731,85274500,0.730,114555800,0.729,88340200,0.728,45522400,0.727,48177200,0.732,76443300,0.733,79192700,0.734,54459000,0.735,28015300,0.736,29094900,1685,99999,0
sh513130,09:35:31,1768959333811,5663.46,0.8919,4.5964,0.731,0.7318,-0.1093,508800,372108,0.7313,0.731,90514900,0.730,114782500,0.729,88633700,0.728,45877300,0.727,49333900,0.732,79508700,0.733,79215700,0.734,53902700,0.735,25015300,0.736,29104900,673,99999,0
sh513130,09:35:34,1768959336814,5662.86,0.8919,3.9623,0.732,0.7318,0.0273,293100,214285,0.7311,0.731,91396000,0.730,114883900,0.729,88576000,0.728,46337400,0.727,49340800,0.732,80110500,0.733,80068500,0.734,53902700,0.735,26115300,0.736,29108400,1539,99999,0
sh513130,09:35:37,1768959340815,5661.97,0.8919,4.6679,0.731,0.7312,-0.0274,431000,315106,0.7311,0.731,99069100,0.730,114826800,0.729,88819200,0.728,46563600,0.727,49414800,0.732,82305700,0.733,85240900,0.734,53998700,0.735,25257900,0.736,29108400,1227,99999,0
sh513130,09:35:40,1768959342815,5661.43,0.8919,3.2742,0.732,0.7312,0.1094,45400,33197,0.7312,0.731,100306000,0.730,115004600,0.729,88851800,0.728,47667300,0.727,49425500,0.732,81534800,0.733,86351000,0.734,54008700,0.735,25257900,0.736,29108400,1074,99999,0
sh513130,09:35:43,1768959344815,5662.21,0.8919,4.773,0.732,0.7312,0.1094,715400,523415,0.7316,0.731,100758100,0.730,115498800,0.729,88868300,0.728,53700700,0.727,49355500,0.732,81732500,0.733,87203800,0.734,54068700,0.735,30257900,0.736,29096600,918,99999,0
sh513130,09:35:40,1768959345816,5663.74,0.8919,5.1614,0.732,0.7312,0.1094,0,0,0.732,0.731,100306000,0.730,115004600,0.729,88851800,0.728,47667300,0.727,49425500,0.732,81534800,0.733,86351000,0.734,54008700,0.735,25257900,0.736,29108400,705,99999,2
sh513130,09:35:43,1768959346821,5663.74,0.8919,5.0852,0.732,0.7312,0.1094,0,0,0.732,0.731,100758100,0.730,115498800,0.729,88868300,0.728,53700700,0.727,49355500,0.732,81732500,0.733,87203800,0.734,54068700,0.735,30257900,0.736,29096600,766,99999,0
sh513130,09:35:46,1768959349821,5663.98,0.8919,2.4949,0.732,0.7312,0.1094,835600,611344,0.7316,0.731,101670700,0.730,115438600,0.729,88786200,0.728,53703400,0.727,49355500,0.732,73147500,0.733,88168200,0.734,82065900,0.735,33257900,0.736,29096600,627,99999,0
sh513130,09:35:49,1768959350815,5663.98,0.8919,3.3495,0.732,0.7312,0.1094,112600,82371,0.7315,0.731,102699200,0.730,115286000,0.729,88733000,0.728,53703400,0.727,49393600,0.732,78894900,0.733,88168200,0.734,82065900,0.735,33589200,0.736,29096600,446,99999,0
sh513130,09:35:52,1768959355812,5664.38,0.8919,4.9378,0.732,0.7318,0.0273,730700,534617,0.7317,0.731,103723100,0.730,115087300,0.729,88758500,0.728,51735200,0.727,49393600,0.732,25945800,0.733,89049000,0.734,82065900,0.735,34163900,0.736,29836400,749,99999,0
sh513130,09:35:55,1768959357813,5665.04,0.8919,3.3912,0.732,0.7318,0.0273,27376500,20039598,0.732,0.732,12023200,0.731,105174200,0.730,110122100,0.729,89751200,0.728,53605100,0.733,92700500,0.734,83077900,0.735,39163900,0.736,29857400,0.737,19482800,492,99999,0
sh513130,09:35:58,1768959360812,5663.86,0.8919,0.9022,0.732,0.7318,0.0273,12636500,9249874,0.732,0.731,100790400,0.730,111427300,0.729,89694100,0.728,53589800,0.727,49452700,0.732,77152200,0.733,87546100,0.734,83065500,0.735,36166900,0.736,29757400,1715,99999,0
sh513130,09:36:01,1768959362807,5662.49,0.8919,5.687,0.732,0.7312,0.1094,600400,439473,0.732,0.731,93682900,0.730,111625700,0.729,89706500,0.728,53540800,0.727,49443100,0.732,76723400,0.733,87693100,0.734,83075500,0.735,36182300,0.736,29757400,1639,99999,0
sh513130,09:36:04,1768959366804,5661.92,0.8919,4.0438,0.732,0.7312,0.1094,928700,679800,0.732,0.731,96154300,0.730,111695000,0.729,89705700,0.728,53495600,0.727,49447900,0.732,81343800,0.733,88043000,0.734,82927200,0.735,31282300,0.736,29757400,1307,99999,0
sh513130,09:36:07,1768959371817,5660.49,0.8919,1.2454,0.732,0.7312,0.1094,328100,240103,0.7318,0.731,67689900,0.730,117393300,0.729,90605200,0.728,53495600,0.727,49405900,0.732,81839600,0.733,88220400,0.734,82927200,0.735,31282300,0.736,30757900,741,99999,0
sh513130,09:36:10,1768959373821,5659.66,0.8919,1.0416,0.732,0.7312,0.1094,276100,202007,0.7316,0.731,60004100,0.730,117502800,0.729,92463700,0.728,58496500,0.727,49405900,0.732,82734100,0.733,88205400,0.734,81937200,0.735,31312300,0.736,30757900,696,99999,0
sh513130,09:36:13,1768959375817,5660.17,0.8919,0.1686,0.732,0.7312,0.1094,767300,561637,0.732,0.731,59749200,0.730,117636400,0.729,93326500,0.728,58546500,0.727,49401900,0.732,82082700,0.733,88334700,0.734,81372700,0.735,31312300,0.736,30757900,758,99999,0
sh513130,09:36:16,1768959379834,5662.41,0.8919,7.4695,0.732,0.7312,0.1094,147800,108184,0.732,0.731,92274300,0.730,112033200,0.729,89796500,0.728,58618100,0.727,49359000,0.732,81107900,0.733,88348500,0.734,83214900,0.735,31312300,0.736,30757900,661,99999,0
sh513130,09:36:19,1768959380841,5662.41,0.8919,6.8304,0.732,0.7312,0.1094,1435600,1050169,0.7315,0.731,99558900,0.730,112191900,0.729,89699500,0.728,53605900,0.727,49323200,0.732,79509700,0.733,88841400,0.734,83214900,0.735,32282300,0.736,30727900,239,99999,0
sh513130,09:36:22,1768959385845,5662.45,0.8919,4.0313,0.731,0.7318,-0.1093,506300,370497,0.7318,0.731,99169000,0.730,113078700,0.729,90708600,0.728,53768500,0.727,48323200,0.732,80474300,0.733,88841400,0.734,84066600,0.735,31282300,0.736,30727900,712,99999,0
sh513130,09:36:25,1768959387847,5662.12,0.8919,4.1751,0.732,0.7318,0.0273,47100,34466,0.7318,0.731,102588300,0.730,114227000,0.729,90705800,0.728,53803500,0.727,49184000,0.732,70229900,0.733,94441400,0.734,84066600,0.735,32307700,0.736,30727900,713,99999,0
sh513130,09:36:28,1768959390835,5663.83,0.8919,3.2314,0.732,0.7318,0.0273,1239000,906934,0.732,0.731,105006200,0.730,115323100,0.729,90750800,0.728,53812000,0.727,49184000,0.732,75346900,0.733,89168500,0.734,84066700,0.735,32307700,0.736,30757900,1605,99999,0
sh513130,09:36:31,1768959394835,5666.07,0.8919,3.3276,0.732,0.7318,0.0273,274500,200885,0.7318,0.731,105747300,0.730,116415600,0.729,90799200,0.728,53791000,0.727,49211200,0.732,67901800,0.733,89764500,0.734,84136700,0.735,34247700,0.736,30757900,1286,99999,0
sh513130,09:36:34,1768959395833,5666.39,0.8919,4.9523,0.732,0.7318,0.0273,16281900,11918631,0.732,0.732,12035000,0.731,106627400,0.730,115540400,0.729,90929400,0.728,53655000,0.733,95037800,0.734,85146700,0.735,34247700,0.736,30793400,0.737,20747200,126,99999,0
sh513130,09:36:37,1768959400845,5668.16,0.8919,4.4835,0.732,0.7318,0.0273,418100,306050,0.732,0.732,79965500,0.731,101926500,0.730,107225500,0.729,68752700,0.728,52715000,0.733,79200100,0.734,84146700,0.735,35217700,0.736,31893400,0.737,20747200,812,99999,0
sh513130,09:36:40,1768959402846,5670.07,0.8919,5.118,0.732,0.7318,0.0273,584200,427635,0.732,0.732,92413300,0.731,102339700,0.730,101406000,0.729,63760000,0.728,52715000,0.733,82930600,0.734,84898400,0.735,41207700,0.736,31893400,0.737,20747200,661,99999,0
sh513130,09:36:43,1768959405837,5670.87,0.8919,5.0341,0.733,0.7325,0.0683,263000,192558,0.7322,0.732,92919000,0.731,102385800,0.730,101533000,0.729,69140400,0.728,52717000,0.733,83304700,0.734,84897500,0.735,41207700,0.736,35793400,0.737,20747200,741,99999,0
sh513130,09:36:46,1768959408845,5670.69,0.8919,6.1444,0.733,0.7325,0.0683,281700,206461,0.7329,0.732,92953800,0.731,102446700,0.730,101441400,0.729,71647500,0.728,52736000,0.733,83400600,0.734,84897500,0.735,41141100,0.736,34794700,0.737,20747200,205,99999,0
sh513130,09:36:49,1768959411844,5670.2,0.8919,4.9776,0.733,0.7325,0.0683,1049800,769487,0.733,0.732,95987500,0.731,102888100,0.730,89750800,0.729,69639900,0.728,52748400,0.733,83930300,0.734,84897500,0.735,41176100,0.736,35814700,0.737,20747200,707,99999,0
sh513130,09:36:52,1768959413849,5670.82,0.8919,3.9672,0.733,0.7325,0.0683,1710800,1253920,0.7329,0.732,96710300,0.731,102876600,0.730,88808900,0.729,69674300,0.728,53310200,0.733,82332700,0.734,84953500,0.735,41176100,0.736,35939700,0.737,20744200,474,99999,0
sh513130,09:36:49,1768959414852,5670.82,0.8919,3.8626,0.733,0.7325,0.0683,0,0,0.733,0.732,95987500,0.731,102888100,0.730,89750800,0.729,69639900,0.728,52748400,0.733,83930300,0.734,84897500,0.735,41176100,0.736,35814700,0.737,20747200,1478,99999,2
sh513130,09:36:52,1768959415859,5670.74,0.8919,3.7674,0.733,0.7325,0.0683,0,0,0.733,0.732,96710300,0.731,102876600,0.730,88808900,0.729,69674300,0.728,53310200,0.733,82332700,0.734,84953500,0.735,41176100,0.736,35939700,0.737,20744200,732,99999,0
sh513130,09:36:55,1768959417849,5670.5,0.8919,3.7603,0.733,0.7325,0.0683,124100,90936,0.7328,0.732,97747300,0.731,102993700,0.730,88742300,0.729,69702900,0.728,53932000,0.733,83590400,0.734,85270500,0.735,41303000,0.736,34939700,0.737,21267200,563,99999,0
sh513130,09:36:58,1768959420874,5671.83,0.8919,6.7278,0.733,0.7325,0.0683,1301600,954003,0.7329,0.732,99760800,0.731,102674100,0.730,88783900,0.729,69711600,0.728,53845900,0.733,81242700,0.734,85250500,0.735,41291900,0.736,35939700,0.737,21267200,1428,99999,0
sh513130,09:37:01,1768959423864,5671.16,0.8919,5.3857,0.733,0.7331,-0.0136,440800,323084,0.7329,0.732,92379500,0.731,102992200,0.730,88685300,0.729,69721900,0.728,51864300,0.733,83701200,0.734,85798500,0.735,41334500,0.736,34939700,0.737,21866400,95,99999,0
sh513130,09:36:58,1768959424864,5671.16,0.8919,4.6405,0.733,0.7325,0.0683,0,0,0.733,0.732,99760800,0.731,102674100,0.730,88783900,0.729,69711600,0.728,53845900,0.733,81242700,0.734,85250500,0.735,41291900,0.736,35939700,0.737,21267200,1093,99999,2
sh513130,09:37:04,1768959425870,5671.85,0.8919,3.941,0.733,0.7331,-0.0136,5321600,3900730,0.733,0.732,95613100,0.731,103081900,0.730,88675900,0.729,69685000,0.728,52884400,0.733,62491500,0.734,91399500,0.735,65432100,0.736,42939700,0.737,21866400,751,99999,0
sh513130,09:37:01,1768959426876,5671.85,0.8919,5.3865,0.733,0.7331,-0.0136,0,0,0.733,0.732,92379500,0.731,102992200,0.730,88685300,0.729,69721900,0.728,51864300,0.733,83701200,0.734,85798500,0.735,41334500,0.736,34939700,0.737,21866400,949,99999,2
sh513130,09:37:04,1768959427876,5671.72,0.8919,3.7418,0.733,0.7331,-0.0136,0,0,0.733,0.732,95613100,0.731,103081900,0.730,88675900,0.729,69685000,0.728,52884400,0.733,62491500,0.734,91399500,0.735,65432100,0.736,42939700,0.737,21866400,784,99999,0
sh513130,09:37:07,1768959430870,5672.62,0.8919,3.5283,0.733,0.7325,0.0683,877800,642993,0.7325,0.732,95384000,0.731,103150200,0.730,88635100,0.729,69656500,0.728,52733400,0.733,63132400,0.734,92257600,0.735,65532100,0.736,42951500,0.737,21866400,625,99999,0
sh513130,09:37:10,1768959433893,5671.94,0.8919,3.7057,0.733,0.7325,0.0683,406000,297592,0.733,0.732,96375000,0.731,104294500,0.730,88891400,0.729,68559200,0.728,52744500,0.733,62802300,0.734,92106700,0.735,65534100,0.736,43005400,0.737,21866400,835,99999,0
sh513130,09:37:13,1768959435881,5671.76,0.8919,3.1849,0.733,0.7331,-0.0136,428300,313932,0.733,0.732,97600600,0.731,104330600,0.730,86855000,0.729,69279200,0.728,53252100,0.733,72027400,0.734,87126100,0.735,66606700,0.736,43109000,0.737,21866400,498,99999,0
sh513130,09:37:16,1768959439893,5671.41,0.8919,1.6535,0.733,0.7331,-0.0136,58900,43174,0.733,0.732,97820900,0.731,105113400,0.730,87288800,0.729,69309200,0.728,53290600,0.733,74044100,0.734,87140600,0.735,66606700,0.736,41109000,0.737,21866400,785,99999,0
sh513130,09:37:19,1768959441880,5671.3,0.8919,2.2587,0.733,0.7331,-0.0136,329300,241291,0.7327,0.732,97836000,0.731,106229300,0.730,87225300,0.729,69312200,0.728,53287800,0.733,79214100,0.734,87273600,0.735,66605900,0.736,36109000,0.737,21866400,772,99999,0
sh513130,09:37:22,1768959443893,5671.14,0.8919,4.9363,0.733,0.7331,-0.0136,896700,657280,0.733,0.732,97007500,0.731,108012100,0.730,87274400,0.729,69282200,0.728,53305800,0.733,80145700,0.734,87283600,0.735,66918800,0.736,35209000,0.737,21866400,710,99999,0
sh513130,09:37:25,1768959447881,5670.22,0.8919,2.4657,0.733,0.7325,0.0683,343000,251354,0.7328,0.732,97272300,0.731,108855700,0.730,87413100,0.729,69898800,0.728,53405800,0.733,79027800,0.734,87873600,0.735,67167400,0.736,36159000,0.737,22226400,393,99999,0
sh513130,09:37:28,1768959449892,5668.23,0.8919,0.3346,0.732,0.7325,-0.0683,1418100,1039354,0.7329,0.732,70901200,0.731,109648000,0.730,87560400,0.729,69951800,0.728,53414000,0.733,79099000,0.734,87903600,0.735,68165900,0.736,35196200,0.737,22236400,243,99999,0
sh513130,09:37:31,1768959453882,5667.95,0.8919,0.0931,0.733,0.7325,0.0683,330200,241905,0.7326,0.732,95678600,0.731,109633000,0.730,87259100,0.729,70240600,0.728,53374700,0.733,79939800,0.734,88745700,0.735,67125900,0.736,35196200,0.737,22236400,424,99999,0
sh513130,09:37:34,1768959455895,5667.33,0.8919,0.5252,0.733,0.7325,0.0683,37600,27552,0.7328,0.732,41957300,0.731,115304200,0.730,88171700,0.729,70242100,0.728,53235300,0.733,79986300,0.734,88745700,0.735,67127400,0.736,35363700,0.737,22236400,705,99999,0
sh513130,09:37:37,1768959458897,5666.96,0.8919,4.7632,0.733,0.7325,0.0683,151600,111061,0.7326,0.732,42971400,0.731,115360100,0.730,97133000,0.729,85241200,0.728,53189800,0.733,80218200,0.734,88745700,0.735,67213300,0.736,35601500,0.737,22236400,609,99999,0
sh513130,09:37:40,1768959462889,5668.36,0.8919,2.3539,0.733,0.7325,0.0683,505800,370569,0.7326,0.732,59766000,0.731,115438100,0.730,98082000,0.729,70107500,0.728,53235500,0.733,80288800,0.734,88772900,0.735,67213300,0.736,35601500,0.737,22236400,299,99999,0
sh513130,09:37:43,1768959464892,5667.76,0.8919,1.4854,0.733,0.7325,0.0683,179700,131720,0.733,0.732,69369500,0.731,115537500,0.730,91549100,0.729,69214900,0.728,53240400,0.733,81142000,0.734,88786500,0.735,67213300,0.736,35601500,0.737,22236400,142,99999,0
sh513130,09:37:46,1768959468893,5665.66,0.8919,0.9143,0.732,0.7325,-0.0683,116800,85541,0.7324,0.732,33985400,0.731,116501700,0.730,100533300,0.729,87211000,0.728,53238200,0.733,81443600,0.734,89786500,0.735,66213300,0.736,35874900,0.737,22236400,1801,99999,0
sh513130,09:37:49,1768959472880,5666.0,0.8919,2.1949,0.733,0.7325,0.0683,2732800,2000550,0.7321,0.732,87167900,0.731,110986800,0.730,94156400,0.729,69396300,0.728,53209600,0.733,81376600,0.734,89039800,0.735,67264600,0.736,36174700,0.737,22236400,1670,99999,0
sh513130,09:37:52,1768959473896,5666.66,0.8919,2.7834,0.733,0.7318,0.164,90400,66204,0.7323,0.732,77060600,0.731,116711400,0.730,93209100,0.729,71128600,0.728,53214600,0.733,81979800,0.734,89064800,0.735,67264600,0.736,36174700,0.737,22236400,534,99999,0
sh513130,09:37:55,1768959478905,5665.92,0.8919,0.8617,0.733,0.7318,0.164,724100,530162,0.7322,0.732,39115500,0.731,116755900,0.730,102395800,0.729,88891400,0.728,53103400,0.733,83641200,0.734,88801500,0.735,67267600,0.736,36188200,0.737,22256400,1233,99999,0
sh513130,09:37:58,1768959480908,5666.14,0.8919,3.6207,0.732,0.7318,0.0273,1704800,1248265,0.7322,0.732,21499100,0.731,116769700,0.730,102510200,0.729,90746600,0.728,53064900,0.733,88124300,0.734,89816500,0.735,66267600,0.736,36588200,0.737,22256400,1073,99999,0
sh513130,09:38:01,1768959482895,5665.99,0.8919,3.1566,0.733,0.7318,0.164,721200,527992,0.7321,0.732,38309300,0.731,116768400,0.730,102787400,0.729,91605400,0.728,55014900,0.733,89707900,0.734,89926500,0.735,66226200,0.736,36595200,0.737,22256400,898,99999,0
sh513130,09:37:58,1768959484905,5666.07,0.8919,3.3494,0.732,0.7318,0.0273,0,0,0.732,0.732,21499100,0.731,116769700,0.730,102510200,0.729,90746600,0.728,53064900,0.733,88124300,0.734,89816500,0.735,66267600,0.736,36588200,0.737,22256400,747,99999,2
sh513130,09:38:04,1768959485906,5666.22,0.8919,3.5139,0.733,0.7318,0.164,125300,91845,0.733,0.732,94795200,0.731,111168400,0.730,90084800,0.729,69398300,0.728,54005000,0.733,78294000,0.734,88926500,0.735,67253200,0.736,37595200,0.737,22256400,656,99999,0
sh513130,09:38:07,1768959489930,5671.09,0.8919,3.7208,0.733,0.7318,0.164,57300,41991,0.7328,0.732,100015800,0.731,110816000,0.730,89258900,0.729,69441500,0.728,53995900,0.733,72224900,0.734,95388100,0.735,68243200,0.736,37595200,0.737,22256400,836,99999,0
sh513130,09:38:10,1768959491910,5671.17,0.8919,3.8176,0.733,0.7325,0.0683,591100,432916,0.7324,0.732,100690100,0.731,110975100,0.730,89625700,0.729,69470100,0.728,54007100,0.733,70139200,0.734,95388100,0.735,67971000,0.736,39595200,0.737,22616200,836,99999,0
sh513130,09:38:07,1768959492918,5671.17,0.8919,3.8966,0.733,0.7318,0.164,0,0,0.733,0.732,100015800,0.731,110816000,0.730,89258900,0.729,69441500,0.728,53995900,0.733,72224900,0.734,95388100,0.735,68243200,0.736,37595200,0.737,22256400,111,99999,2
sh513130,09:38:10,1768959493911,5672.6,0.8919,5.953,0.733,0.7325,0.0683,0,0,0.733,0.732,100690100,0.731,110975100,0.730,89625700,0.729,69470100,0.728,54007100,0.733,70139200,0.734,95388100,0.735,67971000,0.736,39595200,0.737,22616200,843,99999,0
sh513130,09:38:13,1768959494925,5672.6,0.8919,4.9855,0.733,0.7325,0.0683,1671600,1225181,0.7329,0.732,102110800,0.731,110932200,0.730,89658000,0.729,69515800,0.728,53968600,0.733,34572000,0.734,95524500,0.735,87008900,0.736,39595300,0.737,22616200,1858,99999,0
sh513130,09:38:16,1768959498933,5674.26,0.8919,4.5461,0.733,0.7325,0.0683,21017100,15405535,0.733,0.733,47105900,0.732,103320900,0.731,103922600,0.730,86909300,0.729,69534700,0.734,97313200,0.735,87023800,0.736,45692100,0.737,22637700,0.738,26443700,1814,99999,0
sh513130,09:38:19,1768959501937,5673.98,0.8919,5.3488,0.733,0.7325,0.0683,40276100,29522351,0.733,0.732,104395800,0.731,104938900,0.730,89656200,0.729,69507500,0.728,53987200,0.733,2185800,0.734,97231000,0.735,88023800,0.736,44679800,0.737,22642700,489,99999,0
sh513130,09:38:22,1768959505936,5673.54,0.8919,3.1984,0.734,0.7331,0.1228,2500500,1832871,0.733,0.733,6797300,0.732,105702400,0.731,104937200,0.730,89724000,0.729,69413600,0.734,97007900,0.735,88065400,0.736,44679800,0.737,22642700,0.738,26443800,172,99999,0
sh513130,09:38:25,1768959507937,5673.03,0.8919,3.5392,0.733,0.7331,-0.0136,5708000,4184102,0.733,0.732,107099400,0.731,104886300,0.730,89687300,0.729,69354000,0.728,53824400,0.733,49489600,0.734,95394300,0.735,87062400,0.736,42679800,0.737,22634000,12,99999,0
sh513130,09:38:28,1768959511929,5672.53,0.8919,3.6375,0.733,0.7331,-0.0136,2314200,1696167,0.7329,0.732,108198400,0.731,104806200,0.730,89574700,0.729,69352000,0.728,53824400,0.733,19522700,0.734,98438500,0.735,87112400,0.736,44712500,0.737,22647000,830,99999,0
sh513130,09:38:31,1768959512929,5672.53,0.8919,3.2575,0.733,0.7332,-0.0273,1965200,1439892,0.7327,0.732,108746800,0.731,104860100,0.730,89565300,0.729,69352100,0.728,53824400,0.733,8396200,0.734,100985100,0.735,90114400,0.736,42777500,0.737,22647000,680,99999,0
sh513130,09:38:34,1768959515931,5673.74,0.8919,4.087,0.733,0.7332,-0.0273,7824600,5735432,0.733,0.732,110011600,0.731,104962600,0.730,89702800,0.729,69320100,0.728,53744600,0.733,1882900,0.734,102230100,0.735,91124400,0.736,41647100,0.737,22647000,796,99999,0
sh513130,09:38:37,1768959518941,5673.82,0.8919,3.5286,0.733,0.7332,-0.0273,2785700,2040918,0.7326,0.732,109906300,0.731,104981500,0.730,89793700,0.729,69528400,0.728,53744600,0.733,19555600,0.734,96490700,0.735,91845400,0.736,39647100,0.737,22647000,220,99999,0
sh513130,09:38:40,1768959522944,5672.52,0.8919,3.4695,0.733,0.7332,-0.0273,480400,352109,0.7329,0.732,110861000,0.731,105148000,0.730,89858700,0.729,69688100,0.728,53736600,0.733,52627100,0.734,97002400,0.735,91885400,0.736,39658900,0.737,23044400,1814,99999,0
sh513130,09:38:43,1768959524946,5672.84,0.8919,2.6254,0.733,0.7332,-0.0273,564200,413504,0.7329,0.732,111302000,0.731,105162600,0.730,90016900,0.729,69730100,0.728,53625700,0.733,40673400,0.734,103237600,0.735,90949000,0.736,39658900,0.737,23044400,1802,99999,0
sh513130,09:38:40,1768959525946,5672.48,0.8919,2.6888,0.733,0.7332,-0.0273,0,0,0.733,0.732,110861000,0.731,105148000,0.730,89858700,0.729,69688100,0.728,53736600,0.733,52627100,0.734,97002400,0.735,91885400,0.736,39658900,0.737,23044400,750,99999,2
sh513130,09:38:43,1768959526952,5672.48,0.8919,2.7672,0.733,0.7332,-0.0273,0,0,0.733,0.732,111302000,0.731,105162600,0.730,90016900,0.729,69730100,0.728,53625700,0.733,40673400,0.734,103237600,0.735,90949000,0.736,39658900,0.737,23044400,1756,99999,0
sh513130,09:38:46,1768959527944,5672.53,0.8919,3.8013,0.733,0.7332,-0.0273,2121100,1553009,0.7322,0.732,109665800,0.731,105830800,0.730,89959800,0.729,69703600,0.728,53602700,0.733,60874600,0.734,103243600,0.735,91769500,0.736,39673400,0.737,23044400,596,99999,0
sh513130,09:38:49,1768959532955,5672.51,0.8919,4.7731,0.733,0.7332,-0.0273,360000,263874,0.733,0.732,109691600,0.731,105869900,0.730,89963900,0.729,69631800,0.728,53582700,0.733,67070200,0.734,97648600,0.735,92620000,0.736,39673400,0.737,23044400,1270,99999,0
sh513130,09:38:52,1768959533940,5673.32,0.8919,4.579,0.733,0.7325,0.0683,323200,236890,0.733,0.732,109810600,0.731,105877900,0.730,89370500,0.729,69613800,0.728,53682700,0.733,52477100,0.734,103879800,0.735,93421800,0.736,40183200,0.737,23044400,91,99999,0
sh513130,09:38:49,1768959534935,5673.32,0.8919,4.8008,0.733,0.7332,-0.0273,0,0,0.733,0.732,109691600,0.731,105869900,0.730,89963900,0.729,69631800,0.728,53582700,0.733,67070200,0.734,97648600,0.735,92620000,0.736,39673400,0.737,23044400,1087,99999,2
sh513130,09:38:52,1768959535940,5672.39,0.8919,4.5767,0.733,0.7325,0.0683,0,0,0.733,0.732,109810600,0.731,105877900,0.730,89370500,0.729,69613800,0.728,53682700,0.733,52477100,0.734,103879800,0.735,93421800,0.736,40183200,0.737,23044400,801,99999,0
sh513130,09:38:55,1768959537928,5673.97,0.8919,5.8685,0.732,0.7325,-0.0683,7971400,5835243,0.732,0.732,102085800,0.731,105861900,0.730,89392500,0.729,69588500,0.728,53674000,0.733,54415000,0.734,104037200,0.735,94378200,0.736,40183200,0.737,23044400,819,99999,0
sh513130,09:38:58,1768959540931,5672.11,0.8919,5.1676,0.733,0.7325,0.0683,420000,307849,0.733,0.732,102363000,0.731,105911200,0.730,89431400,0.729,69483600,0.728,53674000,0.733,74449200,0.734,98229900,0.735,95278700,0.736,40183200,0.737,23276600,596,99999,0
sh513130,09:39:01,1768959543931,5672.58,0.8919,2.0313,0.733,0.7325,0.0683,163800,120058,0.733,0.732,102502700,0.731,104617800,0.730,89434700,0.729,69432000,0.728,53688000,0.733,79008100,0.734,98156600,0.735,96162300,0.736,36171400,0.737,23276600,406,99999,0
sh513130,09:39:04,1768959547938,5673.3,0.8919,2.6784,0.733,0.7325,0.0683,190000,139270,0.733,0.732,102651900,0.731,104586800,0.730,89505200,0.729,69449500,0.728,53692000,0.733,5605800,0.734,104570600,0.735,97042800,0.736,42171400,0.737,23276600,815,99999,0
sh513130,09:39:07,1768959549940,5673.57,0.8919,1.9804,0.733,0.7325,0.0683,5066900,3714038,0.733,0.733,14116400,0.732,102781200,0.731,103730300,0.730,89515400,0.729,69460100,0.734,104607300,0.735,99193300,0.736,47181400,0.737,23276600,0.738,26563900,814,99999,0
sh513130,09:39:10,1768959551942,5675.08,0.8919,4.8826,0.733,0.7325,0.0683,4836900,3545448,0.733,0.733,9425100,0.732,104768400,0.731,103760300,0.730,89537600,0.729,69481000,0.734,104831800,0.735,100043800,0.736,47183400,0.737,23276600,0.738,26563900,800,99999,0
sh513130,09:39:13,1768959555927,5675.6,0.8919,2.674,0.733,0.7332,-0.0273,115000,84295,0.733,0.733,17565600,0.732,105925000,0.731,103273100,0.730,95598500,0.729,69323600,0.734,105032100,0.735,100894800,0.736,47183400,0.737,27291600,0.738,26600300,470,99999,0
sh513130,09:39:16,1768959558907,5676.31,0.8919,3.7423,0.733,0.7332,-0.0273,57000,41812,0.7335,0.733,75978900,0.732,103727600,0.731,94249200,0.730,74783800,0.729,69303600,0.734,91588400,0.735,97443300,0.736,48183400,0.737,27291600,0.738,26600300,1299,99999,0
sh513130,09:39:19,1768959560909,5677.12,0.8919,3.1171,0.733,0.7332,-0.0273,263500,193380,0.7339,0.733,9875500,0.732,103894200,0.731,102170100,0.730,90864700,0.729,69334700,0.734,93530500,0.735,99307800,0.736,47233900,0.737,27291600,0.738,26570300,1128,99999,0
sh513130,09:39:16,1768959561901,5675.87,0.8919,3.343,0.733,0.7332,-0.0273,0,0,0.733,0.733,75978900,0.732,103727600,0.731,94249200,0.730,74783800,0.729,69303600,0.734,91588400,0.735,97443300,0.736,48183400,0.737,27291600,0.738,26600300,474,99999,2
sh513130,09:39:19,1768959562900,5675.87,0.8919,3.8724,0.733,0.7332,-0.0273,0,0,0.733,0.733,9875500,0.732,103894200,0.731,102170100,0.730,90864700,0.729,69334700,0.734,93530500,0.735,99307800,0.736,47233900,0.737,27291600,0.738,26570300,951,99999,0
sh513130,09:39:22,1768959563897,5675.4,0.8919,3.0189,0.733,0.7332,-0.0273,7132600,5228302,0.733,0.732,104201800,0.731,103162100,0.730,95904600,0.729,69334700,0.728,53602500,0.733,2849500,0.734,93656200,0.735,100158300,0.736,47233900,0.737,27491600,756,99999,0
sh513130,09:39:25,1768959567880,5675.14,0.8919,1.3201,0.733,0.7332,-0.0273,1220700,894773,0.733,0.732,104513900,0.731,104261900,0.730,95960400,0.729,69324800,0.728,53619800,0.733,2274900,0.734,94701200,0.735,99168300,0.736,47233900,0.737,24491600,783,99999,0
sh513130,09:39:28,1768959570879,5674.66,0.8919,2.612,0.733,0.7332,-0.0273,3617900,2652097,0.733,0.733,885500,0.732,104087200,0.731,104473100,0.730,96004100,0.729,69215800,0.734,95484100,0.735,99669200,0.736,47333900,0.737,24521600,0.738,26934400,301,99999,0
sh513130,09:39:31,1768959572869,5674.89,0.8919,2.3137,0.733,0.7332,-0.0273,283200,207604,0.7331,0.733,5546500,0.732,104545600,0.731,104396700,0.730,95995100,0.729,68883800,0.734,96737900,0.735,99669200,0.736,47333900,0.737,24521600,0.738,26964400,129,99999,0
sh513130,09:39:34,1768959577879,5675.41,0.8919,1.5219,0.734,0.7332,0.1091,1023800,750463,0.733,0.733,14755700,0.732,104576000,0.731,103525700,0.730,95994100,0.729,68883800,0.734,97828100,0.735,99670200,0.736,47332900,0.737,24521600,0.738,26964400,769,99999,0
sh513130,09:39:37,1768959578876,5675.41,0.8919,1.6311,0.733,0.7332,-0.0273,7200,5278,0.7331,0.733,3871900,0.732,104851100,0.731,103432700,0.730,96175400,0.729,68881900,0.734,99918400,0.735,99672200,0.736,48332900,0.737,24849800,0.738,27196500,1765,99999,0
sh513130,09:39:40,1768959581853,5675.45,0.8919,3.0765,0.733,0.7332,-0.0273,135600,99519,0.7339,0.733,6533200,0.732,105012100,0.731,103439700,0.730,96248400,0.729,68881900,0.734,100718100,0.735,99815600,0.736,48400400,0.737,24849800,0.738,27284100,486,99999,0
sh513130,09:39:43,1768959585863,5675.09,0.8919,5.1834,0.734,0.7332,0.1091,526000,385574,0.733,0.733,28385800,0.732,105035700,0.731,103469700,0.730,96260100,0.729,68731200,0.734,101902700,0.735,99808900,0.736,48400400,0.737,24849800,0.738,27284100,185,99999,0
sh513130,09:39:46,1768959587850,5674.98,0.8919,4.8874,0.734,0.7332,0.1091,323400,237343,0.7339,0.733,76585400,0.732,94561400,0.731,89391300,0.730,73057500,0.729,68560600,0.734,88515400,0.735,93818900,0.736,44400400,0.737,24849800,0.738,27294100,11,99999,0
sh513130,09:39:49,1768959590843,5676.07,0.8919,4.978,0.734,0.7332,0.1091,702800,515795,0.7339,0.733,80540500,0.732,94581000,0.731,84462600,0.730,67964100,0.729,67578600,0.734,83891200,0.735,94331500,0.736,87396100,0.737,24849800,0.738,27294100,850,99999,0
sh513130,09:39:52,1768959594834,5678.65,0.8919,5.4491,0.734,0.7332,0.1091,107000,78534,0.734,0.733,81885900,0.732,94804000,0.731,84646600,0.730,67840700,0.729,67635700,0.734,82553900,0.735,95182000,0.736,88368100,0.737,28849800,0.738,27374600,507,99999,0
sh513130,09:39:55,1768959597829,5678.35,0.8919,3.4157,0.734,0.7332,0.1091,371600,272521,0.7334,0.733,82965900,0.732,94475800,0.731,72372700,0.730,67846000,0.729,67598800,0.734,77042100,0.735,95192000,0.736,88368100,0.737,28849800,0.738,27375600,694,99999,0
sh513130,09:39:58,1768959600817,5679.62,0.8919,4.6573,0.734,0.7332,0.1091,1401700,1028848,0.734,0.733,84601900,0.732,94474900,0.731,72472900,0.730,67856700,0.729,67617400,0.734,23115300,0.735,103876300,0.736,88402500,0.737,30849800,0.738,27375600,9,99999,0
sh513130,09:39:55,1768959601814,5679.76,0.8919,3.8098,0.734,0.7332,0.1091,0,0,0.734,0.733,82965900,0.732,94475800,0.731,72372700,0.730,67846000,0.729,67598800,0.734,77042100,0.735,95192000,0.736,88368100,0.737,28849800,0.738,27375600,697,99999,2
sh513130,09:39:58,1768959602816,5679.76,0.8919,3.4032,0.734,0.7332,0.1091,0,0,0.734,0.733,84601900,0.732,94474900,0.731,72472900,0.730,67856700,0.729,67617400,0.734,23115300,0.735,103876300,0.736,88402500,0.737,30849800,0.738,27375600,1697,99999,0
sh513130,09:40:01,1768959603819,5680.7,0.8919,3.0487,0.734,0.7332,0.1091,550400,403973,0.734,0.733,92624100,0.732,99178300,0.731,76722900,0.730,67714700,0.729,67546200,0.734,76363600,0.735,109002800,0.736,93530200,0.737,33849800,0.738,27375600,297,99999,0
sh513130,09:40:04,1768959606819,5680.34,0.8919,6.3405,0.734,0.7339,0.0136,1001600,735166,0.734,0.733,93831100,0.732,99377000,0.731,76022900,0.730,67770000,0.729,67483500,0.734,50872200,0.735,108402800,0.736,93530200,0.737,33849800,0.738,27975600,1664,99999,0
sh513130,09:40:07,1768959609809,5681.53,0.8919,6.3222,0.734,0.7339,0.0136,5564500,4084343,0.734,0.733,96700400,0.732,99250200,0.731,76011400,0.730,67617100,0.729,67503500,0.734,17149000,0.735,108935300,0.736,93531200,0.737,35863300,0.738,27977900,330,99999,0
sh513130,09:40:10,1768959612803,5682.04,0.8919,5.0759,0.734,0.7339,0.0136,1726300,1267005,0.7339,0.733,99099100,0.732,99082800,0.731,76329900,0.730,67627500,0.729,67443500,0.734,18073100,0.735,109747100,0.736,93542200,0.737,35955800,0.738,28103400,1166,99999,0
sh513130,09:40:13,1768959615794,5682.75,0.8919,3.1811,0.734,0.7338,0.0273,19700200,14459947,0.734,0.734,10302700,0.733,99756700,0.732,96159700,0.731,70276500,0.730,67624100,0.735,108591300,0.736,94554200,0.737,36455600,0.738,28124400,0.739,20121600,618,99999,0
sh513130,09:40:16,1768959618783,5682.18,0.8919,3.1592,0.734,0.7338,0.0273,11572300,8494062,0.734,0.733,104825800,0.732,97162200,0.731,70292500,0.730,67516600,0.729,67250400,0.734,3311100,0.735,108642600,0.736,94753200,0.737,36455600,0.738,28224400,669,99999,0
sh513130,09:40:19,1768959622786,5683.38,0.8919,4.0114,0.735,0.7338,0.1635,1686900,1238204,0.734,0.734,40027100,0.733,105699200,0.732,94704000,0.731,68292500,0.730,67561600,0.735,98535700,0.736,94605500,0.737,36455600,0.738,28307400,0.739,20223600,357,99999,0
sh513130,09:40:22,1768959623785,5683.49,0.8919,4.3079,0.735,0.7338,0.1635,354200,260082,0.7343,0.734,40002800,0.733,106464600,0.732,93683700,0.731,68255700,0.730,67540000,0.735,99245300,0.736,94605500,0.737,37736400,0.738,28635600,0.739,20777300,673,99999,0
sh513130,09:40:25,1768959627790,5684.65,0.8919,3.1693,0.734,0.7338,0.0273,1165900,855792,0.734,0.734,76418500,0.733,106485800,0.732,84714700,0.731,47351700,0.730,67560600,0.735,98750000,0.736,95557500,0.737,37776400,0.738,28635600,0.739,20777300,605,99999,0
sh513130,09:40:28,1768959632794,5684.84,0.8919,3.505,0.735,0.7345,0.0681,184900,135888,0.7349,0.734,43498700,0.733,108038000,0.732,80499700,0.731,62343200,0.730,67564700,0.735,100172700,0.736,96659200,0.737,36785400,0.738,29135600,0.739,20777300,1667,99999,0
sh513130,09:40:31,1768959633786,5686.64,0.8919,7.162,0.735,0.7345,0.0681,110800,81418,0.7348,0.734,79959500,0.733,103183400,0.732,72417600,0.731,42162000,0.730,64955000,0.735,99949000,0.736,96530500,0.737,37885400,0.738,29035600,0.739,20772100,579,99999,0
sh513130,09:40:34,1768959637781,5686.86,0.8919,6.2383,0.735,0.7344,0.0817,380200,279382,0.7348,0.734,82337000,0.733,103334700,0.732,67719000,0.731,42120000,0.730,64055000,0.735,91341800,0.736,102242200,0.737,82401100,0.738,37153600,0.739,20795400,269,99999,0
sh513130,09:40:37,1768959639784,5687.8,0.8919,6.1634,0.735,0.7344,0.0817,412900,303412,0.7348,0.734,84071400,0.733,103410700,0.732,67668200,0.731,44344900,0.730,64050600,0.735,68732900,0.736,102498500,0.737,82621100,0.738,37350700,0.739,20815400,111,99999,0
sh513130,09:40:40,1768959643838,5688.99,0.8919,6.6385,0.735,0.7344,0.0817,354700,260701,0.735,0.734,85382100,0.733,103494100,0.732,67604200,0.731,45293000,0.730,64041900,0.735,69529600,0.736,104811900,0.737,82671100,0.738,37350700,0.739,20825400,716,99999,0
sh513130,09:40:43,1768959646784,5688.94,0.8919,6.3148,0.735,0.7345,0.0681,2505000,1841153,0.735,0.734,86316700,0.733,103863500,0.732,70923400,0.731,45293200,0.730,63830800,0.735,40951500,0.736,106811900,0.737,82702000,0.738,39350700,0.739,20702800,639,99999,0
sh513130,09:40:46,1768959649781,5688.27,0.8919,5.589,0.735,0.7345,0.0681,1686700,1239721,0.735,0.734,91402100,0.733,103361100,0.732,70943400,0.731,45300100,0.730,63815800,0.735,72367800,0.736,106796300,0.737,82997000,0.738,42550700,0.739,21495600,478,99999,0
sh513130,09:40:49,1768959651785,5688.42,0.8919,4.7211,0.735,0.7345,0.0681,1077200,791739,0.735,0.734,94065700,0.733,103424700,0.732,70838000,0.731,45267700,0.730,62774400,0.735,58638000,0.736,106922000,0.737,83047000,0.738,42540500,0.739,21545600,703,99999,0
sh513130,09:40:52,1768959655783,5689.13,0.8919,1.6577,0.735,0.7345,0.0681,775100,569694,0.735,0.734,95746400,0.733,103503400,0.732,70838000,0.731,44411400,0.730,62674400,0.735,59383000,0.736,107077000,0.737,83064000,0.738,43840500,0.739,21545600,710,99999,0
sh513130,09:40:55,1768959657783,5688.16,0.8919,1.6404,0.735,0.7345,0.0681,348500,256138,0.735,0.734,96617600,0.733,103425900,0.732,70931900,0.731,44680900,0.730,62967600,0.735,58771800,0.736,107304600,0.737,83064000,0.738,43482100,0.739,22045400,705,99999,0
sh513130,09:40:58,1768959661772,5690.86,0.8919,4.9923,0.735,0.7351,-0.0136,29210100,21469423,0.735,0.735,76713900,0.734,96513600,0.733,90668200,0.732,50483000,0.731,43514200,0.736,100463600,0.737,83095900,0.738,46733700,0.739,22220300,0.740,23962300,506,99999,0
sh513130,09:41:01,1768959664781,5691.38,0.8919,5.3925,0.735,0.7352,-0.0272,799800,587853,0.735,0.735,75114400,0.734,93659100,0.733,84709400,0.732,39205200,0.731,43516400,0.736,99502800,0.737,83115900,0.738,46832100,0.739,22758500,0.740,24102300,1260,99999,0
sh513130,09:41:04,1768959667779,5688.83,0.8919,4.576,0.735,0.7352,-0.0272,28112900,20662982,0.735,0.734,97233900,0.733,94608800,0.732,59133000,0.731,43546400,0.730,63408600,0.735,30111600,0.736,102617200,0.737,84964100,0.738,45852100,0.739,26758500,35,99999,0
sh513130,09:41:07,1768959669770,5688.0,0.8919,3.183,0.735,0.7352,-0.0272,744000,546840,0.735,0.734,98257600,0.733,94755300,0.732,59130400,0.731,43621700,0.730,63361000,0.735,88059300,0.736,97158900,0.737,84964100,0.738,39851100,0.739,28764300,696,99999,0
sh513130,09:41:10,1768959672783,5688.14,0.8919,3.1204,0.735,0.7352,-0.0272,1519400,1116755,0.735,0.734,99408700,0.733,94559000,0.732,59136700,0.731,43709700,0.730,63400900,0.735,55381000,0.736,103166400,0.737,84004100,0.738,38846100,0.739,28764300,701,99999,0
sh513130,09:41:13,1768959676784,5688.6,0.8919,3.965,0.735,0.7352,-0.0272,893900,657004,0.735,0.734,100768700,0.733,95038900,0.732,59153200,0.731,44208400,0.730,62920200,0.735,74741300,0.736,103250500,0.737,84069100,0.738,39590200,0.739,30096600,352,99999,0
sh513130,09:41:16,1768959678792,5688.13,0.8919,5.9066,0.735,0.7352,-0.0272,2514800,1847604,0.7347,0.734,101621200,0.733,95985400,0.732,56415900,0.731,44135400,0.730,63869300,0.735,76201800,0.736,104115100,0.737,84332600,0.738,39608000,0.739,30096600,207,99999,0
sh513130,09:41:13,1768959679788,5688.69,0.8919,5.2353,0.735,0.7352,-0.0272,0,0,0.735,0.734,100768700,0.733,95038900,0.732,59153200,0.731,44208400,0.730,62920200,0.735,74741300,0.736,103250500,0.737,84069100,0.738,39590200,0.739,30096600,564,99999,2
sh513130,09:41:16,1768959680792,5688.69,0.8919,4.3138,0.735,0.7352,-0.0272,0,0,0.735,0.734,101621200,0.733,95985400,0.732,56415900,0.731,44135400,0.730,63869300,0.735,76201800,0.736,104115100,0.737,84332600,0.738,39608000,0.739,30096600,49,99999,0
sh513130,09:41:19,1768959682794,5688.88,0.8919,4.1092,0.734,0.7352,-0.1632,596700,438559,0.735,0.734,102429000,0.733,97072200,0.732,56435900,0.731,44127800,0.730,63875100,0.735,51840000,0.736,104149800,0.737,84359900,0.738,39253900,0.739,30098600,1648,99999,0
sh513130,09:41:22,1768959684793,5688.06,0.8919,4.76,0.735,0.7345,0.0681,319100,234481,0.7348,0.734,102447800,0.733,98329000,0.732,57369000,0.731,44422700,0.730,63879100,0.735,75991000,0.736,104326900,0.737,84759900,0.738,39281200,0.739,30494400,1701,99999,0
sh513130,09:41:25,1768959686790,5688.22,0.8919,3.845,0.735,0.7345,0.0681,128200,94207,0.7348,0.734,102381200,0.733,99193900,0.732,57331000,0.731,44014300,0.730,63908300,0.735,77496500,0.736,104433000,0.737,84759900,0.738,39316200,0.739,30494400,1685,99999,0
sh513130,09:41:22,1768959688789,5687.68,0.8919,3.7227,0.735,0.7345,0.0681,0,0,0.735,0.734,102447800,0.733,98329000,0.732,57369000,0.731,44422700,0.730,63879100,0.735,75991000,0.736,104326900,0.737,84759900,0.738,39281200,0.739,30494400,1571,99999,2
sh513130,09:41:25,1768959689807,5686.13,0.8919,4.7203,0.735,0.7345,0.0681,0,0,0.735,0.734,102381200,0.733,99193900,0.732,57331000,0.731,44014300,0.730,63908300,0.735,77496500,0.736,104433000,0.737,84759900,0.738,39316200,0.739,30494400,436,99999,0
sh513130,09:41:28,1768959690791,5686.13,0.8919,4.2797,0.735,0.7345,0.0681,122900,90272,0.7345,0.734,102400900,0.733,99642600,0.732,57793000,0.731,43974200,0.730,63925100,0.735,84054000,0.736,99604800,0.737,84511900,0.738,39171900,0.739,30489400,1424,99999,0
sh513130,09:41:31,1768959692796,5686.94,0.8919,5.0185,0.734,0.7345,-0.0681,154200,113333,0.735,0.734,102480700,0.733,100240800,0.732,57964800,0.731,43974200,0.730,63375600,0.735,78857400,0.736,105664400,0.737,84067900,0.738,39251900,0.739,30489400,1269,99999,0
sh513130,09:41:28,1768959693794,5685.98,0.8919,4.2283,0.735,0.7345,0.0681,0,0,0.735,0.734,102400900,0.733,99642600,0.732,57793000,0.731,43974200,0.730,63925100,0.735,84054000,0.736,99604800,0.737,84511900,0.738,39171900,0.739,30489400,113,99999,2
sh513130,09:41:31,1768959694792,5685.98,0.8919,3.0422,0.734,0.7345,-0.0681,0,0,0.734,0.734,102480700,0.733,100240800,0.732,57964800,0.731,43974200,0.730,63375600,0.735,78857400,0.736,105664400,0.737,84067900,0.738,39251900,0.739,30489400,1110,99999,0
sh513130,09:41:34,1768959698814,5685.81,0.8919,3.981,0.735,0.7345,0.0681,724700,532641,0.735,0.734,101783100,0.733,100249100,0.732,59768800,0.731,43974200,0.730,63028900,0.735,84963300,0.736,100163400,0.737,84067900,0.738,39251900,0.739,30489400,822,99999,0
sh513130,09:41:37,1768959700819,5686.24,0.8919,3.5881,0.735,0.7345,0.0681,79000,58023,0.7345,0.734,102132100,0.733,101380400,0.732,60606300,0.731,43971200,0.730,63036900,0.735,80991500,0.736,105783600,0.737,83140900,0.738,39281000,0.739,30539400,667,99999,0
sh513130,09:41:40,1768959702831,5686.43,0.8919,3.4402,0.735,0.7345,0.0681,198300,145724,0.7349,0.734,102072700,0.733,101805400,0.732,61129700,0.731,43944700,0.730,63050200,0.735,76587200,0.736,105414200,0.737,84377600,0.738,39451000,0.739,30554200,517,99999,0
sh513130,09:41:43,1768959705817,5688.14,0.8919,5.186,0.734,0.7345,-0.0681,156800,115247,0.735,0.734,102319500,0.733,101875800,0.732,62106600,0.731,43944700,0.730,63154600,0.735,34643800,0.736,106189200,0.737,84457600,0.738,41451000,0.739,30554200,543,99999,0
sh513130,09:41:46,1768959709839,5687.54,0.8919,6.9813,0.734,0.7352,-0.1632,446200,327938,0.735,0.734,102605500,0.733,102157500,0.732,63026300,0.731,43975700,0.730,62990100,0.735,33137300,0.736,106955300,0.737,84457600,0.738,39501000,0.739,30554200,669,99999,0
sh513130,09:41:49,1768959712842,5688.8,0.8919,5.1285,0.735,0.7352,-0.0272,215600,158375,0.7346,0.734,103188600,0.733,102192400,0.732,63877100,0.731,43775700,0.730,63065200,0.735,51927700,0.736,106966000,0.737,83593600,0.738,41423300,0.739,30554200,1717,99999,0
sh513130,09:41:52,1768959714837,5687.52,0.8919,4.8544,0.735,0.7346,0.0545,98800,72602,0.7348,0.734,103257000,0.733,102250900,0.732,64210200,0.731,46130600,0.730,63147200,0.735,28254000,0.736,107907900,0.737,83593600,0.738,41443300,0.739,30554200,1733,99999,0
sh513130,09:41:55,1768959718842,5688.93,0.8919,4.8372,0.735,0.7346,0.0545,362600,266510,0.735,0.734,103223700,0.733,102295900,0.732,64195200,0.731,46267600,0.730,63177800,0.735,71412700,0.736,108787300,0.737,83674300,0.738,41463300,0.739,30326000,1427,99999,0
sh513130,09:41:58,1768959719845,5688.09,0.8919,3.8617,0.735,0.7352,-0.0272,45700,33572,0.7346,0.734,102864700,0.733,102245900,0.732,64191700,0.731,46413900,0.730,63173600,0.735,60055700,0.736,109652100,0.737,83704300,0.738,41493300,0.739,30326000,271,99999,0
sh513130,09:42:01,1768959722835,5688.24,0.8919,7.1183,0.734,0.7352,-0.1632,274100,201439,0.7349,0.734,102993100,0.733,102292000,0.732,64221700,0.731,46413900,0.730,63175900,0.735,60814700,0.736,111350900,0.737,83705300,0.738,41493300,0.739,30526000,1102,99999,0
sh513130,09:42:04,1768959726855,5686.96,0.8919,4.5377,0.735,0.7352,-0.0272,594400,436724,0.7347,0.734,103228200,0.733,102315600,0.732,64230900,0.731,46400900,0.730,63058800,0.735,56119400,0.736,112187000,0.737,83795300,0.738,41438700,0.739,30536000,803,99999,0
sh513130,09:42:07,1768959728860,5688.05,0.8919,4.3898,0.735,0.7352,-0.0272,457500,336171,0.7348,0.734,103306500,0.733,102337600,0.732,64325000,0.731,46450900,0.730,63547400,0.735,24522100,0.736,111631800,0.737,83340300,0.738,41438700,0.739,30536000,647,99999,0
sh513130,09:42:10,1768959732873,5690.95,0.8919,5.1128,0.735,0.7352,-0.0272,25521400,18758229,0.735,0.735,85027500,0.734,97871100,0.733,86969200,0.732,42635800,0.731,44456900,0.736,102453800,0.737,84769800,0.738,47428700,0.739,30536000,0.740,25015200,314,99999,0
sh513130,09:42:13,1768959735868,5691.37,0.8919,6.02,0.735,0.7352,-0.0272,2249400,1653309,0.735,0.735,49566400,0.734,106336900,0.733,86951300,0.732,42635800,0.731,45447000,0.736,102590600,0.737,85628100,0.738,47428700,0.739,30538000,0.740,25015200,779,99999,0
sh513130,09:42:16,1768959738877,5691.61,0.8919,5.693,0.735,0.7352,-0.0272,465300,342015,0.735,0.735,67632500,0.734,100620900,0.733,86953300,0.732,42682800,0.731,45451700,0.736,102689800,0.737,85728100,0.738,47428700,0.739,30538000,0.740,25750700,1751,99999,0
sh513130,09:42:19,1768959741878,5692.73,0.8919,4.3872,0.736,0.7352,0.1088,3432300,2522772,0.735,0.735,67230400,0.734,101015200,0.733,87079300,0.732,45477900,0.731,45861700,0.736,98640700,0.737,85728100,0.738,47428700,0.739,34538000,0.740,25930700,678,99999,0
sh513130,09:42:22,1768959744890,5693.7,0.8919,5.5924,0.735,0.7359,-0.1223,555400,408299,0.7351,0.735,72855800,0.734,101052400,0.733,87126200,0.732,40502900,0.731,48601200,0.736,99263200,0.737,85728100,0.738,47424000,0.739,34538000,0.740,25935700,1529,99999,0
sh513130,09:42:25,1768959746887,5694.21,0.8919,4.8691,0.735,0.7359,-0.1223,967400,711785,0.7358,0.735,75877400,0.734,101227400,0.733,75159400,0.732,40632900,0.731,48582900,0.736,97701200,0.737,85764000,0.738,48454000,0.739,30538000,0.740,25935700,1366,99999,0
sh513130,09:42:28,1768959750883,5696.44,0.8919,6.3237,0.736,0.7359,0.0136,289800,213229,0.7358,0.735,78949100,0.734,100061300,0.733,74865300,0.732,40612900,0.731,47443800,0.736,59198600,0.737,91435700,0.738,91398300,0.739,34538000,0.740,25895700,1044,99999,0
sh513130,09:42:31,1768959753893,5695.62,0.8919,5.7621,0.736,0.7359,0.0136,340500,250608,0.736,0.735,82026800,0.734,100320100,0.733,75420300,0.732,40572900,0.731,47395100,0.736,82433000,0.737,94836200,0.738,92646800,0.739,34538000,0.740,25905700,768,99999,0
sh513130,09:42:34,1768959756888,5696.01,0.8919,6.2952,0.736,0.7359,0.0136,1381800,1016997,0.736,0.735,83274100,0.734,100042900,0.733,75083800,0.732,40577600,0.731,47395100,0.736,69353900,0.737,94408700,0.738,92776800,0.739,34543000,0.740,25925000,591,99999,0
sh513130,09:42:37,1768959758892,5695.4,0.8919,6.2173,0.736,0.7359,0.0136,443400,326342,0.736,0.735,84357000,0.734,99561400,0.733,74918500,0.732,40506900,0.731,47395100,0.736,70797300,0.737,93960800,0.738,92771800,0.739,34558500,0.740,26438500,442,99999,0
sh513130,09:42:40,1768959762882,5696.57,0.8919,4.5064,0.736,0.7359,0.0136,882800,649691,0.7359,0.735,86023200,0.734,99314300,0.733,75212600,0.732,40506900,0.731,47395100,0.736,62875400,0.737,94627400,0.738,92476500,0.739,36618100,0.740,26418100,120,99999,0
sh513130,09:42:43,1768959766894,5696.64,0.8919,5.1849,0.736,0.7359,0.0136,741100,545338,0.7358,0.735,87814800,0.734,99332600,0.733,74923200,0.732,40464900,0.731,47400000,0.736,62431800,0.737,95985800,0.738,92500500,0.739,36586800,0.740,27695300,1778,99999,0
sh513130,09:42:46,1768959767889,5698.01,0.8919,4.3977,0.736,0.7359,0.0136,904500,665408,0.7357,0.735,89363200,0.734,99665700,0.733,75935500,0.732,40548500,0.731,47354000,0.736,40154400,0.737,95889300,0.738,91802500,0.739,37586800,0.740,27675300,804,99999,0
sh513130,09:42:43,1768959768887,5698.01,0.8919,3.9631,0.736,0.7359,0.0136,0,0,0.736,0.735,87814800,0.734,99332600,0.733,74923200,0.732,40464900,0.731,47400000,0.736,62431800,0.737,95985800,0.738,92500500,0.739,36586800,0.740,27695300,1799,99999,2
sh513130,09:42:46,1768959769883,5697.73,0.8919,3.3042,0.736,0.7359,0.0136,0,0,0.736,0.735,89363200,0.734,99665700,0.733,75935500,0.732,40548500,0.731,47354000,0.736,40154400,0.737,95889300,0.738,91802500,0.739,37586800,0.740,27675300,658,99999,0
sh513130,09:42:49,1768959771886,5698.21,0.8919,5.3901,0.736,0.7359,0.0136,3037800,2235819,0.736,0.735,91356900,0.734,99715800,0.733,75978500,0.732,40563500,0.731,47024000,0.736,25935900,0.737,94522700,0.738,91802500,0.739,37511400,0.740,27887200,503,99999,0
sh513130,09:42:52,1768959775880,5699.24,0.8919,2.7044,0.736,0.7365,-0.0679,24003000,17666208,0.736,0.736,5444700,0.735,93317000,0.734,94453300,0.733,74332500,0.732,41541200,0.737,95947600,0.738,93675600,0.739,42694900,0.740,31304000,0.741,20039400,158,99999,0
sh513130,09:42:55,1768959776885,5699.24,0.8919,3.2135,0.736,0.7365,-0.0679,3929600,2892186,0.736,0.736,12201500,0.735,94355300,0.734,94332800,0.733,74441700,0.732,41541200,0.737,94911400,0.738,94556400,0.739,42704800,0.740,31477500,0.741,19983400,1163,99999,0
sh513130,09:42:58,1768959781894,5698.2,0.8919,1.8031,0.737,0.7365,0.0679,9592600,7060271,0.736,0.736,3175700,0.735,94167900,0.734,93967800,0.733,74154500,0.732,41435200,0.737,96322100,0.738,95483500,0.739,42704800,0.740,31601800,0.741,19983400,701,99999,0
sh513130,09:43:01,1768959783908,5698.47,0.8919,1.4728,0.736,0.7365,-0.0679,3863100,2843245,0.736,0.735,96313900,0.734,94967600,0.733,74160100,0.732,41435200,0.731,46935000,0.736,14106800,0.737,95368000,0.738,96330600,0.739,41704800,0.740,31991400,386,99999,0
sh513130,09:43:04,1768959786900,5699.38,0.8919,1.7445,0.736,0.7365,-0.0679,1939000,1427097,0.736,0.735,96238700,0.734,95069700,0.733,74115800,0.732,41447200,0.731,46922800,0.736,12023100,0.737,95679500,0.738,96383700,0.739,42335400,0.740,32599500,366,99999,0
sh513130,09:43:07,1768959789925,5699.58,0.8919,4.1782,0.736,0.7365,-0.0679,9173500,6751704,0.736,0.736,63558300,0.735,89600500,0.734,87630600,0.733,50893300,0.732,41292100,0.737,95451800,0.738,98250800,0.739,42395400,0.740,32921800,0.741,20482100,790,99999,0
sh513130,09:43:10,1768959791915,5701.72,0.8919,6.5392,0.737,0.7365,0.0679,405500,298470,0.7361,0.736,71251600,0.735,89796700,0.734,81427800,0.733,45609300,0.732,40297100,0.737,77912500,0.738,103255300,0.739,85037800,0.740,36455400,0.741,20582100,820,99999,0
sh513130,09:43:13,1768959796916,5702.23,0.8919,4.2071,0.736,0.7365,-0.0679,976600,718801,0.736,0.736,75272500,0.735,90472200,0.734,80749400,0.733,45641900,0.732,40233700,0.737,99009300,0.738,97884600,0.739,86160600,0.740,32438300,0.741,20579500,1743,99999,0
sh513130,09:43:16,1768959798912,5701.5,0.8919,3.2554,0.736,0.7365,-0.0679,1103500,813262,0.737,0.736,76585300,0.735,90526800,0.734,71580300,0.733,46110000,0.732,40912900,0.737,94236000,0.738,97677000,0.739,86163300,0.740,36438800,0.741,20676200,1296,99999,0
sh513130,09:43:19,1768959800911,5702.0,0.8919,2.889,0.737,0.7365,0.0679,719400,529852,0.7365,0.736,78476600,0.735,90361200,0.734,73211200,0.733,46110000,0.732,40945300,0.737,99771400,0.738,97800000,0.739,86333800,0.740,32438800,0.741,20656200,1420,99999,0
sh513130,09:43:22,1768959805916,5702.45,0.8919,2.9168,0.737,0.7365,0.0679,357900,263527,0.7363,0.736,78774600,0.735,90792500,0.734,73173100,0.733,46116300,0.732,40904900,0.737,99756700,0.738,97737200,0.739,86283100,0.740,32499800,0.741,20738200,769,99999,0
sh513130,09:43:25,1768959807911,5699.85,0.8919,3.0355,0.736,0.7365,-0.0679,780300,574448,0.7362,0.736,76846800,0.735,91634900,0.734,73200400,0.733,47031700,0.732,41655700,0.737,101623000,0.738,98843800,0.739,86216300,0.740,32644200,0.741,20894300,794,99999,0
sh513130,09:43:28,1768959809923,5698.22,0.8919,1.8976,0.736,0.7365,-0.0679,23088600,16993239,0.736,0.735,97153500,0.734,83150400,0.733,62019700,0.732,42659000,0.731,45527300,0.736,50658600,0.737,101780800,0.738,99096000,0.739,84221100,0.740,29644200,839,99999,0
sh513130,09:43:31,1768959813917,5696.98,0.8919,3.5433,0.736,0.7365,-0.0679,361300,265917,0.736,0.735,96817200,0.734,83994100,0.733,67029700,0.732,42780900,0.731,45462300,0.736,54437000,0.737,102360600,0.738,99234800,0.739,82311400,0.740,30359000,773,99999,0
sh513130,09:43:34,1768959816899,5697.94,0.8919,3.55,0.736,0.7365,-0.0679,139600,102745,0.736,0.735,96824600,0.734,84986800,0.733,67048000,0.732,42780900,0.731,45457300,0.736,58119700,0.737,101953600,0.738,98584800,0.739,84311400,0.740,30372900,163,99999,0
sh513130,09:43:37,1768959818895,5697.4,0.8919,4.4206,0.736,0.7365,-0.0679,222700,163902,0.736,0.735,96944100,0.734,85893500,0.733,67052100,0.732,42760900,0.731,45457300,0.736,67361000,0.737,103580200,0.738,98487100,0.739,79321400,0.740,31344400,3,99999,0
sh513130,09:43:34,1768959819905,5697.75,0.8919,3.4627,0.736,0.7365,-0.0679,0,0,0.736,0.735,96824600,0.734,84986800,0.733,67048000,0.732,42780900,0.731,45457300,0.736,58119700,0.737,101953600,0.738,98584800,0.739,84311400,0.740,30372900,833,99999,2
sh513130,09:43:37,1768959820905,5697.75,0.8919,4.4879,0.736,0.7365,-0.0679,0,0,0.736,0.735,96944100,0.734,85893500,0.733,67052100,0.732,42760900,0.731,45457300,0.736,67361000,0.737,103580200,0.738,98487100,0.739,79321400,0.740,31344400,1831,99999,0
sh513130,09:43:40,1768959822902,5696.82,0.8919,2.6106,0.735,0.7365,-0.2037,930400,684770,0.736,0.735,97101300,0.734,86900200,0.733,67362400,0.732,43164500,0.731,45450100,0.736,104375600,0.737,105016200,0.738,98168100,0.739,66345500,0.740,31364400,1796,99999,0
sh513130,09:43:43,1768959826895,5695.57,0.8919,4.1173,0.736,0.7359,0.0136,280700,206564,0.7359,0.735,95540600,0.734,88177600,0.733,68342400,0.732,43164500,0.731,45450100,0.736,126158600,0.737,100434000,0.738,98268100,0.739,62476700,0.740,31564800,1524,99999,0
sh513130,09:43:46,1768959828901,5693.96,0.8919,2.858,0.736,0.7359,0.0136,428200,315061,0.7358,0.735,65353500,0.734,88819400,0.733,76398400,0.732,43180600,0.731,45450100,0.736,126698000,0.737,101327300,0.738,98043000,0.739,62476700,0.740,31564800,1280,99999,0
sh513130,09:43:49,1768959831920,5692.81,0.8919,3.7229,0.736,0.7359,0.0136,45701600,33590742,0.735,0.735,2902600,0.734,108345400,0.733,80398600,0.732,58186000,0.731,47368100,0.736,123052700,0.737,101031100,0.738,97128000,0.739,38478700,0.740,30595100,82,99999,0
sh513130,09:43:52,1768959833917,5691.96,0.8919,6.0954,0.736,0.7359,0.0136,1577900,1159928,0.7351,0.735,1656300,0.734,108321400,0.733,81262500,0.732,63193000,0.731,47368100,0.736,123219700,0.737,102028800,0.738,97216900,0.739,38478800,0.740,30580700,849,99999,0
sh513130,09:43:55,1768959836914,5691.96,0.8919,4.2546,0.735,0.7359,-0.1223,3257800,2394731,0.7351,0.735,1754300,0.734,107129100,0.733,80967300,0.732,61846400,0.731,46089200,0.736,125842900,0.737,101347800,0.738,96396800,0.739,38576800,0.740,30580700,763,99999,0
sh513130,09:43:52,1768959837926,5691.11,0.8919,3.7551,0.736,0.7359,0.0136,0,0,0.736,0.735,1656300,0.734,108321400,0.733,81262500,0.732,63193000,0.731,47368100,0.736,123219700,0.737,102028800,0.738,97216900,0.739,38478800,0.740,30580700,753,99999,2
sh513130,09:43:55,1768959838926,5691.11,0.8919,4.3141,0.735,0.7359,-0.1223,0,0,0.735,0.735,1754300,0.734,107129100,0.733,80967300,0.732,61846400,0.731,46089200,0.736,125842900,0.737,101347800,0.738,96396800,0.739,38576800,0.740,30580700,613,99999,0
sh513130,09:43:58,1768959840928,5689.91,0.8919,3.4958,0.736,0.7352,0.1088,1117900,821863,0.7352,0.735,9394000,0.734,107312900,0.733,80793200,0.732,61846400,0.731,46058400,0.736,126642600,0.737,101351800,0.738,96342800,0.739,38606800,0.740,30651400,445,99999,0
sh513130,09:44:01,1768959843933,5690.72,0.8919,4.7998,0.736,0.7352,0.1088,99200,72951,0.7354,0.735,13371300,0.734,107336500,0.733,81666100,0.732,61868500,0.731,46109300,0.736,128918200,0.737,101457700,0.738,96342800,0.739,38674000,0.740,30668900,411,99999,0
sh513130,09:44:04,1768959847923,5691.72,0.8919,3.5902,0.736,0.7352,0.1088,186200,137044,0.736,0.735,67629200,0.734,107280700,0.733,74859000,0.732,46651700,0.731,46119300,0.736,126165600,0.737,102883400,0.738,96356800,0.739,38676000,0.740,30597600,734,99999,0
sh513130,09:44:07,1768959850919,5691.89,0.8919,2.7543,0.736,0.7352,0.1088,572600,420892,0.7351,0.735,67550200,0.734,107328900,0.733,75711900,0.732,46651700,0.731,46102400,0.736,126433600,0.737,102766400,0.738,97198300,0.739,38786000,0.740,30641900,1756,99999,0
sh513130,09:44:10,1768959851919,5693.12,0.8919,3.0691,0.736,0.7352,0.1088,556400,409320,0.7357,0.735,79432000,0.734,101725900,0.733,75682000,0.732,41651700,0.731,46082400,0.736,122479100,0.737,103898600,0.738,98156400,0.739,42786000,0.740,30626700,595,99999,0
sh513130,09:44:13,1768959855923,5692.18,0.8919,4.4531,0.736,0.7359,0.0136,112200,82543,0.7357,0.735,80584200,0.734,101882000,0.733,75580600,0.732,41672600,0.731,46082600,0.736,123068800,0.737,103994100,0.738,98161400,0.739,38995000,0.740,31772900,295,99999,0
sh513130,09:44:16,1768959858916,5693.57,0.8919,4.512,0.736,0.7359,0.0136,58300,42909,0.736,0.735,83412200,0.734,101894000,0.733,75584600,0.732,41672200,0.731,46082600,0.736,123136800,0.737,104311300,0.738,98211900,0.739,39040700,0.740,31939100,1133,99999,0
sh513130,09:44:19,1768959861925,5693.02,0.8919,3.8526,0.736,0.7359,0.0136,223900,164659,0.7354,0.735,85425100,0.734,101863700,0.733,75604600,0.732,41777600,0.731,46066700,0.736,123120100,0.737,105921500,0.738,98243700,0.739,39107300,0.740,31939600,774,99999,0
sh513130,09:44:22,1768959863914,5692.95,0.8919,3.704,0.736,0.7359,0.0136,268400,197513,0.7359,0.735,86714800,0.734,101933700,0.733,75625600,0.732,41777600,0.731,46028800,0.736,123623400,0.737,105916800,0.738,98213700,0.739,39209000,0.740,32060500,836,99999,0
sh513130,09:44:19,1768959864912,5692.95,0.8919,2.8896,0.736,0.7359,0.0136,0,0,0.736,0.735,85425100,0.734,101863700,0.733,75604600,0.732,41777600,0.731,46066700,0.736,123120100,0.737,105921500,0.738,98243700,0.739,39107300,0.740,31939600,662,99999,2
sh513130,09:44:22,1768959865911,5692.6,0.8919,1.7664,0.736,0.7359,0.0136,0,0,0.736,0.735,86714800,0.734,101933700,0.733,75625600,0.732,41777600,0.731,46028800,0.736,123623400,0.737,105916800,0.738,98213700,0.739,39209000,0.740,32060500,744,99999,0
sh513130,09:44:25,1768959867913,5692.73,0.8919,1.0972,0.736,0.7359,0.0136,349800,257453,0.736,0.735,86304300,0.734,107541800,0.733,75625600,0.732,41777600,0.731,45945800,0.736,123604600,0.737,106750900,0.738,98261600,0.739,39709000,0.740,32061000,785,99999,0
sh513130,09:44:28,1768959870910,5693.39,0.8919,2.4421,0.736,0.7359,0.0136,233700,171998,0.736,0.735,92923700,0.734,101856000,0.733,75688500,0.732,41764000,0.731,45991200,0.736,124107100,0.737,107800100,0.738,98260600,0.739,39688600,0.740,32071000,191,99999,0
sh513130,09:44:31,1768959873897,5692.75,0.8919,1.8124,0.736,0.7359,0.0136,280400,206256,0.7356,0.735,88067000,0.734,108474900,0.733,75753600,0.732,44764000,0.731,45976600,0.736,124874900,0.737,107679500,0.738,105623800,0.739,40717800,0.740,32171000,757,99999,0
sh513130,09:44:34,1768959876901,5692.11,0.8919,1.9272,0.736,0.7352,0.1088,85100,62614,0.7358,0.735,74959100,0.734,108447000,0.733,75653600,0.732,44764000,0.731,46404600,0.736,125339300,0.737,107376200,0.738,97691800,0.739,48717800,0.740,32221000,1825,99999,0
sh513130,09:44:37,1768959879899,5690.95,0.8919,2.5759,0.735,0.7352,-0.0272,424900,312413,0.7353,0.735,23278300,0.734,108395300,0.733,83726300,0.732,59858000,0.731,46404600,0.736,128028100,0.737,115581200,0.738,97692400,0.739,40769500,0.740,32256000,575,99999,0
sh513130,09:44:40,1768959883909,5691.25,0.8919,1.5503,0.735,0.7352,-0.0272,145500,106974,0.7352,0.735,87200400,0.734,103039000,0.733,77325000,0.732,44748000,0.731,46404600,0.736,127420700,0.737,115555100,0.738,97692400,0.739,40769500,0.740,32113300,250,99999,0
sh513130,09:44:43,1768959885908,5691.25,0.8919,3.6761,0.735,0.7352,-0.0272,489800,360090,0.7352,0.735,89187600,0.734,103445400,0.733,78382900,0.732,42749900,0.731,46504600,0.736,128038400,0.737,107585100,0.738,105742900,0.739,40769500,0.740,32128300,95,99999,0
sh513130,09:44:46,1768959889929,5690.75,0.8919,1.8008,0.736,0.7352,0.1088,47400,34886,0.736,0.735,82476400,0.734,103581900,0.733,79237100,0.732,44749900,0.731,46504600,0.736,129677900,0.737,107697500,0.738,106725600,0.739,40925800,0.740,32128300,854,99999,0
sh513130,09:44:49,1768959891926,5690.6,0.8919,3.1475,0.735,0.7352,-0.0272,1032400,758826,0.735,0.735,24687400,0.734,109039700,0.733,88022300,0.732,59749900,0.731,46514600,0.736,130608700,0.737,107659400,0.738,106815600,0.739,40905800,0.740,32133300,733,99999,0
sh513130,09:44:52,1768959894919,5689.88,0.8919,2.3352,0.735,0.7352,-0.0272,6297500,4628670,0.735,0.735,14675900,0.734,109049700,0.733,88879200,0.732,64757900,0.731,46509600,0.736,134065800,0.737,115430600,0.738,98877500,0.739,40905800,0.740,32133300,478,99999,0
sh513130,09:44:55,1768959898915,5688.44,0.8919,3.2966,0.735,0.7352,-0.0272,6302000,4632076,0.735,0.735,8187300,0.734,109046100,0.733,89614900,0.732,64744100,0.731,46510600,0.736,134123900,0.737,115356000,0.738,99927500,0.739,41569800,0.740,32268300,151,99999,0
sh513130,09:44:58,1768959900916,5688.64,0.8919,3.4831,0.735,0.7352,-0.0272,8435800,6200311,0.735,0.734,109039300,0.733,90646900,0.732,65623200,0.731,46535900,0.730,63913200,0.735,53092200,0.736,132804200,0.737,112856000,0.738,87918600,0.739,41569800,1822,99999,0
sh513130,09:45:01,1768959903896,5688.43,0.8919,2.3891,0.735,0.7352,-0.0272,5143900,3780767,0.735,0.735,10842200,0.734,108853100,0.733,90753800,0.732,66559300,0.731,46488900,0.736,133652600,0.737,113405000,0.738,91028800,0.739,41519800,0.740,32488000,375,99999,0
sh513130,09:45:04,1768959906903,5689.33,0.8919,5.5776,0.735,0.7352,-0.0272,572300,420640,0.735,0.735,73320000,0.734,108723100,0.733,77999800,0.732,50675300,0.731,46458900,0.736,128044400,0.737,107342900,0.738,100028800,0.739,41524800,0.740,32488000,1066,99999,0
sh513130,09:45:07,1768959909902,5691.19,0.8919,4.4672,0.735,0.7352,-0.0272,396200,291317,0.7353,0.735,87354300,0.734,103177100,0.733,77796600,0.732,42625300,0.731,46455100,0.736,133281700,0.737,107362900,0.738,100213200,0.739,41526800,0.740,32491000,284,99999,0
sh513130,09:45:10,1768959911903,5690.78,0.8919,3.1331,0.735,0.7352,-0.0272,341300,250905,0.7351,0.735,87151000,0.734,103227300,0.733,78600400,0.732,41771300,0.731,46427200,0.736,134494200,0.737,107155500,0.738,100189200,0.739,41528000,0.740,32558900,97,99999,0
sh513130,09:45:13,1768959915895,5692.76,0.8919,2.3862,0.735,0.7351,-0.0136,607500,446609,0.7352,0.735,18208400,0.734,108826300,0.733,87454700,0.732,59790300,0.731,46411400,0.736,134523400,0.737,107134100,0.738,101003100,0.739,41701500,0.740,32658900,798,99999,0
sh513130,09:45:16,1768959918903,5692.25,0.8919,2.7503,0.736,0.7352,0.1088,338300,248677,0.7351,0.735,10358700,0.734,108829300,0.733,88307500,0.732,64834000,0.731,46416100,0.736,136967200,0.737,107246900,0.738,93003100,0.739,49044600,0.740,32798000,626,99999,0
sh513130,09:45:19,1768959920910,5691.25,0.8919,1.8872,0.736,0.7352,0.1088,224900,165333,0.7351,0.735,10810000,0.734,108852200,0.733,92160300,0.732,64737000,0.731,46592000,0.736,137861100,0.737,115212900,0.738,93003100,0.739,50096500,0.740,32798000,471,99999,0
sh513130,09:45:22,1768959923913,5689.66,0.8919,2.0294,0.736,0.7352,0.1088,715200,526059,0.7355,0.735,10826700,0.734,108852200,0.733,93242500,0.732,64725900,0.731,46565000,0.736,137524900,0.737,115246400,0.738,92503100,0.739,50096500,0.740,32801100,723,99999,0
sh513130,09:45:25,1768959927916,5690.15,0.8919,2.6006,0.736,0.7352,0.1088,292400,215076,0.7356,0.735,16191600,0.734,108852200,0.733,93322500,0.732,65579900,0.731,46565000,0.736,138151900,0.737,115247000,0.738,92275300,0.739,50096500,0.740,32901100,833,99999,0
sh513130,09:45:28,1768959930906,5690.28,0.8919,5.3636,0.736,0.7352,0.1088,1190100,874968,0.7352,0.735,26695200,0.734,108937300,0.733,93332600,0.732,66429300,0.731,46535000,0.736,137098100,0.737,107281000,0.738,100312300,0.739,50096500,0.740,33021100,1795,99999,0
sh513130,09:45:31,1768959932908,5690.69,0.8919,3.8231,0.736,0.7352,0.1088,257000,188982,0.7353,0.735,77809900,0.734,103365300,0.733,85332600,0.732,44644900,0.731,46804300,0.736,137304200,0.737,107268200,0.738,100354700,0.739,50116500,0.740,32264900,1675,99999,0
sh513130,09:45:34,1768959937904,5690.72,0.8919,3.633,0.735,0.7352,-0.0272,681600,501024,0.7351,0.735,77232300,0.734,103418300,0.733,85353900,0.732,45498900,0.731,46809300,0.736,136947300,0.737,107322200,0.738,100374700,0.739,50243600,0.740,32292100,188,99999,0
sh513130,09:45:37,1768959938907,5690.72,0.8919,4.9941,0.735,0.7352,-0.0272,321500,236481,0.7356,0.735,79106200,0.734,103472400,0.733,80471300,0.732,42117900,0.731,46799200,0.736,137659500,0.737,107356700,0.738,100374700,0.739,50243600,0.740,32282100,1191,99999,0
sh513130,09:45:34,1768959939908,5690.68,0.8919,4.1179,0.735,0.7352,-0.0272,0,0,0.735,0.735,77232300,0.734,103418300,0.733,85353900,0.732,45498900,0.731,46809300,0.736,136947300,0.737,107322200,0.738,100374700,0.739,50243600,0.740,32292100,36,99999,2
sh513130,09:45:37,1768959940898,5690.68,0.8919,4.6659,0.735,0.7352,-0.0272,0,0,0.735,0.735,79106200,0.734,103472400,0.733,80471300,0.732,42117900,0.731,46799200,0.736,137659500,0.737,107356700,0.738,100374700,0.739,50243600,0.740,32282100,1024,99999,0
sh513130,09:45:40,1768959941903,5691.21,0.8919,4.339,0.736,0.7352,0.1088,427100,314032,0.7353,0.735,82956000,0.734,103779600,0.733,80210800,0.732,42117900,0.731,46806200,0.736,127183500,0.737,112466400,0.738,100777700,0.739,55243600,0.740,32465100,826,99999,0
sh513130,09:45:37,1768959942904,5691.21,0.8919,4.7534,0.735,0.7352,-0.0272,0,0,0.735,0.735,79106200,0.734,103472400,0.733,80471300,0.732,42117900,0.731,46799200,0.736,137659500,0.737,107356700,0.738,100374700,0.739,50243600,0.740,32282100,878,99999,2
sh513130,09:45:40,1768959943898,5691.39,0.8919,4.673,0.736,0.7352,0.1088,0,0,0.736,0.735,82956000,0.734,103779600,0.733,80210800,0.732,42117900,0.731,46806200,0.736,127183500,0.737,112466400,0.738,100777700,0.739,55243600,0.740,32465100,754,99999,0
sh513130,09:45:43,1768959946909,5692.71,0.8919,4.6274,0.736,0.7351,0.1224,1108400,815349,0.7356,0.735,83854300,0.734,103779600,0.733,80310800,0.732,42117900,0.731,46806200,0.736,128904800,0.737,112652800,0.738,100946600,0.739,55280600,0.740,32495100,573,99999,0
sh513130,09:45:46,1768959948913,5692.61,0.8919,4.9507,0.735,0.7351,-0.0136,79700,58600,0.7353,0.735,86077200,0.734,103809600,0.733,79329700,0.732,42120900,0.731,46857500,0.736,130206200,0.737,112818800,0.738,100945600,0.739,55330600,0.740,33511300,415,99999,0
sh513130,09:45:49,1768959950925,5692.77,0.8919,3.5429,0.735,0.7351,-0.0136,667300,490665,0.7353,0.735,87402600,0.734,103802800,0.733,80350700,0.732,42026900,0.731,46857600,0.736,130523100,0.737,112809800,0.738,101046600,0.739,55380600,0.740,33530800,268,99999,0
sh513130,09:45:52,1768959955921,5692.71,0.8919,4.9659,0.736,0.7351,0.1224,124800,91779,0.7354,0.735,88587200,0.734,103786200,0.733,80346700,0.732,42023900,0.731,48856200,0.736,141424500,0.737,107161000,0.738,101182400,0.739,50407600,0.740,33810500,839,99999,0
sh513130,09:45:55,1768959956919,5692.71,0.8919,4.1829,0.736,0.7351,0.1224,118800,87423,0.7359,0.735,89587800,0.734,103787600,0.733,80316700,0.732,42023900,0.731,48836200,0.736,136331000,0.737,107251400,0.738,101182400,0.739,55407600,0.740,33814700,1839,99999,0
sh513130,09:45:58,1768959960920,5692.86,0.8919,4.0152,0.736,0.7351,0.1224,175500,129168,0.736,0.735,89771600,0.734,104033700,0.733,81340700,0.732,42023900,0.731,48415600,0.736,130688200,0.737,112865900,0.738,100984100,0.739,55407600,0.740,34290200,1620,99999,0
sh513130,09:46:01,1768959964916,5692.76,0.8919,3.9771,0.735,0.7351,-0.0136,1208200,888712,0.7356,0.735,91929000,0.734,103946400,0.733,80677200,0.732,41980800,0.731,48415600,0.736,140993000,0.737,107633000,0.738,100984100,0.739,50407600,0.740,34372300,1307,99999,0
sh513130,09:46:04,1768959966904,5693.45,0.8919,1.3875,0.735,0.7351,-0.0136,157100,115527,0.7354,0.735,91508800,0.734,103960000,0.733,80664100,0.732,43980800,0.731,48415600,0.736,135626500,0.737,115697100,0.738,93003100,0.739,55407600,0.740,34372300,1137,99999,0
sh513130,09:46:01,1768959967899,5692.79,0.8919,2.6591,0.735,0.7351,-0.0136,0,0,0.735,0.735,91929000,0.734,103946400,0.733,80677200,0.732,41980800,0.731,48415600,0.736,140993000,0.737,107633000,0.738,100984100,0.739,50407600,0.740,34372300,805,99999,2
sh513130,09:46:04,1768959968896,5692.79,0.8919,2.6084,0.735,0.7351,-0.0136,0,0,0.735,0.735,91508800,0.734,103960000,0.733,80664100,0.732,43980800,0.731,48415600,0.736,135626500,0.737,115697100,0.738,93003100,0.739,55407600,0.740,34372300,971,99999,0
sh513130,09:46:07,1768959969897,5692.48,0.8919,2.6776,0.736,0.7358,0.0272,74700,54938,0.7354,0.735,32761600,0.734,109255200,0.733,81088100,0.732,59994900,0.731,48391500,0.736,140527800,0.737,116404300,0.738,92696500,0.739,50407600,0.740,35372300,828,99999,0
sh513130,09:46:10,1768959972899,5692.98,0.8919,2.9347,0.735,0.7358,-0.1087,383600,282195,0.7356,0.735,84405700,0.734,103651000,0.733,81778100,0.732,41984900,0.731,48401500,0.736,140425200,0.737,109918700,0.738,100738300,0.739,50507600,0.740,35403400,652,99999,0
sh513130,09:46:13,1768959975915,5693.27,0.8919,4.6867,0.736,0.7358,0.0272,442200,325327,0.7357,0.735,84596000,0.734,103586600,0.733,82665100,0.732,41984900,0.731,48411500,0.736,140071300,0.737,109976700,0.738,100817600,0.739,50659600,0.740,35413800,709,99999,0
sh513130,09:46:16,1768959978906,5693.08,0.8919,4.1083,0.736,0.7358,0.0272,132200,97267,0.7358,0.735,51224900,0.734,109186600,0.733,82667100,0.732,57984900,0.731,48441500,0.736,140537600,0.737,110125500,0.738,100852600,0.739,50684600,0.740,35399100,190,99999,0
sh513130,09:46:19,1768959981915,5692.86,0.8919,1.1648,0.736,0.7358,0.0272,138000,101542,0.7358,0.735,19667800,0.734,109083400,0.733,91837000,0.732,59983500,0.731,48441500,0.736,142376300,0.737,110145600,0.738,100855100,0.739,50689600,0.740,35399100,801,99999,0
sh513130,09:46:22,1768959983904,5692.1,0.8919,1.9657,0.736,0.7358,0.0272,265300,195139,0.7355,0.735,56006900,0.734,103085400,0.733,93593100,0.732,59990400,0.731,48451700,0.736,141050100,0.737,110208600,0.738,100855100,0.739,50696200,0.740,35399100,809,99999,0
sh513130,09:46:25,1768959986911,5692.2,0.8919,3.4187,0.736,0.7358,0.0272,268800,197830,0.736,0.735,15641700,0.734,108670400,0.733,93593100,0.732,60302400,0.731,48449700,0.736,141018300,0.737,110064600,0.738,100855100,0.739,50696200,0.740,35548300,1710,99999,0
sh513130,09:46:28,1768959990902,5687.59,0.8919,4.917,0.735,0.7358,-0.1087,11396900,8376722,0.735,0.734,111171800,0.733,95310000,0.732,65272400,0.731,48449700,0.730,66629400,0.735,41836500,0.736,140267100,0.737,117121900,0.738,91065100,0.739,50682200,1350,99999,0
sh513130,09:46:31,1768959993913,5688.92,0.8919,4.5622,0.735,0.7358,-0.1087,148500,109147,0.735,0.734,111178800,0.733,95987400,0.732,65276400,0.731,48487700,0.730,66623200,0.735,4212800,0.736,140664100,0.737,109256000,0.738,101345000,0.739,50781900,114,99999,0
sh513130,09:46:34,1768959996923,5689.21,0.8919,7.7672,0.735,0.7358,-0.1087,1487200,1093086,0.735,0.734,111176200,0.733,95996000,0.732,66130400,0.731,48489700,0.730,66564700,0.735,4090800,0.736,140757200,0.737,109649900,0.738,102066500,0.739,50811900,956,99999,0
sh513130,09:46:37,1768959998918,5689.78,0.8919,6.2155,0.735,0.7351,-0.0136,5513200,4052128,0.735,0.735,84984600,0.734,105368600,0.733,87006100,0.732,51843300,0.731,48488600,0.736,142246100,0.737,110359900,0.738,102073500,0.739,50811900,0.740,35704200,801,99999,0
sh513130,09:46:40,1768960001923,5689.54,0.8919,4.5491,0.736,0.7351,0.1224,62600,46029,0.7353,0.735,92187900,0.734,105716700,0.733,86726100,0.732,49853300,0.731,48490600,0.736,141198500,0.737,110358900,0.738,102383500,0.739,50870700,0.740,35673300,690,99999,0
sh513130,09:46:43,1768960006921,5690.37,0.8919,5.2356,0.735,0.7352,-0.0272,333300,244975,0.735,0.735,72333200,0.734,111117700,0.733,87078100,0.732,48710300,0.731,48602700,0.736,140841700,0.737,118658900,0.738,94083500,0.739,50890700,0.740,35773300,143,99999,0
sh513130,09:46:46,1768960009913,5689.4,0.8919,3.9002,0.736,0.7352,0.1088,1179900,867337,0.7351,0.735,83781200,0.734,111207300,0.733,87116500,0.732,50474400,0.731,49382100,0.736,141369100,0.737,119537100,0.738,94123500,0.739,51192500,0.740,35758300,817,99999,0
