symbol,tx_server_time,tx_local_time,index_price,fx_rate,sentiment,price,iopv,premium_rate,tick_vol,tick_amt,tick_vwap,bp1,bv1,bp2,bv2,bp3,bv3,bp4,bv4,bp5,bv5,sp1,sv1,sp2,sv2,sp3,sv3,sp4,sv4,sp5,sv5,idx_delay_ms,fut_delay_ms,data_flags
sh513130,09:29:43,1768354190180,,0.894,0.0,0.761,0.7615,-0.0657,0,0,0.761,0.761,6692700,0.760,19892300,0.759,19357100,0.758,25178500,0.757,28385000,0.762,12207700,0.763,30272000,0.764,37835600,0.765,39294200,0.766,35033700,99999,99999,1
sh513130,09:29:49,1768354192172,,0.894,0.0,0.761,0.7615,-0.0657,0,0,0.761,0.761,6692700,0.760,19892300,0.759,19357100,0.758,25178500,0.757,28385000,0.762,12207700,0.763,30272000,0.764,37835600,0.765,39294200,0.766,35033700,99999,99999,0
sh513130,09:29:52,1768354196165,,0.894,0.0,0.761,0.7614,-0.0525,0,0,0.761,0.761,6692700,0.760,19892300,0.759,19357100,0.758,25178500,0.757,28385000,0.762,12207700,0.763,30272000,0.764,37835600,0.765,39294200,0.766,35033700,99999,99999,0
sh513130,09:29:58,1768354201163,,0.894,0.0,0.761,0.7614,-0.0525,0,0,0.761,0.761,6692700,0.760,19892300,0.759,19357100,0.758,25178500,0.757,28385000,0.762,12207700,0.763,30272000,0.764,37835600,0.765,39294200,0.766,35033700,99999,99999,0
sh513130,09:30:01,1768354205167,,0.894,1.1511,0.761,0.7614,-0.0525,3016700,2295711,0.761,0.761,4387400,0.760,29007300,0.759,20186900,0.758,25181500,0.757,29391800,0.762,15214200,0.763,38587300,0.764,37838600,0.765,39297200,0.766,33038100,99999,99999,0
sh513130,09:30:04,1768354208149,5886.56,0.894,2.9374,0.76,0.7614,-0.1839,7147300,5445034,0.7618,0.760,22996500,0.759,21649000,0.758,25750000,0.757,25094200,0.756,18370000,0.761,326900,0.762,9756700,0.763,41731500,0.764,40919600,0.765,40420800,456,99999,0
sh513130,09:30:07,1768354211132,5883.1,0.894,3.804,0.762,0.7608,0.1577,2412000,1836073,0.7612,0.761,3456900,0.760,23148300,0.759,21730300,0.758,25808900,0.757,25292100,0.762,13522000,0.763,42069200,0.764,41340600,0.765,40608700,0.766,32402400,1297,99999,0
sh513130,09:30:10,1768354214128,5882.02,0.894,3.0537,0.762,0.7608,0.1577,2063200,1571409,0.7616,0.761,4297700,0.760,21417700,0.759,27219000,0.758,33683800,0.757,33379300,0.762,15153800,0.763,43920000,0.764,53124800,0.765,48699800,0.766,39133200,3,99999,0
sh513130,09:30:14,1768354217107,5885.14,0.894,1.3469,0.762,0.7614,0.0788,2572500,1958285,0.7612,0.761,8977200,0.760,30901300,0.759,40168800,0.758,42883600,0.757,30662100,0.762,14889600,0.763,45467900,0.764,65438500,0.765,57994700,0.766,39226600,826,99999,0
sh513130,09:30:16,1768354219086,5882.83,0.894,1.9775,0.761,0.7614,-0.0525,3718400,2831235,0.7614,0.761,7618700,0.760,33153400,0.759,40281300,0.758,42621300,0.757,35198000,0.762,13359600,0.763,46330200,0.764,65189800,0.765,59233500,0.766,39735400,653,99999,0
sh513130,09:30:19,1768354223097,5881.79,0.894,1.8738,0.762,0.7601,0.25,7019400,5344030,0.7613,0.761,4893300,0.760,34492200,0.759,48077700,0.758,42658600,0.757,30669000,0.762,17721800,0.763,46871700,0.764,79497500,0.765,58794800,0.766,35173700,359,99999,0
sh513130,09:30:22,1768354225053,5879.67,0.894,1.0837,0.762,0.7614,0.0788,2528600,1926064,0.7617,0.761,6703300,0.760,35580400,0.759,44983600,0.758,42679700,0.757,31746100,0.762,18427800,0.763,66126400,0.764,63462200,0.765,53429800,0.766,32574100,166,99999,0
sh513130,09:30:25,1768354230045,5876.7,0.894,1.5405,0.762,0.7614,0.0788,2151900,1638298,0.7613,0.761,6520900,0.760,29720800,0.759,36084500,0.758,43565500,0.757,28406600,0.762,19074100,0.763,66267700,0.764,60582500,0.765,44568800,0.766,32770700,401,99999,0
sh513130,09:30:28,1768354232044,5876.27,0.894,3.8377,0.762,0.7608,0.1577,1614500,1229290,0.7614,0.761,6104400,0.760,29947200,0.759,36125900,0.758,44816000,0.757,29785900,0.762,22865600,0.763,56150300,0.764,60634500,0.765,44890200,0.766,32962100,354,99999,0
sh513130,09:30:32,1768354234050,5878.44,0.894,6.2258,0.762,0.7608,0.1577,3016300,2296182,0.7613,0.761,5900300,0.760,19895600,0.759,37070800,0.758,44961200,0.757,29808100,0.762,24999300,0.763,56843300,0.764,62990000,0.765,45675300,0.766,33116800,403,99999,0
sh513130,09:30:35,1768354237030,5875.93,0.894,3.9555,0.761,0.7601,0.1184,1666700,1268940,0.7613,0.761,5317300,0.760,20533200,0.759,45385000,0.758,45417400,0.757,28916400,0.762,25502500,0.763,50292000,0.764,63006000,0.765,45902500,0.766,33398300,1381,99999,0
sh513130,09:30:37,1768354240045,5876.38,0.894,2.1315,0.762,0.7601,0.25,6312400,4804596,0.7611,0.761,921300,0.760,16707200,0.759,45400400,0.758,45450700,0.757,32526800,0.762,41709800,0.763,50420700,0.764,56046700,0.765,44415500,0.766,33892600,91,99999,0
sh513130,09:30:40,1768354243022,5875.06,0.894,2.5042,0.761,0.7601,0.1184,1998200,1521634,0.7615,0.760,19122800,0.759,48475000,0.758,45450700,0.757,31535200,0.756,20115900,0.761,1323300,0.762,43341600,0.763,50975200,0.764,56148600,0.765,43429300,917,99999,0
sh513130,09:30:43,1768354246024,5878.97,0.894,7.3079,0.761,0.7601,0.1184,1430100,1088220,0.7609,0.760,18315000,0.759,48558000,0.758,45485300,0.757,31758100,0.756,20154800,0.761,12724100,0.762,44980400,0.763,56438000,0.764,54340600,0.765,43816500,376,99999,0
sh513130,09:30:46,1768354250027,5876.62,0.894,6.1983,0.76,0.7601,-0.0132,907800,690831,0.761,0.760,17255100,0.759,49469000,0.758,45959000,0.757,32753000,0.756,20148800,0.761,19903700,0.762,46377100,0.763,56361100,0.764,59901400,0.765,43883600,433,99999,0
sh513130,09:30:49,1768354254022,5878.14,0.894,4.1175,0.761,0.7601,0.1184,1257700,957108,0.761,0.760,17712300,0.759,50620000,0.758,45963700,0.757,35127900,0.756,20122800,0.761,25650800,0.762,66640200,0.763,55575600,0.764,51601200,0.765,44012000,454,99999,0
sh513130,09:30:52,1768354255025,5878.14,0.894,4.4276,0.761,0.7608,0.0263,2764700,2103837,0.761,0.760,20372500,0.759,51616900,0.758,45999300,0.757,35131300,0.756,20252000,0.761,18244400,0.762,68332200,0.763,57524800,0.764,51508200,0.765,44126700,15,99999,0
sh513130,09:30:56,1768354259027,5876.97,0.894,5.2338,0.761,0.7608,0.0263,1835600,1395877,0.7604,0.760,31401900,0.759,52500700,0.758,49030300,0.757,38209600,0.756,20320000,0.761,13640400,0.762,70054700,0.763,59926500,0.764,54480600,0.765,44289100,1380,99999,0
sh513130,09:30:58,1768354262020,5880.78,0.894,4.3383,0.761,0.7608,0.0263,2308900,1755900,0.7605,0.760,29562300,0.759,53452700,0.758,63474200,0.757,38224600,0.756,20332000,0.761,17656700,0.762,69468400,0.763,60811300,0.764,50894100,0.765,44222900,402,99999,0
sh513130,09:31:01,1768354265996,5883.17,0.894,5.0352,0.761,0.7608,0.0263,568700,432516,0.7605,0.760,33839100,0.759,69545700,0.758,79276300,0.757,38231600,0.756,20356700,0.761,21913300,0.762,71092400,0.763,63345200,0.764,50618200,0.765,44117600,202,99999,0
sh513130,09:31:04,1768354267982,5884.25,0.894,5.6475,0.76,0.7601,-0.0132,936100,712117,0.7607,0.760,34919700,0.759,70377300,0.758,79235400,0.757,38329400,0.756,20443100,0.761,32553100,0.762,53887900,0.763,59907900,0.764,53671900,0.765,44170600,48,99999,0
sh513130,09:31:07,1768354270976,5884.03,0.894,4.9685,0.761,0.7615,-0.0657,27814800,21166848,0.761,0.760,39248600,0.759,52472200,0.758,46239100,0.757,31051400,0.756,20454600,0.761,4165700,0.762,38362200,0.763,53368300,0.764,52684300,0.765,44179800,891,99999,0
sh513130,09:31:10,1768354274945,5883.32,0.894,1.6581,0.761,0.7615,-0.0657,6718300,5112846,0.761,0.761,45265500,0.760,33222800,0.759,47669700,0.758,43269900,0.757,31131400,0.762,49970600,0.763,52516300,0.764,49710800,0.765,47334000,0.766,35089100,524,99999,0
sh513130,09:31:13,1768354276933,5885.79,0.894,3.7093,0.761,0.7616,-0.0788,994200,756622,0.761,0.761,18076100,0.760,35582700,0.759,47669800,0.758,44423800,0.757,28058400,0.762,42396500,0.763,56575800,0.764,49640800,0.765,44339000,0.766,35089100,383,99999,0
sh513130,09:31:16,1768354279923,5889.24,0.894,2.1001,0.761,0.7616,-0.0788,3006700,2288100,0.761,0.761,51504400,0.760,46850100,0.759,51040200,0.758,41063200,0.757,28058400,0.762,28655700,0.763,62923900,0.764,52655600,0.765,47850900,0.766,35089100,276,99999,0
sh513130,09:31:19,1768354283913,5890.21,0.894,4.7663,0.761,0.7616,-0.0788,327100,248990,0.7612,0.761,55142200,0.760,47510100,0.759,51120700,0.758,46484300,0.757,28058400,0.762,28598000,0.763,64169500,0.764,78386200,0.765,46969200,0.766,35090100,336,99999,0
sh513130,09:31:22,1768354285913,5891.17,0.894,4.1328,0.762,0.7616,0.0525,30599300,23315438,0.762,0.762,6158000,0.761,59517200,0.760,51006100,0.759,51135700,0.758,37118800,0.763,61235400,0.764,80196400,0.765,49898800,0.766,35115200,0.767,27157700,291,99999,0
sh513130,09:31:25,1768354289923,5892.66,0.894,3.9864,0.762,0.7616,0.0525,7179900,5471738,0.7621,0.762,1593800,0.761,65735900,0.760,53323700,0.759,51171600,0.758,37123800,0.763,47225300,0.764,71778200,0.765,52934400,0.766,35145200,0.767,27157800,297,99999,0
sh513130,09:31:28,1768354291905,5890.11,0.894,4.0172,0.763,0.7623,0.0918,4257300,3244951,0.7622,0.762,1725900,0.761,69368500,0.760,52397700,0.759,51171800,0.758,37265700,0.763,60921200,0.764,71609600,0.765,52960800,0.766,35145200,0.767,27157800,266,99999,0
sh513130,09:31:25,1768354292904,5890.11,0.894,6.1247,0.762,0.7616,0.0525,0,0,0.762,0.762,1593800,0.761,65735900,0.760,53323700,0.759,51171600,0.758,37123800,0.763,47225300,0.764,71778200,0.765,52934400,0.766,35145200,0.767,27157800,1265,99999,2
sh513130,09:31:28,1768354293902,5890.91,0.894,5.2418,0.763,0.7623,0.0918,0,0,0.763,0.762,1725900,0.761,69368500,0.760,52397700,0.759,51171800,0.758,37265700,0.763,60921200,0.764,71609600,0.765,52960800,0.766,35145200,0.767,27157800,142,99999,0
sh513130,09:31:31,1768354295898,5890.75,0.894,5.707,0.763,0.7623,0.0918,2723400,2075433,0.7621,0.762,33200,0.761,71341000,0.760,52618400,0.759,51691800,0.758,37263800,0.763,62512200,0.764,72469400,0.765,52070500,0.766,35146500,0.767,27656500,299,99999,0
sh513130,09:31:34,1768354298899,5892.2,0.894,4.7259,0.763,0.7623,0.0918,3045800,2318925,0.7614,0.762,1096500,0.761,69543200,0.760,52549700,0.759,51391800,0.758,37263800,0.763,62916800,0.764,72160500,0.765,53060500,0.766,35391700,0.767,27656500,817,99999,0
sh513130,09:31:37,1768354300896,5892.49,0.894,4.4323,0.763,0.7623,0.0918,2866100,2186720,0.763,0.762,15403500,0.761,80448800,0.760,62724300,0.759,51404100,0.758,37263800,0.763,54960400,0.764,79371300,0.765,63038000,0.766,38391700,0.767,27642300,660,99999,0
sh513130,09:31:40,1768354303896,5891.18,0.894,3.4534,0.762,0.7623,-0.0394,483200,368641,0.7629,0.762,32717300,0.761,81547300,0.760,62915800,0.759,35729100,0.758,37263800,0.763,61623100,0.764,79660000,0.765,63987900,0.766,38414700,0.767,27644300,276,99999,0
sh513130,09:31:43,1768354306885,5893.45,0.894,3.8134,0.763,0.7623,0.0918,960200,732298,0.7627,0.762,51313900,0.761,81745800,0.760,60922700,0.759,35740100,0.758,37263800,0.763,38176700,0.764,75648200,0.765,80982300,0.766,43439500,0.767,27644300,195,99999,0
sh513130,09:31:46,1768354309872,5889.91,0.894,0.2375,0.763,0.7623,0.0918,1022400,779658,0.7626,0.762,50278600,0.761,81808100,0.760,60966700,0.759,35713800,0.758,36596000,0.763,60624800,0.764,75653700,0.765,63462200,0.766,38472100,0.767,27664300,259,99999,0
sh513130,09:31:49,1768354311869,5889.99,0.894,-0.0259,0.763,0.7629,0.0131,2161200,1648929,0.763,0.762,50086500,0.761,82889900,0.760,61212400,0.759,35713800,0.758,36668200,0.763,67669000,0.764,76501400,0.765,63453700,0.766,35472100,0.767,27669500,245,99999,0
sh513130,09:31:52,1768354315867,5890.87,0.894,4.2021,0.763,0.7623,0.0918,1748700,1333658,0.7627,0.762,51307700,0.761,83869000,0.760,61196900,0.759,35725600,0.758,36676500,0.763,67803500,0.764,78571100,0.765,63213400,0.766,35482300,0.767,27669500,258,99999,0
sh513130,09:31:55,1768354318860,5890.74,0.894,3.1579,0.763,0.7623,0.0918,1384900,1056023,0.7625,0.762,40773600,0.761,84788800,0.760,61486100,0.759,45994600,0.758,36630400,0.763,77780900,0.764,74617300,0.765,58449100,0.766,35560000,0.767,27671000,1275,99999,0
sh513130,09:31:58,1768354321851,5890.35,0.894,3.2763,0.763,0.7623,0.0918,154900,118133,0.7626,0.762,42227400,0.761,85711700,0.760,61683100,0.759,45928500,0.758,36629900,0.763,79496600,0.764,75317500,0.765,58379500,0.766,35582000,0.767,27682400,63,99999,0
sh513130,09:32:01,1768354324864,5890.56,0.894,3.5776,0.762,0.7623,-0.0394,2931500,2234547,0.7623,0.762,50254500,0.761,85854100,0.760,62404600,0.759,35928500,0.758,36629900,0.763,51147000,0.764,81172000,0.765,79410900,0.766,35582000,0.767,27682400,918,99999,0
sh513130,09:32:04,1768354327877,5890.23,0.894,3.1463,0.763,0.7623,0.0918,346200,264141,0.763,0.762,50700000,0.761,85865300,0.760,62808800,0.759,35930500,0.758,35673400,0.763,50382100,0.764,82013700,0.765,79421400,0.766,35838200,0.767,27685400,299,99999,0
sh513130,09:32:07,1768354330870,5890.72,0.894,4.3802,0.762,0.7623,-0.0394,2408300,1836387,0.7625,0.762,51585900,0.761,86070800,0.760,61907700,0.759,35930500,0.758,35679900,0.763,68756400,0.764,82573700,0.765,61423200,0.766,36162100,0.767,27685500,457,99999,0
sh513130,09:32:04,1768354331869,5889.25,0.894,4.6117,0.763,0.7623,0.0918,0,0,0.763,0.762,50700000,0.761,85865300,0.760,62808800,0.759,35930500,0.758,35673400,0.763,50382100,0.764,82013700,0.765,79421400,0.766,35838200,0.767,27685400,223,99999,2
sh513130,09:32:07,1768354332873,5889.25,0.894,4.4213,0.762,0.7623,-0.0394,0,0,0.762,0.762,51585900,0.761,86070800,0.760,61907700,0.759,35930500,0.758,35679900,0.763,68756400,0.764,82573700,0.765,61423200,0.766,36162100,0.767,27685500,309,99999,0
sh513130,09:32:10,1768354333871,5889.11,0.894,4.6398,0.762,0.7623,-0.0394,1371500,1046351,0.7629,0.762,42518600,0.761,85913900,0.760,62137500,0.759,46474500,0.758,35729900,0.763,83726000,0.764,81451200,0.765,56507200,0.766,36175100,0.767,27685500,220,99999,0
sh513130,09:32:13,1768354335858,5887.14,0.894,3.58,0.762,0.7623,-0.0394,1216800,927910,0.7626,0.762,15432400,0.761,59856800,0.760,62024400,0.759,46474500,0.758,43109900,0.763,84569200,0.764,82280600,0.765,55625600,0.766,36680800,0.767,27688500,291,99999,0
sh513130,09:32:16,1768354340861,5886.34,0.894,3.1585,0.763,0.7623,0.0918,1949200,1485388,0.7621,0.762,14318000,0.761,59733200,0.760,62236100,0.759,46478500,0.758,43142600,0.763,85395600,0.764,83108000,0.765,55788400,0.766,36690800,0.767,27726700,1219,99999,0
sh513130,09:32:19,1768354342852,5888.64,0.894,3.9503,0.763,0.7623,0.0918,1610400,1228396,0.7628,0.762,58046600,0.761,71187100,0.760,66228700,0.759,36478500,0.758,35742600,0.763,53500700,0.764,89628600,0.765,78731100,0.766,36690800,0.767,27726700,1253,99999,0
sh513130,09:32:23,1768354345851,5887.94,0.894,4.4214,0.763,0.7623,0.0918,1872000,1428006,0.7628,0.762,59973500,0.761,71542200,0.760,66315500,0.759,36478500,0.758,35752600,0.763,75887000,0.764,85519400,0.765,55811400,0.766,37036900,0.767,28181100,230,99999,0
sh513130,09:32:25,1768354348856,5887.12,0.894,3.4423,0.763,0.7623,0.0918,785100,598688,0.7626,0.762,51943800,0.761,71544200,0.760,66315500,0.759,46493500,0.758,35752600,0.763,86130500,0.764,85753000,0.765,55941400,0.766,37146900,0.767,28191100,1012,99999,0
sh513130,09:32:28,1768354351843,5887.47,0.894,4.9344,0.762,0.7623,-0.0394,519900,396311,0.7623,0.762,51504400,0.761,70611700,0.760,65421100,0.759,46493500,0.758,36752600,0.763,87797900,0.764,85755100,0.765,56083300,0.766,37152000,0.767,28543200,213,99999,0
sh513130,09:32:31,1768354355823,5889.18,0.894,3.169,0.762,0.7623,-0.0394,1004100,765959,0.7628,0.762,53069800,0.761,71643500,0.760,65390200,0.759,46498500,0.758,35752600,0.763,88444400,0.764,85952900,0.765,56957000,0.766,37125300,0.767,28543200,222,99999,0
sh513130,09:32:34,1768354357817,5888.3,0.894,3.208,0.763,0.7623,0.0918,1191600,908797,0.7627,0.762,68028900,0.761,71687200,0.760,61476700,0.759,36511600,0.758,35752600,0.763,68304500,0.764,90893800,0.765,63797800,0.766,40136600,0.767,28543200,246,99999,0
sh513130,09:32:37,1768354360801,5888.82,0.894,2.0718,0.763,0.7623,0.0918,377600,287982,0.7627,0.762,64852700,0.761,71890600,0.760,65516700,0.759,36511600,0.758,35752800,0.763,89808300,0.764,85965900,0.765,58671900,0.766,37139800,0.767,28543200,218,99999,0
sh513130,09:32:40,1768354363802,5888.01,0.894,3.5347,0.763,0.7623,0.0918,687300,523938,0.7623,0.762,55333100,0.761,74860900,0.760,65455700,0.759,48220400,0.758,35739800,0.763,90179500,0.764,86031800,0.765,59717300,0.766,37139800,0.767,28543200,181,99999,0
sh513130,09:32:43,1768354367772,5888.96,0.894,2.6029,0.763,0.7624,0.0787,2566200,1957590,0.7628,0.762,56423300,0.761,75309800,0.760,65250900,0.759,48220400,0.758,35739800,0.763,91527700,0.764,86105200,0.765,60536000,0.766,38259800,0.767,28545700,738,99999,0
sh513130,09:32:46,1768354368771,5887.65,0.894,2.5531,0.763,0.7624,0.0787,488900,372925,0.7628,0.762,57485700,0.761,75809900,0.760,65278000,0.759,48231000,0.758,35739800,0.763,91568500,0.764,86138000,0.765,61453100,0.766,38259800,0.767,29289000,949,99999,0
sh513130,09:32:49,1768354371773,5886.36,0.894,2.9963,0.763,0.7624,0.0787,1027300,783485,0.7627,0.762,59043900,0.761,75928500,0.760,65216500,0.759,48231000,0.758,35739800,0.763,92387900,0.764,86209100,0.765,62458100,0.766,38261800,0.767,28360000,166,99999,0
sh513130,09:32:46,1768354372777,5886.36,0.894,3.7203,0.763,0.7624,0.0787,0,0,0.763,0.762,57485700,0.761,75809900,0.760,65278000,0.759,48231000,0.758,35739800,0.763,91568500,0.764,86138000,0.765,61453100,0.766,38259800,0.767,29289000,1169,99999,2
sh513130,09:32:49,1768354373773,5887.17,0.894,2.9081,0.763,0.7624,0.0787,0,0,0.763,0.762,59043900,0.761,75928500,0.760,65216500,0.759,48231000,0.758,35739800,0.763,92387900,0.764,86209100,0.765,62458100,0.766,38261800,0.767,28360000,163,99999,0
sh513130,09:32:52,1768354376771,5887.67,0.894,2.9855,0.762,0.7624,-0.0525,323800,246976,0.7627,0.762,61025400,0.761,71653400,0.760,65226500,0.759,48231000,0.758,40068600,0.763,93494900,0.764,86277100,0.765,63203600,0.766,38261800,0.767,28362000,1117,99999,0
sh513130,09:32:55,1768354378774,5887.38,0.894,3.7658,0.762,0.7624,-0.0525,516600,393947,0.7626,0.762,61688800,0.761,76032800,0.760,65277600,0.759,48220400,0.758,35644600,0.763,93337400,0.764,86285700,0.765,64127300,0.766,38568400,0.767,28373000,968,99999,0
sh513130,09:32:58,1768354381778,5887.51,0.894,4.0129,0.763,0.7624,0.0787,470200,358593,0.7626,0.762,62935300,0.761,76102400,0.760,65253200,0.759,48220400,0.758,35644600,0.763,96360700,0.764,86289700,0.765,64946000,0.766,38528400,0.767,28765100,173,99999,0
sh513130,09:33:01,1768354385762,5886.46,0.894,2.2731,0.763,0.7624,0.0787,381100,290647,0.7627,0.762,62970200,0.761,76234700,0.760,65345300,0.759,48220400,0.758,35655600,0.763,97090500,0.764,86289700,0.765,65764700,0.766,38628400,0.767,28768100,140,99999,0
sh513130,09:33:04,1768354388761,5887.55,0.894,3.0381,0.762,0.7624,-0.0525,658400,501911,0.7623,0.762,73543300,0.761,76277700,0.760,63812900,0.759,38220400,0.758,35675600,0.763,88269700,0.764,86254700,0.765,66450200,0.766,38628400,0.767,28768300,165,99999,0
sh513130,09:33:07,1768354390752,5886.23,0.894,2.096,0.762,0.7624,-0.0525,570900,435310,0.7625,0.762,63233000,0.761,81277700,0.760,69783900,0.759,48220400,0.758,35566900,0.763,98662700,0.764,95253300,0.765,71625900,0.766,38629400,0.767,28818300,3,99999,0
sh513130,09:33:10,1768354394725,5886.21,0.894,4.6595,0.762,0.7624,-0.0525,3862800,2943661,0.7621,0.762,25047400,0.761,80264900,0.760,69807800,0.759,48220700,0.758,36566900,0.763,98873400,0.764,92580800,0.765,71577400,0.766,39447000,0.767,28818300,1149,99999,0
sh513130,09:33:13,1768354397727,5885.07,0.894,4.8374,0.762,0.7623,-0.0394,945900,721290,0.7625,0.762,15072700,0.761,81327600,0.760,69822800,0.759,53220700,0.758,35585800,0.763,97645200,0.764,95550800,0.765,72602900,0.766,40131300,0.767,28875800,126,99999,0
sh513130,09:33:16,1768354399727,5884.6,0.894,5.0399,0.762,0.7623,-0.0394,3351700,2554853,0.7623,0.762,45120700,0.761,81182300,0.760,70467400,0.759,53210700,0.758,35585800,0.763,96440600,0.764,95620600,0.765,72599600,0.766,40771000,0.767,28885800,101,99999,0
sh513130,09:33:19,1768354401714,5884.24,0.894,3.7339,0.762,0.7623,-0.0394,2098300,1599435,0.7623,0.762,32879900,0.761,81217900,0.760,71076400,0.759,53210700,0.758,35606800,0.763,97067800,0.764,95650600,0.765,71684600,0.766,41298500,0.767,28885800,119,99999,0
sh513130,09:33:16,1768354402701,5884.24,0.894,2.4039,0.762,0.7623,-0.0394,0,0,0.762,0.762,45120700,0.761,81182300,0.760,70467400,0.759,53210700,0.758,35585800,0.763,96440600,0.764,95620600,0.765,72599600,0.766,40771000,0.767,28885800,1109,99999,2
sh513130,09:33:19,1768354403690,5884.11,0.894,2.0333,0.762,0.7623,-0.0394,0,0,0.762,0.762,32879900,0.761,81217900,0.760,71076400,0.759,53210700,0.758,35606800,0.763,97067800,0.764,95650600,0.765,71684600,0.766,41298500,0.767,28885800,15,99999,0
sh513130,09:33:22,1768354405681,5884.15,0.894,1.9181,0.763,0.7616,0.1838,3133100,2387792,0.7621,0.762,9893400,0.761,81643100,0.760,71010200,0.759,53210700,0.758,35606800,0.763,98413900,0.764,95655600,0.765,71768100,0.766,41312500,0.767,28885800,128,99999,0
sh513130,09:33:25,1768354408664,5883.73,0.894,2.1997,0.762,0.7616,0.0525,1396900,1064487,0.762,0.762,7808900,0.761,81666200,0.760,72637800,0.759,53266500,0.758,35626800,0.763,98896400,0.764,95421200,0.765,71765100,0.766,41251600,0.767,28885800,686,99999,0
sh513130,09:33:28,1768354412642,5883.5,0.894,6.3924,0.762,0.7623,-0.0394,8840100,6737285,0.7621,0.761,74964400,0.760,73497800,0.759,53266500,0.758,43005800,0.757,28414200,0.762,1621000,0.763,98780900,0.764,95128400,0.765,72110500,0.766,41377200,365,99999,0
sh513130,09:33:31,1768354415626,5882.57,0.894,2.7005,0.762,0.7623,-0.0394,818200,623468,0.762,0.761,75520000,0.760,74291400,0.759,53271500,0.758,43010800,0.757,28449200,0.762,6181500,0.763,99118900,0.764,90520700,0.765,72130500,0.766,38106800,63,99999,0
sh513130,09:33:34,1768354418608,5883.78,0.894,4.3064,0.762,0.7616,0.0525,174700,133117,0.762,0.761,75515300,0.760,74322400,0.759,53271500,0.758,42710800,0.757,28459200,0.762,3626200,0.763,98119900,0.764,94520700,0.765,72074400,0.766,38108800,977,99999,0
sh513130,09:33:37,1768354420611,5882.95,0.894,4.2974,0.762,0.7623,-0.0394,1213700,923899,0.7612,0.761,81201800,0.760,75066200,0.759,53478100,0.758,36330800,0.757,28459200,0.762,4544400,0.763,97091400,0.764,94682100,0.765,71800900,0.766,38302600,1011,99999,0
sh513130,09:33:40,1768354424608,5884.68,0.894,6.9284,0.761,0.7623,-0.1705,208900,159114,0.7617,0.761,82404200,0.760,75890200,0.759,53478100,0.758,35430800,0.757,28459200,0.762,6183000,0.763,96777900,0.764,94732600,0.765,71792900,0.766,38161400,959,99999,0
sh513130,09:33:43,1768354426612,5885.32,0.894,6.2983,0.762,0.7617,0.0394,6374700,4857783,0.762,0.762,15398300,0.761,82583100,0.760,69362700,0.759,53438100,0.758,35450800,0.763,96083200,0.764,94706300,0.765,71722700,0.766,38171500,0.767,29010100,1030,99999,0
sh513130,09:33:46,1768354430605,5884.11,0.894,7.9947,0.762,0.7617,0.0394,2109900,1607746,0.762,0.762,16577600,0.761,82696200,0.760,69363300,0.759,53538100,0.758,35450800,0.763,95846300,0.764,95458000,0.765,71709700,0.766,38173500,0.767,29010100,962,99999,0
sh513130,09:33:49,1768354432610,5884.73,0.894,6.5167,0.763,0.7623,0.0918,2264300,1725405,0.762,0.762,19633100,0.761,82726700,0.760,70448600,0.759,53538100,0.758,35458300,0.763,96295800,0.764,95298600,0.765,71769900,0.766,38991100,0.767,29010100,954,99999,0
sh513130,09:33:52,1768354436605,5885.15,0.894,6.0153,0.762,0.7617,0.0394,332100,253116,0.7622,0.762,19516600,0.761,83013000,0.760,71670000,0.759,53538100,0.758,35458300,0.763,97180200,0.764,95448800,0.765,71780400,0.766,39916200,0.767,29101200,633,99999,0
sh513130,09:33:55,1768354439620,5883.92,0.894,4.5795,0.762,0.7617,0.0394,962600,733573,0.7621,0.762,1654800,0.761,84232200,0.760,72601300,0.759,53538100,0.758,35478300,0.763,101157100,0.764,95598800,0.765,71765000,0.766,40733800,0.767,29131200,10,99999,0
sh513130,09:33:58,1768354442617,5883.55,0.894,3.6595,0.761,0.7617,-0.0919,2246600,1711903,0.762,0.761,76840200,0.760,73462700,0.759,53538100,0.758,42858300,0.757,28469600,0.762,1149100,0.763,102922800,0.764,95698800,0.765,65086400,0.766,38281000,188,99999,0
sh513130,09:34:01,1768354444600,5882.55,0.894,4.9561,0.762,0.7617,0.0394,315800,240640,0.762,0.761,72781600,0.760,74464800,0.759,57528100,0.758,42858300,0.757,28495600,0.762,53450200,0.763,93356400,0.764,78774000,0.765,54141900,0.766,38292000,16,99999,0
sh513130,09:34:04,1768354448600,5882.5,0.894,5.8289,0.762,0.7616,0.0525,415300,316123,0.7612,0.761,76778200,0.760,75397000,0.759,53428100,0.758,42858300,0.757,28495600,0.762,6839700,0.763,96601600,0.764,105318400,0.765,57320600,0.766,38292000,961,99999,0
sh513130,09:34:07,1768354451610,5881.52,0.894,5.1498,0.761,0.7616,-0.0788,8934800,6807995,0.762,0.761,72835700,0.760,76230700,0.759,57442700,0.758,42858300,0.757,28494300,0.762,43480500,0.763,91022500,0.764,79757100,0.765,49338600,0.766,38392000,6,99999,0
sh513130,09:34:10,1768354454619,5879.02,0.894,3.503,0.762,0.7616,0.0525,1192100,908330,0.762,0.761,52851400,0.760,80048400,0.759,57442700,0.758,52858500,0.757,28634300,0.762,48175800,0.763,92410100,0.764,79757200,0.765,49508600,0.766,38472000,1003,99999,0
sh513130,09:34:13,1768354456606,5878.9,0.894,4.9202,0.762,0.7616,0.0525,284000,216378,0.7619,0.761,62573400,0.760,75196200,0.759,52397600,0.758,52859500,0.757,28806300,0.762,46180300,0.763,88015800,0.764,73787200,0.765,49578200,0.766,38475000,1023,99999,0
sh513130,09:34:16,1768354459626,5880.69,0.894,5.8307,0.762,0.7616,0.0525,1328800,1012493,0.762,0.761,72939900,0.760,75288800,0.759,53257700,0.758,42859500,0.757,28806300,0.762,44944500,0.763,88987500,0.764,73787200,0.765,49595500,0.766,38464300,97,99999,0
sh513130,09:34:19,1768354462620,5881.39,0.894,5.9191,0.762,0.7609,0.1446,1048600,798916,0.7619,0.761,80341000,0.760,75269800,0.759,50082800,0.758,38474500,0.757,28806300,0.762,7092000,0.763,92737100,0.764,99848500,0.765,57605500,0.766,38474300,808,99999,0
sh513130,09:34:22,1768354465600,5881.36,0.894,4.5403,0.762,0.7616,0.0525,8107400,6177847,0.762,0.762,311700,0.761,84235000,0.760,80464700,0.759,55981000,0.758,41854500,0.763,98535400,0.764,105850200,0.765,62610600,0.766,38480300,0.767,29476900,16,99999,0
sh513130,09:34:25,1768354468611,5880.39,0.894,4.0959,0.762,0.7616,0.0525,1862300,1419029,0.762,0.761,89903100,0.760,80405700,0.759,56856100,0.758,36569200,0.757,28591500,0.762,9616900,0.763,101177000,0.764,105856700,0.765,62744300,0.766,39153900,331,99999,0
sh513130,09:34:28,1768354471587,5879.44,0.894,5.3712,0.762,0.7623,-0.0394,33836100,25783108,0.762,0.761,83781500,0.760,80112300,0.759,56856100,0.758,42949300,0.757,28283400,0.762,24250100,0.763,98243100,0.764,88119200,0.765,62794300,0.766,39154400,2,99999,0
sh513130,09:34:31,1768354475581,5882.1,0.894,3.9372,0.762,0.7623,-0.0394,3869200,2948285,0.762,0.762,14641600,0.761,87968300,0.760,80293900,0.759,56856100,0.758,38569300,0.763,97907300,0.764,106109500,0.765,62743900,0.766,39146300,0.767,29536900,0,99999,0
sh513130,09:34:34,1768354478570,5882.52,0.894,6.4945,0.762,0.7622,-0.0262,1243800,947776,0.762,0.762,50462600,0.761,91423100,0.760,77297200,0.759,56869300,0.758,35548900,0.763,90969200,0.764,106241500,0.765,62744900,0.766,39146300,0.767,29536900,924,99999,0
sh513130,09:34:37,1768354481582,5883.9,0.894,6.006,0.762,0.7616,0.0525,215200,164023,0.7622,0.762,68266700,0.761,94726800,0.760,77297700,0.759,35598900,0.758,35553900,0.763,98440400,0.764,106060000,0.765,64523500,0.766,39146300,0.767,29536900,49,99999,0
sh513130,09:34:40,1768354483569,5883.49,0.894,4.9707,0.762,0.7616,0.0525,707300,539101,0.7622,0.762,69956100,0.761,95082500,0.760,70643300,0.759,35638400,0.758,35592000,0.763,98398700,0.764,106060000,0.765,64599500,0.766,38639300,0.767,29538400,16,99999,0
sh513130,09:34:43,1768354486594,5883.8,0.894,2.4557,0.762,0.7623,-0.0394,339300,258719,0.7625,0.762,75433600,0.761,95002700,0.760,66730400,0.759,35649400,0.758,35610100,0.763,99000200,0.764,106061000,0.765,64580500,0.766,38686800,0.767,29662700,1018,99999,0
sh513130,09:34:46,1768354489579,5884.45,0.894,3.3651,0.762,0.7623,-0.0394,986900,752030,0.762,0.762,75438000,0.761,95014700,0.760,66778900,0.759,35649400,0.758,35610100,0.763,91634500,0.764,106031000,0.765,63623900,0.766,46686800,0.767,29162700,32,99999,0
sh513130,09:34:49,1768354493564,5885.09,0.894,2.5264,0.762,0.7623,-0.0394,247800,188943,0.7625,0.762,73257600,0.761,95024700,0.760,70779900,0.759,36258800,0.758,35610100,0.763,99438900,0.764,106321000,0.765,58950600,0.766,38708800,0.767,29164000,11,99999,0
sh513130,09:34:53,1768354496562,5885.24,0.894,3.6579,0.763,0.7623,0.0918,227000,173013,0.7622,0.762,77902400,0.761,95215100,0.760,70971800,0.759,36258800,0.758,35653400,0.763,99233500,0.764,107047400,0.765,60759200,0.766,38753200,0.767,29164000,283,99999,0
sh513130,09:34:55,1768354499556,5888.75,0.894,2.7842,0.762,0.7623,-0.0394,1280800,975993,0.762,0.762,77782500,0.761,95470500,0.760,71268700,0.759,36258800,0.758,35653400,0.763,99434500,0.764,107047400,0.765,61577800,0.766,38761200,0.767,29164000,50,99999,0
sh513130,09:34:58,1768354502558,5887.95,0.894,4.0737,0.763,0.7622,0.105,280700,213933,0.7621,0.762,82513100,0.761,95750500,0.760,67114400,0.759,36258800,0.758,35655400,0.763,100251200,0.764,102108500,0.765,66892000,0.766,41771200,0.767,29169400,983,99999,0
sh513130,09:35:01,1768354505556,5886.71,0.894,0.7951,0.763,0.7622,0.105,1446000,1102037,0.7621,0.762,81695600,0.761,97245700,0.760,71015100,0.759,37058800,0.758,35705400,0.763,107253700,0.764,103108500,0.765,66845000,0.766,39653000,0.767,29169400,13,99999,0
sh513130,09:35:04,1768354507555,5886.02,0.894,0.7069,0.763,0.7623,0.0918,1026600,783274,0.763,0.762,82207100,0.761,97108700,0.760,71188400,0.759,47058800,0.758,35743400,0.763,117659300,0.764,107542900,0.765,63751500,0.766,39668000,0.767,29175400,43,99999,0
sh513130,09:35:07,1768354511559,5888.44,0.894,3.6763,0.763,0.7622,0.105,1443300,1100208,0.7623,0.762,101299100,0.761,97108700,0.760,69221400,0.759,29678800,0.758,35734800,0.763,117671500,0.764,107401500,0.765,63764400,0.766,39668000,0.767,29242800,31,99999,0
sh513130,09:35:10,1768354514553,5889.28,0.894,3.421,0.762,0.7622,-0.0262,679300,518112,0.7627,0.762,103711200,0.761,96957600,0.760,69221400,0.759,29679300,0.758,35716800,0.763,116749600,0.764,107401500,0.765,65794700,0.766,39668000,0.767,29262800,982,99999,0
sh513130,09:35:13,1768354516567,5889.48,0.894,3.2129,0.763,0.7623,0.0918,1928700,1470075,0.7622,0.762,103186300,0.761,96896100,0.760,69229600,0.759,29679300,0.758,35717000,0.763,77169400,0.764,113843400,0.765,86821900,0.766,47668000,0.767,29262800,852,99999,0
sh513130,09:35:16,1768354519580,5891.48,0.894,2.3133,0.762,0.7623,-0.0394,2601100,1984606,0.763,0.762,107511500,0.761,97034500,0.760,68320000,0.759,29679300,0.758,35818000,0.763,58234500,0.764,103843400,0.765,101026400,0.766,52668000,0.767,30262800,66,99999,0
sh513130,09:35:19,1768354522571,5891.0,0.894,3.0172,0.762,0.7623,-0.0394,2495500,1903000,0.7626,0.762,108246900,0.761,89577300,0.760,64966800,0.759,29687600,0.758,35818000,0.763,57872400,0.764,103833400,0.765,101036200,0.766,52736900,0.767,30274600,395,99999,0
sh513130,09:35:22,1768354525574,5890.34,0.894,3.7686,0.763,0.7623,0.0918,1521200,1159533,0.7622,0.762,109060500,0.761,90297800,0.760,65019800,0.759,29687600,0.758,35818000,0.763,57611800,0.764,103859600,0.765,101856300,0.766,52786900,0.767,30274600,42,99999,0
sh513130,09:35:19,1768354526578,5890.34,0.894,3.3038,0.762,0.7623,-0.0394,0,0,0.762,0.762,108246900,0.761,89577300,0.760,64966800,0.759,29687600,0.758,35818000,0.763,57872400,0.764,103833400,0.765,101036200,0.766,52736900,0.767,30274600,72,99999,2
sh513130,09:35:22,1768354527567,5889.61,0.894,3.0881,0.763,0.7623,0.0918,0,0,0.763,0.762,109060500,0.761,90297800,0.760,65019800,0.759,29687600,0.758,35818000,0.763,57611800,0.764,103859600,0.765,101856300,0.766,52786900,0.767,30274600,68,99999,0
sh513130,09:35:25,1768354529580,5889.41,0.894,3.0821,0.763,0.7623,0.0918,3206200,2446220,0.763,0.762,109018400,0.761,91430500,0.760,65037800,0.759,29682300,0.758,35818000,0.763,59827700,0.764,103876800,0.765,102068700,0.766,52794900,0.767,30335800,69,99999,0
sh513130,09:35:28,1768354532572,5886.47,0.894,1.2983,0.762,0.7623,-0.0394,1601400,1220405,0.7621,0.762,107216000,0.761,91813300,0.760,66027800,0.759,33610300,0.758,35818400,0.763,105583000,0.764,95257600,0.765,71016900,0.766,48662400,0.767,30335800,913,99999,0
sh513130,09:35:31,1768354535569,5882.85,0.894,3.7044,0.762,0.7623,-0.0394,422600,322396,0.7629,0.762,51940200,0.761,105194100,0.760,69983800,0.759,51090300,0.758,35841400,0.763,120017000,0.764,95267600,0.765,65068000,0.766,40662400,0.767,30355800,24,99999,0
sh513130,09:35:34,1768354538568,5883.38,0.894,3.5213,0.762,0.7629,-0.118,25930200,19758864,0.762,0.761,104531500,0.760,71014800,0.759,54060300,0.758,37862400,0.757,32133100,0.762,56337000,0.763,111239300,0.764,79394900,0.765,64078000,0.766,39844900,942,99999,0
sh513130,09:35:37,1768354541587,5883.33,0.894,4.7874,0.762,0.7616,0.0525,931600,709691,0.7618,0.761,107217900,0.760,70996500,0.759,59060300,0.758,35862400,0.757,32133100,0.762,43736400,0.763,110616300,0.764,102164900,0.765,56081000,0.766,39852900,56,99999,0
sh513130,09:35:40,1768354543586,5884.32,0.894,3.5643,0.762,0.7616,0.0525,2133500,1625574,0.7619,0.761,107101600,0.760,71049000,0.759,59062000,0.758,36664400,0.757,32133100,0.762,22944500,0.763,111904600,0.764,102322700,0.765,56379100,0.766,39852900,76,99999,0
sh513130,09:35:43,1768354547596,5884.31,0.894,4.4072,0.762,0.7616,0.0525,8336800,6352323,0.762,0.762,72071000,0.761,108093800,0.760,70147500,0.759,58072000,0.758,36664400,0.763,109269300,0.764,102543000,0.765,59481100,0.766,39851900,0.767,30355800,86,99999,0
sh513130,09:35:46,1768354549586,5883.87,0.894,2.2371,0.762,0.7616,0.0525,721800,550033,0.762,0.762,94338900,0.761,110452000,0.760,70255500,0.759,38712000,0.758,36664400,0.763,107903800,0.764,102456700,0.765,65395400,0.766,39877300,0.767,30368900,52,99999,0
sh513130,09:35:49,1768354553587,5885.59,0.894,4.155,0.762,0.7616,0.0525,266300,202920,0.762,0.762,95782600,0.761,110369300,0.760,70678000,0.759,38712000,0.758,36664400,0.763,107781000,0.764,102461400,0.765,65395400,0.766,40782300,0.767,30367900,69,99999,0
sh513130,09:35:53,1768354555594,5886.36,0.894,3.255,0.763,0.7622,0.105,493500,376051,0.762,0.762,101328600,0.761,110459600,0.760,70692000,0.759,33715000,0.758,36684400,0.763,108181400,0.764,102491400,0.765,65406400,0.766,41599800,0.767,30419900,34,99999,0
sh513130,09:35:55,1768354558595,5886.64,0.894,3.5209,0.763,0.7622,0.105,240700,183601,0.7628,0.762,102161400,0.761,110603500,0.760,70782000,0.759,33718700,0.758,36694500,0.763,108583500,0.764,102491400,0.765,65304500,0.766,42417300,0.767,30419900,1043,99999,0
sh513130,09:35:58,1768354561588,5886.36,0.894,3.1214,0.763,0.7622,0.105,349500,266407,0.7623,0.762,103129000,0.761,110691000,0.760,70925000,0.759,33748700,0.758,36697500,0.763,109028300,0.764,102551400,0.765,65365500,0.766,43195400,0.767,30419900,13,99999,0
sh513130,09:36:01,1768354565600,5885.48,0.894,1.9634,0.763,0.7622,0.105,166300,126877,0.7629,0.762,65689600,0.761,110688500,0.760,70983400,0.759,49848700,0.758,36697500,0.763,110253700,0.764,103115800,0.765,65450500,0.766,44505400,0.767,30419900,34,99999,0
sh513130,09:36:04,1768354567585,5883.97,0.894,2.3204,0.763,0.7622,0.105,745900,568803,0.7626,0.762,99780800,0.761,110690500,0.760,71483900,0.759,33848700,0.758,36708300,0.763,111755900,0.764,103048200,0.765,65454200,0.766,44505400,0.767,30420400,40,99999,0
sh513130,09:36:07,1768354570587,5882.99,0.894,6.052,0.762,0.7622,-0.0262,12107000,9225577,0.762,0.761,109966400,0.760,72479800,0.759,51228700,0.758,36908300,0.757,32163400,0.762,17177800,0.763,112139300,0.764,105635100,0.765,64469400,0.766,40417900,941,99999,0
sh513130,09:36:10,1768354573591,5884.12,0.894,3.5671,0.762,0.7622,-0.0262,924700,704621,0.762,0.761,108992400,0.760,72502800,0.759,58208700,0.758,36908300,0.757,32163400,0.762,32385700,0.763,109716700,0.764,89811100,0.765,59492700,0.766,40508300,32,99999,0
sh513130,09:36:13,1768354576597,5884.13,0.894,2.2051,0.762,0.7615,0.0657,2132300,1624803,0.762,0.762,1379400,0.761,108895400,0.760,72371300,0.759,58708700,0.758,36908300,0.763,108589500,0.764,107809300,0.765,59492700,0.766,40647300,0.767,30440400,485,99999,0
sh513130,09:36:16,1768354579586,5882.5,0.894,1.7595,0.762,0.7615,0.0657,2305600,1756958,0.762,0.761,110697300,0.760,72308100,0.759,56728700,0.758,37021300,0.757,32109900,0.762,17547000,0.763,108571400,0.764,108810200,0.765,64463300,0.766,40647300,64,99999,0
sh513130,09:36:19,1768354582584,5883.79,0.894,3.2602,0.762,0.7615,0.0657,212400,161822,0.7619,0.761,109161700,0.760,72308100,0.759,58735500,0.758,37021300,0.757,32109900,0.762,11612400,0.763,108937100,0.764,109135500,0.765,64564300,0.766,41184300,14,99999,0
sh513130,09:36:22,1768354585586,5881.88,0.894,5.2912,0.762,0.7615,0.0657,550500,419193,0.7615,0.761,109736600,0.760,72311100,0.759,59426500,0.758,37022000,0.757,32109900,0.762,61281000,0.763,104365000,0.764,75016700,0.765,56564300,0.766,41294600,33,99999,0
sh513130,09:36:25,1768354588597,5882.2,0.894,4.8743,0.762,0.7615,0.0657,2877900,2192939,0.762,0.761,111741000,0.760,73176500,0.759,59426500,0.758,37072000,0.757,37521600,0.762,4645600,0.763,109920800,0.764,108781800,0.765,64640300,0.766,41294600,925,99999,0
sh513130,09:36:28,1768354592591,5882.63,0.894,5.4656,0.761,0.7615,-0.0657,1558400,1187500,0.762,0.761,112853200,0.760,73660700,0.759,58486500,0.758,37072000,0.757,37515100,0.762,4929800,0.763,108657200,0.764,110611400,0.765,64640300,0.766,41294600,1025,99999,0
sh513130,09:36:31,1768354594597,5882.28,0.894,4.4978,0.761,0.7615,-0.0657,465700,354656,0.7616,0.761,111817700,0.760,74603100,0.759,59476500,0.758,37072600,0.757,37508500,0.762,8216200,0.763,107892200,0.764,111432000,0.765,64643300,0.766,41346300,951,99999,0
sh513130,09:36:34,1768354597579,5881.27,0.894,3.1553,0.762,0.7615,0.0657,501400,382062,0.762,0.761,111840600,0.760,75725000,0.759,59476500,0.758,37072600,0.757,37503500,0.762,63234200,0.763,102955900,0.764,73523400,0.765,61547800,0.766,41346300,72,99999,0
sh513130,09:36:37,1768354600581,5882.66,0.894,2.953,0.761,0.7615,-0.0657,512600,390332,0.7615,0.761,112088900,0.760,76743800,0.759,59476500,0.758,37087500,0.757,37503500,0.762,39423900,0.763,108979600,0.764,94616000,0.765,59547800,0.766,41356300,786,99999,0
sh513130,09:36:40,1768354604570,5882.93,0.894,0.7756,0.762,0.7615,0.0657,2094900,1596053,0.7619,0.761,113619700,0.760,76743800,0.759,58510100,0.758,37087500,0.757,37503500,0.762,5473300,0.763,107306200,0.764,111624300,0.765,59547800,0.766,41356300,477,99999,0
sh513130,09:36:43,1768354607544,5884.05,0.894,4.2014,0.762,0.7615,0.0657,994100,757494,0.762,0.761,113684700,0.760,76899000,0.759,58510100,0.758,37087500,0.757,37523500,0.762,6240600,0.763,107038600,0.764,111782800,0.765,59569800,0.766,41356300,16,99999,0
sh513130,09:36:46,1768354610543,5884.61,0.894,7.2331,0.762,0.7615,0.0657,2727700,2078437,0.762,0.761,113746300,0.760,77506000,0.759,58516400,0.758,37087500,0.757,37523500,0.762,9275800,0.763,107143100,0.764,111769700,0.765,59664600,0.766,41419800,968,99999,0
sh513130,09:36:49,1768354612548,5883.79,0.894,8.8671,0.762,0.7615,0.0657,29230800,22273834,0.762,0.761,112581000,0.760,78378600,0.759,58516800,0.758,37087500,0.757,37423500,0.762,21360400,0.763,107058900,0.764,113589300,0.765,59733200,0.766,41429800,972,99999,0
sh513130,09:36:52,1768354616503,5884.77,0.894,6.8953,0.762,0.7615,0.0657,1171700,892835,0.762,0.761,112147900,0.760,78611200,0.759,58516800,0.758,37087500,0.757,37421200,0.762,9921100,0.763,107388700,0.764,114408900,0.765,64733200,0.766,41530400,879,99999,0
sh513130,09:36:55,1768354618474,5886.5,0.894,6.1198,0.762,0.7615,0.0657,4195200,3196644,0.762,0.761,114080200,0.760,78616200,0.759,58502600,0.758,37087900,0.757,37363800,0.762,3889400,0.763,106788100,0.764,115218500,0.765,64733200,0.766,41530400,861,99999,0
sh513130,09:36:58,1768354621500,5886.56,0.894,4.672,0.762,0.7615,0.0657,3416300,2603221,0.762,0.762,62571300,0.761,112964000,0.760,77857200,0.759,44512600,0.758,37096800,0.763,106997700,0.764,108674700,0.765,65414800,0.766,41550400,0.767,30800300,155,99999,0
sh513130,09:37:01,1768354625478,5888.67,0.894,5.5231,0.763,0.7615,0.197,1744600,1329553,0.7621,0.762,80133500,0.761,113116600,0.760,73875700,0.759,35132600,0.758,37131000,0.763,92629200,0.764,108674700,0.765,75350400,0.766,46550400,0.767,30700400,1894,99999,0
sh513130,09:37:04,1768354627462,5889.48,0.894,5.1496,0.762,0.7615,0.0657,5781200,4405358,0.762,0.762,76946000,0.761,113141800,0.760,72015700,0.759,35190600,0.758,37116000,0.763,102101500,0.764,96842200,0.765,72421900,0.766,49554700,0.767,30700400,1791,99999,0
sh513130,09:37:07,1768354631444,5890.7,0.894,4.1846,0.762,0.7622,-0.0262,227200,173215,0.7624,0.762,77660000,0.761,112858800,0.760,68796100,0.759,35879700,0.758,37116000,0.763,62714000,0.764,101790000,0.765,107360400,0.766,49554700,0.767,30700400,1464,99999,0
sh513130,09:37:10,1768354634443,5890.16,0.894,3.9062,0.763,0.7622,0.105,1292400,985321,0.7624,0.762,77798500,0.761,113526300,0.760,68114500,0.759,35966600,0.758,37165100,0.763,105461700,0.764,96950000,0.765,77421400,0.766,46555700,0.767,30700400,166,99999,0
sh513130,09:37:13,1768354637445,5891.74,0.894,2.6361,0.763,0.7629,0.0131,664600,506789,0.7625,0.762,77451400,0.761,113566300,0.760,68777500,0.759,35981600,0.758,37167300,0.763,111193900,0.764,96950000,0.765,76431400,0.766,46556700,0.767,30700400,1010,99999,0
sh513130,09:37:16,1768354640427,5890.35,0.894,1.7823,0.763,0.7629,0.0131,609300,464800,0.7628,0.762,79612900,0.761,112681600,0.760,67777500,0.759,35981600,0.758,37167300,0.763,107489800,0.764,96950600,0.765,77471400,0.766,49311500,0.767,30700400,816,99999,0
sh513130,09:37:19,1768354643395,5891.84,0.894,4.5923,0.763,0.7629,0.0131,181500,138414,0.7626,0.762,80541300,0.761,113087800,0.760,67788000,0.759,36676700,0.758,37167300,0.763,62200900,0.764,95492500,0.765,97410400,0.766,49323500,0.767,30700400,488,99999,0
sh513130,09:37:22,1768354646401,5893.18,0.894,4.345,0.763,0.7622,0.105,56249600,42919387,0.763,0.763,18984300,0.762,85842100,0.761,105532000,0.760,66812200,0.759,37274900,0.764,98190900,0.765,98445000,0.766,54323500,0.767,30879200,0.768,28080100,794,99999,0
sh513130,09:37:25,1768354650409,5893.94,0.894,3.9748,0.764,0.7622,0.2362,186900,142605,0.763,0.763,20438400,0.762,85785600,0.761,104661600,0.760,66813200,0.759,37274900,0.764,98367200,0.765,98445200,0.766,54323500,0.767,30884200,0.768,28080200,845,99999,0
sh513130,09:37:28,1768354652398,5893.51,0.894,3.9199,0.763,0.7629,0.0131,2742200,2092385,0.763,0.763,16444100,0.762,86690800,0.761,92646300,0.760,66718600,0.759,37274900,0.764,99881300,0.765,98450000,0.766,54380300,0.767,30884200,0.768,28080200,821,99999,0
sh513130,09:37:31,1768354654392,5894.34,0.894,5.3344,0.764,0.7629,0.1442,1501100,1145824,0.7633,0.763,48054400,0.762,87649600,0.761,92803400,0.760,66596400,0.759,37274900,0.764,99446400,0.765,98455000,0.766,55197300,0.767,30879000,0.768,28080200,724,99999,0
sh513130,09:37:34,1768354658377,5893.67,0.894,3.6058,0.763,0.7629,0.0131,1550500,1183359,0.7632,0.763,17005200,0.762,87449100,0.761,92809400,0.760,66637400,0.759,37285900,0.764,99963000,0.765,98456400,0.766,56059500,0.767,31179000,0.768,28093400,401,99999,0
sh513130,09:37:37,1768354661364,5894.69,0.894,3.2058,0.763,0.7629,0.0131,339100,258847,0.7633,0.763,24322200,0.762,87664800,0.761,92938100,0.760,66642900,0.759,37286000,0.764,98468100,0.765,98360800,0.766,56806400,0.767,31329000,0.768,28094400,1238,99999,0
sh513130,09:37:40,1768354663347,5894.77,0.894,2.9387,0.764,0.7629,0.1442,2931300,2237246,0.7632,0.763,21908400,0.762,88012700,0.761,92938100,0.760,67072500,0.759,37440200,0.764,98466900,0.765,98363800,0.766,57705500,0.767,31334100,0.768,28094400,1076,99999,0
sh513130,09:37:43,1768354666346,5894.47,0.894,2.5512,0.764,0.7629,0.1442,1463600,1116986,0.7632,0.763,22140100,0.762,88044100,0.761,92613100,0.760,67058700,0.759,37450800,0.764,99039600,0.765,98324700,0.766,58488700,0.767,31335000,0.768,28099600,732,99999,0
sh513130,09:37:46,1768354669343,5893.06,0.894,2.6712,0.763,0.7629,0.0131,20888900,15938622,0.763,0.762,88646700,0.761,91723300,0.760,67059400,0.759,37450800,0.758,37348400,0.763,23471100,0.764,103360200,0.765,103314500,0.766,63627800,0.767,31335000,609,99999,0
sh513130,09:37:49,1768354672343,5894.42,0.894,4.5259,0.763,0.7629,0.0131,1548900,1181811,0.763,0.762,89748400,0.761,92886900,0.760,67059400,0.759,37450800,0.758,37348400,0.763,36321100,0.764,103821800,0.765,102521500,0.766,63602500,0.767,31335000,760,99999,0
sh513130,09:37:52,1768354677350,5893.58,0.894,3.0902,0.763,0.7629,0.0131,1818400,1387439,0.763,0.762,91189100,0.761,92870600,0.760,66977600,0.759,37450800,0.758,37348400,0.763,9984900,0.764,104663400,0.765,102786300,0.766,64632500,0.767,31439600,0,99999,0
sh513130,09:37:55,1768354678354,5895.67,0.894,5.4215,0.763,0.7629,0.0131,2837600,2165076,0.763,0.762,91447600,0.761,93406400,0.760,66679800,0.759,37485800,0.758,37348400,0.763,7946600,0.764,104956300,0.765,102995300,0.766,64646700,0.767,31440600,741,99999,0
sh513130,09:37:58,1768354681363,5895.8,0.894,3.6133,0.763,0.7628,0.0262,1995500,1522298,0.7629,0.762,91445300,0.761,93530600,0.760,66788200,0.759,37485800,0.758,37338400,0.763,5961800,0.764,105285900,0.765,102990300,0.766,64595000,0.767,31440600,1745,99999,0
sh513130,09:38:01,1768354685371,5895.86,0.894,3.1216,0.763,0.7628,0.0262,8232700,6280522,0.7629,0.763,50210000,0.762,91114100,0.761,92661300,0.760,66788200,0.759,37216800,0.764,108413900,0.765,104259800,0.766,65452500,0.767,31441200,0.768,29633300,1557,99999,0
sh513130,09:38:04,1768354688346,5896.74,0.894,5.4379,0.763,0.7628,0.0262,1849000,1411688,0.7635,0.763,81626700,0.762,91714500,0.761,88271200,0.760,49579700,0.759,37216800,0.764,92889000,0.765,104338200,0.766,70444900,0.767,41441200,0.768,29806200,221,99999,0
sh513130,09:38:07,1768354691338,5897.06,0.894,5.8918,0.764,0.7628,0.1573,319800,244103,0.7633,0.763,92572400,0.762,91913800,0.761,87390800,0.760,44811800,0.759,37216800,0.764,102434500,0.765,104331700,0.766,67464900,0.767,31444700,0.768,29806200,1049,99999,0
sh513130,09:38:11,1768354695311,5894.91,0.894,5.1305,0.763,0.7628,0.0262,10876200,8298750,0.763,0.763,1916000,0.762,92420300,0.761,92396800,0.760,62193900,0.759,37216800,0.764,107495700,0.765,104343700,0.766,66574900,0.767,31459800,0.768,29885700,710,99999,0
sh513130,09:38:13,1768354697314,5894.35,0.894,4.4068,0.763,0.7628,0.0262,3278200,2501267,0.763,0.762,93608800,0.761,93279400,0.760,67996900,0.759,37216800,0.758,37356800,0.763,3739900,0.764,106761600,0.765,103217000,0.766,65673900,0.767,31459800,551,99999,0
sh513130,09:38:16,1768354700304,5895.2,0.894,2.8628,0.764,0.7628,0.1573,3871200,2954031,0.7631,0.763,14534100,0.762,97476700,0.761,93277400,0.760,68087200,0.759,37216800,0.764,107592400,0.765,104233200,0.766,65687900,0.767,31459800,0.768,29966700,658,99999,0
sh513130,09:38:19,1768354704282,5894.92,0.894,2.2854,0.763,0.7628,0.0262,6201600,4731957,0.763,0.762,98959500,0.761,93263400,0.760,68274900,0.759,37221800,0.758,37356800,0.763,13423000,0.764,107843900,0.765,104388200,0.766,65687900,0.767,31427700,675,99999,0
sh513130,09:38:22,1768354705280,5894.92,0.894,2.2413,0.764,0.7628,0.1573,2866100,2186933,0.763,0.763,8904900,0.762,98806200,0.761,92240400,0.760,68356300,0.759,37227800,0.764,108752500,0.765,104388200,0.766,66197900,0.767,31543400,0.768,30022300,1672,99999,0
sh513130,09:38:19,1768354706279,5894.29,0.894,2.6813,0.763,0.7628,0.0262,0,0,0.763,0.762,98959500,0.761,93263400,0.760,68274900,0.759,37221800,0.758,37356800,0.763,13423000,0.764,107843900,0.765,104388200,0.766,65687900,0.767,31427700,690,99999,2
sh513130,09:38:22,1768354707279,5894.29,0.894,4.2031,0.764,0.7628,0.1573,0,0,0.764,0.763,8904900,0.762,98806200,0.761,92240400,0.760,68356300,0.759,37227800,0.764,108752500,0.765,104388200,0.766,66197900,0.767,31543400,0.768,30022300,1690,99999,0
sh513130,09:38:25,1768354709278,5894.01,0.894,2.5762,0.763,0.7628,0.0262,4081400,3114244,0.763,0.763,6680300,0.762,97911800,0.761,93300400,0.760,68356300,0.759,37242800,0.764,108570800,0.765,104738200,0.766,66378400,0.767,31586800,0.768,30022300,1668,99999,0
sh513130,09:38:28,1768354712261,5894.4,0.894,1.4855,0.764,0.7628,0.1573,200900,153423,0.7637,0.763,61775300,0.762,98412400,0.761,93299900,0.760,68357300,0.759,37242800,0.764,108606600,0.765,104798700,0.766,66406100,0.767,31683000,0.768,30072300,406,99999,0
sh513130,09:38:31,1768354715243,5893.88,0.894,2.1122,0.764,0.7628,0.1573,516300,394418,0.7639,0.763,42572500,0.762,99137400,0.761,93749600,0.760,68455300,0.759,37244300,0.764,108362800,0.765,104827800,0.766,66624600,0.767,31733000,0.768,30135300,1235,99999,0
sh513130,09:38:34,1768354718240,5894.81,0.894,4.1909,0.764,0.7628,0.1573,412700,315224,0.7638,0.763,57564700,0.762,98974400,0.761,93750700,0.760,68443200,0.759,37244300,0.764,108147700,0.765,104894400,0.766,66624700,0.767,31733000,0.768,30200300,652,99999,0
sh513130,09:38:37,1768354721226,5894.58,0.894,2.4564,0.764,0.7628,0.1573,444800,339827,0.764,0.763,82545200,0.762,97767100,0.761,88770700,0.760,45983200,0.759,37244300,0.764,107384700,0.765,104900400,0.766,67594700,0.767,31732800,0.768,30200300,755,99999,0
sh513130,09:38:40,1768354723215,5894.49,0.894,1.7225,0.763,0.7628,0.0262,1979000,1511620,0.7638,0.763,84365000,0.762,97853900,0.761,88699000,0.760,45997800,0.759,37244300,0.764,106044500,0.765,104807000,0.766,67547700,0.767,31732800,0.768,30302300,589,99999,0
sh513130,09:38:43,1768354726198,5894.73,0.894,0.0746,0.764,0.7635,0.0655,711600,543596,0.7639,0.763,88443600,0.762,97469800,0.761,88954000,0.760,46013000,0.759,37194900,0.764,105265300,0.765,104704600,0.766,67547700,0.767,32032800,0.768,30302300,588,99999,0
sh513130,09:38:46,1768354730161,5896.87,0.894,0.6203,0.764,0.7635,0.0655,334000,255092,0.7637,0.763,91546000,0.762,97451200,0.761,87973200,0.760,46041000,0.759,37204900,0.764,94850700,0.765,100086800,0.766,72573800,0.767,42046800,0.768,30327900,508,99999,0
sh513130,09:38:49,1768354733170,5896.49,0.894,4.4206,0.764,0.7635,0.0655,2887200,2205779,0.764,0.763,94613100,0.762,97478200,0.761,89034500,0.760,46034100,0.759,37214900,0.764,92394300,0.765,100189400,0.766,72589800,0.767,42530700,0.768,30327900,1549,99999,0
sh513130,09:38:52,1768354736164,5895.37,0.894,3.9955,0.764,0.7635,0.0655,1176100,898519,0.764,0.763,96613200,0.762,97574900,0.761,88800100,0.760,46133300,0.759,37181300,0.764,106558100,0.765,100189800,0.766,67599800,0.767,32500700,0.768,30401800,549,99999,0
sh513130,09:38:55,1768354739158,5896.11,0.894,2.7555,0.764,0.7635,0.0655,551800,421567,0.764,0.763,98798000,0.762,97601100,0.761,88626900,0.760,46128600,0.759,37181300,0.764,106149800,0.765,100190800,0.766,67600800,0.767,32519700,0.768,30461800,1457,99999,0
sh513130,09:38:58,1768354741150,5895.34,0.894,2.7844,0.764,0.7628,0.1573,1285200,981393,0.7636,0.763,99366600,0.762,97875900,0.761,88627900,0.760,46174600,0.759,37282000,0.764,105757100,0.765,100213600,0.766,67610800,0.767,32509300,0.768,30465900,1295,99999,0
sh513130,09:39:01,1768354746148,5897.21,0.894,2.8674,0.763,0.7628,0.0262,2607900,1992125,0.7639,0.763,100283500,0.762,97874600,0.761,88587900,0.760,46175600,0.759,37282000,0.764,59525900,0.765,107135100,0.766,102038900,0.767,42519300,0.768,30465900,553,99999,0
sh513130,09:39:04,1768354748161,5898.24,0.894,2.369,0.763,0.7628,0.0262,339400,259171,0.7636,0.763,102632700,0.762,97957100,0.761,87637600,0.760,46175600,0.759,37254500,0.764,76936900,0.765,102724900,0.766,96651400,0.767,42629300,0.768,30465900,541,99999,0
sh513130,09:39:07,1768354750177,5897.68,0.894,2.161,0.764,0.7634,0.0786,1173700,896629,0.7639,0.763,104028000,0.762,98767300,0.761,87607600,0.760,46172600,0.759,37237700,0.764,56687700,0.765,102598400,0.766,107933600,0.767,42639300,0.768,30465900,601,99999,0
sh513130,09:39:10,1768354754194,5898.49,0.894,4.7748,0.763,0.7634,-0.0524,559200,426853,0.7633,0.763,103305000,0.762,99586000,0.761,86219100,0.760,46192600,0.759,37237700,0.764,41279400,0.765,102735400,0.766,107966000,0.767,45739300,0.768,30465900,580,99999,0
sh513130,09:39:13,1768354756195,5898.02,0.894,2.367,0.764,0.7634,0.0786,1370600,1047098,0.764,0.763,102302400,0.762,100527700,0.761,85227800,0.760,47008300,0.759,37237700,0.764,41319100,0.765,103793600,0.766,98958000,0.767,45769300,0.768,30571000,579,99999,0
sh513130,09:39:16,1768354759211,5897.7,0.894,4.7342,0.764,0.7634,0.0786,60144300,45951245,0.764,0.764,1666200,0.763,101022700,0.762,98061900,0.761,85291300,0.760,47014000,0.765,107771800,0.766,99996000,0.767,45943700,0.768,30623300,0.769,27681100,1614,99999,0
sh513130,09:39:13,1768354760213,5899.69,0.894,4.0477,0.764,0.7634,0.0786,0,0,0.764,0.763,102302400,0.762,100527700,0.761,85227800,0.760,47008300,0.759,37237700,0.764,41319100,0.765,103793600,0.766,98958000,0.767,45769300,0.768,30571000,659,99999,2
sh513130,09:39:16,1768354761211,5899.69,0.894,5.2054,0.764,0.7634,0.0786,0,0,0.764,0.764,1666200,0.763,101022700,0.762,98061900,0.761,85291300,0.760,47014000,0.765,107771800,0.766,99996000,0.767,45943700,0.768,30623300,0.769,27681100,1657,99999,0
sh513130,09:39:19,1768354763206,5899.61,0.894,5.3845,0.764,0.7634,0.0786,7142100,5456543,0.764,0.764,22021900,0.763,105827800,0.762,82080900,0.761,70220100,0.760,47019500,0.765,108245000,0.766,100009000,0.767,45933700,0.768,30646600,0.769,27683200,1626,99999,0
sh513130,09:39:22,1768354766205,5899.68,0.894,5.9007,0.764,0.7634,0.0786,3356700,2565072,0.7642,0.763,105804500,0.762,82094900,0.761,74253700,0.760,47134500,0.759,37187300,0.764,2492100,0.765,107992200,0.766,95064100,0.767,50933700,0.768,30778400,447,99999,0
sh513130,09:39:25,1768354769204,5901.1,0.894,4.8824,0.764,0.7634,0.0786,2793100,2134022,0.764,0.764,33745800,0.763,104847500,0.762,82153000,0.761,75243700,0.760,47196500,0.765,107867200,0.766,94765800,0.767,51750000,0.768,30778400,0.769,28181800,1300,99999,0
sh513130,09:39:28,1768354771193,5901.66,0.894,4.6066,0.764,0.7634,0.0786,1599900,1222382,0.764,0.764,51207500,0.763,107349700,0.762,81745900,0.761,74257700,0.760,47270500,0.765,108598600,0.766,94775900,0.767,51751500,0.768,30775400,0.769,28181800,1137,99999,0
sh513130,09:39:31,1768354775189,5901.66,0.894,4.6575,0.765,0.7634,0.2096,901300,689313,0.7648,0.764,78818000,0.763,107691900,0.762,77728000,0.761,51436500,0.760,47256200,0.765,108257200,0.766,94933900,0.767,51813500,0.768,30785400,0.769,28191800,814,99999,0
sh513130,09:39:35,1768354778178,5901.93,0.894,4.3625,0.764,0.7641,-0.0131,1482700,1132909,0.7641,0.764,77496000,0.763,107713700,0.762,76882200,0.761,51433000,0.760,47256200,0.765,103777900,0.766,95000900,0.767,56817000,0.768,30785400,0.769,28201800,561,99999,0
sh513130,09:39:37,1768354780163,5901.15,0.894,5.7778,0.765,0.7641,0.1178,614400,469873,0.7648,0.764,82627000,0.763,107841200,0.762,76807100,0.761,51122400,0.760,47456200,0.765,108743700,0.766,94973500,0.767,53633300,0.768,30786000,0.769,28271800,557,99999,0
sh513130,09:39:40,1768354784163,5902.45,0.894,3.4945,0.764,0.7641,-0.0131,371600,284254,0.7649,0.764,81577100,0.763,107926100,0.762,76860200,0.761,51106500,0.760,47588300,0.765,108906200,0.766,95200900,0.767,53633300,0.768,32182000,0.769,28822200,558,99999,0
sh513130,09:39:43,1768354787164,5902.43,0.894,2.4248,0.765,0.7641,0.1178,404100,309053,0.7648,0.764,46575200,0.763,107950000,0.762,80795100,0.761,61827500,0.760,47610300,0.765,109467600,0.766,97033400,0.767,53494000,0.768,33056900,0.769,29122200,1555,99999,0
sh513130,09:39:46,1768354789188,5901.92,0.894,1.8989,0.765,0.7641,0.1178,360400,275554,0.7646,0.764,34748100,0.763,107741100,0.762,81295100,0.761,69220000,0.760,47593200,0.765,110463500,0.766,97055500,0.767,53005300,0.768,33616700,0.769,29143000,1623,99999,0
sh513130,09:39:43,1768354790168,5900.75,0.894,2.5137,0.765,0.7641,0.1178,0,0,0.765,0.764,46575200,0.763,107950000,0.762,80795100,0.761,61827500,0.760,47610300,0.765,109467600,0.766,97033400,0.767,53494000,0.768,33056900,0.769,29122200,599,99999,2
sh513130,09:39:46,1768354791174,5900.75,0.894,2.323,0.765,0.7641,0.1178,0,0,0.765,0.764,34748100,0.763,107741100,0.762,81295100,0.761,69220000,0.760,47593200,0.765,110463500,0.766,97055500,0.767,53005300,0.768,33616700,0.769,29143000,1605,99999,0
sh513130,09:39:49,1768354793168,5900.33,0.894,2.8722,0.764,0.7641,-0.0131,1281800,979859,0.7644,0.764,51913500,0.763,106806000,0.762,81444700,0.761,74222000,0.760,47671700,0.765,109047700,0.766,96978200,0.767,53843600,0.768,33539600,0.769,29143000,1534,99999,0
sh513130,09:39:52,1768354796169,5899.82,0.894,3.3619,0.765,0.7635,0.1965,3655500,2793923,0.7643,0.764,19108700,0.763,106815000,0.762,81343600,0.761,74198500,0.760,47666700,0.765,108351600,0.766,96948900,0.767,53821600,0.768,33558300,0.769,29174000,221,99999,0
sh513130,09:39:56,1768354799165,5899.35,0.894,1.5402,0.764,0.7635,0.0655,19729400,15073445,0.764,0.763,106147900,0.762,82186500,0.761,74237900,0.760,47666700,0.759,37121800,0.764,29512500,0.765,109221800,0.766,96006600,0.767,53851600,0.768,32758300,1057,99999,0
sh513130,09:39:58,1768354802182,5901.11,0.894,2.3531,0.765,0.7635,0.1965,7629100,5829649,0.7641,0.764,38990100,0.763,103762200,0.762,82188500,0.761,75207900,0.760,47700700,0.765,108582300,0.766,97265100,0.767,53988400,0.768,32758300,0.769,29174000,580,99999,0
sh513130,09:40:01,1768354805177,5901.5,0.894,5.0908,0.765,0.7635,0.1965,370400,283105,0.7643,0.764,80729400,0.763,104739600,0.762,78455500,0.761,56876400,0.760,47592500,0.765,109922600,0.766,97284500,0.767,54978400,0.768,33558300,0.769,29174000,592,99999,0
sh513130,09:40:04,1768354808175,5904.14,0.894,4.8628,0.765,0.7641,0.1178,1064800,814373,0.7648,0.764,84712500,0.763,105007500,0.762,82668900,0.761,51886400,0.760,47702500,0.765,109993500,0.766,97423800,0.767,53980800,0.768,33608500,0.769,29198000,564,99999,0
sh513130,09:40:07,1768354811168,5904.32,0.894,5.0695,0.765,0.7641,0.1178,2272300,1738309,0.765,0.764,90111000,0.763,104838200,0.762,77778000,0.761,51811400,0.760,49244200,0.765,81995500,0.766,94040400,0.767,75914100,0.768,43195100,0.769,30198000,95,99999,0
sh513130,09:40:10,1768354813173,5904.12,0.894,3.8856,0.764,0.7641,-0.0131,1334700,1021036,0.765,0.764,92636300,0.763,103294800,0.762,76753000,0.761,51885700,0.760,49029100,0.765,117393200,0.766,89237900,0.767,54978400,0.768,33217200,0.769,30204700,1594,99999,0
sh513130,09:40:13,1768354817164,5903.47,0.894,2.9915,0.765,0.7641,0.1178,2625600,2008421,0.7649,0.764,96898300,0.763,103466900,0.762,76825800,0.761,51840700,0.760,49029100,0.765,115334300,0.766,89227900,0.767,55083100,0.768,33227200,0.769,30206700,1547,99999,0
sh513130,09:40:16,1768354820164,5903.85,0.894,4.8837,0.765,0.7641,0.1178,530300,405649,0.7649,0.764,84335700,0.763,103496800,0.762,82083300,0.761,54842900,0.760,49032100,0.765,116118800,0.766,89400200,0.767,54363000,0.768,33257200,0.769,30206700,451,99999,0
sh513130,09:40:19,1768354823165,5902.04,0.894,4.0109,0.765,0.7648,0.0262,1349000,1031972,0.765,0.764,62305600,0.763,103569900,0.762,81958300,0.761,70613200,0.760,48948200,0.765,116142700,0.766,90624400,0.767,54473200,0.768,33218200,0.769,30389800,1293,99999,0
sh513130,09:40:22,1768354826189,5901.77,0.894,2.9326,0.765,0.7641,0.1178,1031800,789202,0.7649,0.764,75205600,0.763,103469100,0.762,81959400,0.761,57959200,0.760,48904600,0.765,115709800,0.766,90647900,0.767,55434100,0.768,33191900,0.769,30620600,606,99999,0
sh513130,09:40:25,1768354829169,5900.74,0.894,1.854,0.765,0.7641,0.1178,810000,619642,0.765,0.764,55362800,0.763,103318400,0.762,82197100,0.761,70849200,0.760,48889600,0.765,115464000,0.766,90910100,0.767,56260500,0.768,33615800,0.769,30620600,785,99999,0
sh513130,09:40:28,1768354831162,5901.02,0.894,0.2186,0.765,0.7641,0.1178,1667300,1275455,0.765,0.764,92775200,0.763,103521200,0.762,82097100,0.761,53279900,0.760,48789600,0.765,114041800,0.766,90900000,0.767,57126900,0.768,34615300,0.769,30933200,625,99999,0
sh513130,09:40:31,1768354835170,5902.87,0.894,3.6804,0.765,0.7641,0.1178,584000,446678,0.7649,0.764,97630700,0.763,103775200,0.762,78097100,0.761,53279900,0.760,48718600,0.765,113726900,0.766,91009000,0.767,56643100,0.768,34787400,0.769,30953200,321,99999,0
sh513130,09:40:34,1768354838172,5902.62,0.894,3.4328,0.765,0.7641,0.1178,394500,301755,0.7649,0.764,86136800,0.763,102805000,0.762,82071100,0.761,63279900,0.760,48745800,0.765,112999500,0.766,91208100,0.767,57649700,0.768,34873900,0.769,30985200,588,99999,0
sh513130,09:40:37,1768354840166,5902.64,0.894,3.5242,0.765,0.7641,0.1178,547000,418385,0.7649,0.764,97013400,0.763,102650600,0.762,82326300,0.761,53374100,0.760,48747800,0.765,113066400,0.766,91359700,0.767,57722600,0.768,35098900,0.769,31485200,432,99999,0
sh513130,09:40:40,1768354845169,5902.04,0.894,4.6156,0.764,0.7641,-0.0131,970600,742165,0.7646,0.764,52231300,0.763,102296400,0.762,82404600,0.761,70740900,0.760,48776800,0.765,114065000,0.766,91329300,0.767,56758600,0.768,35161900,0.769,31505200,1584,99999,0
sh513130,09:40:43,1768354848153,5902.37,0.894,4.9113,0.765,0.7641,0.1178,229300,175344,0.7647,0.764,34858200,0.763,102004900,0.762,82404600,0.761,70822600,0.760,48776800,0.765,114329300,0.766,91358800,0.767,57594900,0.768,35181900,0.769,31506800,380,99999,0
sh513130,09:40:46,1768354849160,5902.37,0.894,4.6887,0.765,0.7641,0.1178,2074600,1586470,0.7647,0.764,97265000,0.763,102165200,0.762,82448400,0.761,52993500,0.760,48858500,0.765,112123300,0.766,91135600,0.767,58585000,0.768,35301900,0.769,31541800,1389,99999,0
sh513130,09:40:49,1768354853154,5901.99,0.894,3.2291,0.765,0.7641,0.1178,414300,316713,0.7645,0.764,80436500,0.763,102021900,0.762,82534600,0.761,63093500,0.760,48773500,0.765,112699000,0.766,91135600,0.767,57600000,0.768,35301900,0.769,31561400,1068,99999,0
sh513130,09:40:52,1768354855149,5902.78,0.894,6.4215,0.765,0.7641,0.1178,542400,414706,0.7646,0.764,93591300,0.763,102261600,0.762,82624600,0.761,62583300,0.760,48828900,0.765,112329700,0.766,91250600,0.767,58590000,0.768,35302000,0.769,31591400,904,99999,0
sh513130,09:40:55,1768354858159,5901.68,0.894,4.8998,0.764,0.7641,-0.0131,1109000,848108,0.7648,0.764,94383000,0.763,102239400,0.762,82604000,0.761,62575800,0.760,48907300,0.765,112377200,0.766,91280600,0.767,59360300,0.768,35299400,0.769,31701700,548,99999,0
sh513130,09:40:58,1768354861175,5902.49,0.894,2.2197,0.765,0.7641,0.1178,1501000,1148154,0.7649,0.764,75799600,0.763,102255900,0.762,82595000,0.761,69955800,0.760,48955300,0.765,112211700,0.766,92110900,0.767,59190600,0.768,35449400,0.769,31706700,467,99999,0
sh513130,09:41:01,1768354865166,5902.72,0.894,2.9535,0.765,0.7641,0.1178,551900,422019,0.7647,0.764,89893600,0.763,103785300,0.762,82615000,0.761,52577800,0.760,48965300,0.765,112808900,0.766,92498700,0.767,59190600,0.768,36048800,0.769,31952600,141,99999,0
sh513130,09:41:04,1768354868170,5902.92,0.894,1.9639,0.765,0.7641,0.1178,1366100,1044843,0.7648,0.764,102639800,0.763,104323100,0.762,78615000,0.761,52571100,0.760,48986300,0.765,111231100,0.766,93618800,0.767,60205100,0.768,36168400,0.769,32714200,614,99999,0
sh513130,09:41:07,1768354870165,5901.74,0.894,2.521,0.765,0.7641,0.1178,532500,407129,0.7646,0.764,45861500,0.763,105374300,0.762,82600000,0.761,74953100,0.760,49018300,0.765,112036100,0.766,93688500,0.767,60754800,0.768,36278500,0.769,32800800,543,99999,0
sh513130,09:41:10,1768354875170,5900.19,0.894,1.9763,0.764,0.7641,-0.0131,27157800,20748657,0.764,0.763,107484500,0.762,83632000,0.761,74963100,0.760,48983300,0.759,36692800,0.764,30794500,0.765,113294200,0.766,92917500,0.767,60585100,0.768,36285000,1497,99999,0
sh513130,09:41:13,1768354877169,5898.69,0.894,2.8844,0.764,0.7641,-0.0131,1679500,1283138,0.764,0.763,106499500,0.762,84492500,0.761,75953100,0.760,49121300,0.759,36692800,0.764,30240800,0.765,115497800,0.766,92927500,0.767,60699800,0.768,36285000,1312,99999,0
sh513130,09:41:16,1768354880179,5900.3,0.894,2.4416,0.765,0.7641,0.1178,6726500,5139062,0.764,0.764,4615300,0.763,105050900,0.762,85198300,0.761,75953100,0.760,49315300,0.765,116418600,0.766,92942100,0.767,60699800,0.768,36285000,0.769,32947100,13,99999,0
sh513130,09:41:19,1768354884172,5899.62,0.894,2.172,0.764,0.7641,-0.0131,594200,454034,0.7641,0.764,25457900,0.763,106184000,0.762,85120000,0.761,74963100,0.760,49321800,0.765,115884600,0.766,93834300,0.767,60705800,0.768,36417000,0.769,33010900,555,99999,0
sh513130,09:41:22,1768354886174,5899.67,0.894,1.595,0.764,0.7641,-0.0131,7669600,5859717,0.764,0.763,106251100,0.762,87029400,0.761,74963100,0.760,49324800,0.759,36692800,0.764,5450200,0.765,115474300,0.766,93937900,0.767,60775500,0.768,36427000,510,99999,0
sh513130,09:41:25,1768354889186,5898.45,0.894,2.9034,0.764,0.7641,-0.0131,2012200,1537341,0.764,0.763,105444300,0.762,87839100,0.761,77944400,0.760,49026800,0.759,36692800,0.764,1775600,0.765,115585800,0.766,93082400,0.767,60785500,0.768,36433300,397,99999,0
sh513130,09:41:28,1768354891164,5898.89,0.894,3.2249,0.764,0.7641,-0.0131,3296000,2518206,0.764,0.764,46936600,0.763,107550000,0.762,88668900,0.761,75964400,0.760,49026800,0.765,115594800,0.766,94127300,0.767,61603900,0.768,36433300,0.769,33532500,207,99999,0
sh513130,09:41:31,1768354895171,5900.07,0.894,3.2079,0.765,0.7641,0.1178,323500,247214,0.7642,0.764,62860900,0.763,105820200,0.762,83658700,0.761,68744600,0.760,48990800,0.765,115895500,0.766,93656200,0.767,61604000,0.768,36439400,0.769,33572500,1601,99999,0
sh513130,09:41:34,1768354897162,5900.41,0.894,2.3188,0.764,0.7642,-0.0262,1316600,1006271,0.7643,0.764,78458400,0.763,105916200,0.762,83826000,0.761,53754700,0.760,48965500,0.765,117159200,0.766,93729600,0.767,62204000,0.768,36440400,0.769,33579400,1556,99999,0
sh513130,09:41:37,1768354901169,5900.21,0.894,2.8153,0.764,0.7641,-0.0131,280500,214535,0.7648,0.764,69378900,0.763,105991300,0.762,83826600,0.761,63846700,0.760,48974400,0.765,117396800,0.766,93737500,0.767,63194100,0.768,37040200,0.769,33559700,1530,99999,0
sh513130,09:41:40,1768354904151,5900.05,0.894,2.9806,0.764,0.7641,-0.0131,823300,629328,0.7644,0.764,5739300,0.763,105874400,0.762,83829700,0.761,70674000,0.760,48880200,0.765,117453500,0.766,93757500,0.767,63313100,0.768,37084400,0.769,33597900,266,99999,0
sh513130,09:41:43,1768354907146,5899.27,0.894,1.7994,0.765,0.7641,0.1178,1433000,1095114,0.7642,0.764,59813500,0.763,106905000,0.762,84657700,0.761,75603100,0.760,48572900,0.765,119089900,0.766,93768500,0.767,63139500,0.768,37293900,0.769,33676800,1094,99999,0
sh513130,09:41:46,1768354910116,5899.93,0.894,3.6911,0.765,0.7641,0.1178,287100,219453,0.7644,0.764,47765700,0.763,107464900,0.762,84717700,0.761,75555300,0.760,48573000,0.765,119819900,0.766,93944800,0.767,63382500,0.768,37373300,0.769,33670400,527,99999,0
sh513130,09:41:49,1768354912116,5900.0,0.894,3.2073,0.765,0.7641,0.1178,1632600,1248061,0.7645,0.764,22067300,0.763,108468400,0.762,85494500,0.761,75565300,0.760,48574700,0.765,119581800,0.766,94121300,0.767,63408500,0.768,38224300,0.769,33950700,525,99999,0
sh513130,09:41:52,1768354915106,5898.85,0.894,3.0063,0.764,0.7641,-0.0131,4208100,3215522,0.7641,0.763,108944200,0.762,87482000,0.761,75565300,0.760,48601500,0.759,36542600,0.764,5013300,0.765,119439800,0.766,94004700,0.767,64210500,0.768,37404000,423,99999,0
sh513130,09:41:55,1768354919113,5898.15,0.894,2.0591,0.764,0.7641,-0.0131,2392000,1827464,0.764,0.763,108043000,0.762,88316900,0.761,76561800,0.760,48767600,0.759,36542600,0.764,11195100,0.765,119868000,0.766,94651200,0.767,64210500,0.768,37306000,111,99999,0
sh513130,09:41:58,1768354921112,5899.38,0.894,3.1494,0.764,0.7635,0.0655,3206300,2449727,0.764,0.764,1897600,0.763,108618800,0.762,88158600,0.761,76509800,0.760,48767600,0.765,120227500,0.766,95536000,0.767,64210500,0.768,37308000,0.769,33954700,1557,99999,0
sh513130,09:42:01,1768354925106,5897.52,0.894,4.365,0.763,0.7635,-0.0655,3544200,2707783,0.764,0.763,109913500,0.762,88980300,0.761,76534800,0.760,48867600,0.759,36543600,0.764,73426000,0.765,105346700,0.766,84186300,0.767,51230500,0.768,36313000,1551,99999,0
sh513130,09:42:04,1768354928101,5897.06,0.894,3.1121,0.764,0.7635,0.0655,1183000,903599,0.7638,0.763,108244200,0.762,90202900,0.761,78677500,0.760,48858000,0.759,36543600,0.764,82012500,0.765,105361800,0.766,83272800,0.767,46230500,0.768,36313000,431,99999,0
sh513130,09:42:07,1768354931111,5898.25,0.894,4.3803,0.763,0.7635,-0.0655,428100,327043,0.7639,0.763,109510800,0.762,91024600,0.761,77695500,0.760,48904000,0.759,36543600,0.764,70785400,0.765,106030500,0.766,83142300,0.767,56230500,0.768,36343000,1282,99999,0
sh513130,09:42:10,1768354933108,5898.21,0.894,3.6954,0.764,0.7635,0.0655,2405900,1836791,0.7635,0.763,109567700,0.762,91116500,0.761,77695500,0.760,48909000,0.759,36543600,0.764,2825900,0.765,116983100,0.766,104124300,0.767,59230500,0.768,36768000,1124,99999,0
sh513130,09:42:07,1768354934111,5899.13,0.894,5.056,0.763,0.7635,-0.0655,0,0,0.763,0.763,109510800,0.762,91024600,0.761,77695500,0.760,48904000,0.759,36543600,0.764,70785400,0.765,106030500,0.766,83142300,0.767,56230500,0.768,36343000,535,99999,2
sh513130,09:42:10,1768354935111,5899.13,0.894,4.8684,0.764,0.7635,0.0655,0,0,0.764,0.763,109567700,0.762,91116500,0.761,77695500,0.760,48909000,0.759,36543600,0.764,2825900,0.765,116983100,0.766,104124300,0.767,59230500,0.768,36768000,967,99999,0
sh513130,09:42:13,1768354936113,5899.4,0.894,5.8174,0.764,0.7635,0.0655,2629700,2009111,0.764,0.764,14845500,0.763,110619700,0.762,90136500,0.761,77495700,0.760,48911500,0.765,116690400,0.766,104514100,0.767,64230500,0.768,36776000,0.769,33618900,549,99999,0
sh513130,09:42:16,1768354941094,5899.38,0.894,4.8704,0.764,0.7635,0.0655,1060100,809916,0.764,0.764,57754600,0.763,109662800,0.762,90177000,0.761,76482600,0.760,49041600,0.765,116520000,0.766,104515100,0.767,64230500,0.768,36776600,0.769,33648900,486,99999,0
sh513130,09:42:19,1768354943095,5900.18,0.894,4.5929,0.764,0.7635,0.0655,328300,250827,0.764,0.764,19489200,0.763,109398200,0.762,90217000,0.761,77985400,0.760,49571600,0.765,116635100,0.766,104536600,0.767,64230500,0.768,37941700,0.769,33595100,330,99999,0
sh513130,09:42:22,1768354945084,5900.29,0.894,3.7317,0.764,0.7635,0.0655,322300,246237,0.764,0.764,23852300,0.763,109792800,0.762,90323400,0.761,78818200,0.760,49551600,0.765,117201100,0.766,104548500,0.767,64241600,0.768,38788000,0.769,34744900,146,99999,0
sh513130,09:42:25,1768354949085,5900.37,0.894,4.002,0.765,0.7635,0.1965,161700,123594,0.7643,0.764,28144200,0.763,110173400,0.762,90462400,0.761,77794900,0.760,49551600,0.765,116691200,0.766,104575500,0.767,65231600,0.768,39639300,0.769,34745000,1440,99999,0
sh513130,09:42:28,1768354951064,5900.93,0.894,4.8674,0.765,0.7635,0.1965,192300,146936,0.7641,0.764,4902600,0.763,110503800,0.762,90456000,0.761,79804900,0.760,49526600,0.765,119811600,0.766,104581100,0.767,64341600,0.768,39654300,0.769,34995000,1506,99999,0
sh513130,09:42:31,1768354954034,5901.13,0.894,4.7774,0.764,0.7635,0.0655,1563700,1194679,0.764,0.763,111050800,0.762,91489000,0.761,79804900,0.760,49516600,0.759,36743600,0.764,2800,0.765,120885800,0.766,104567100,0.767,64367300,0.768,40469600,450,99999,0
sh513130,09:42:34,1768354958019,5899.4,0.894,4.7715,0.764,0.7635,0.0655,1206200,921542,0.764,0.763,111076000,0.762,92489000,0.761,79279400,0.760,49938600,0.759,36743600,0.764,4338000,0.765,121507400,0.766,105088100,0.767,64372300,0.768,37224500,120,99999,0
sh513130,09:42:37,1768354960003,5900.5,0.894,4.83,0.764,0.7635,0.0655,1747600,1335167,0.764,0.764,22323700,0.763,114831000,0.762,92549300,0.761,79318800,0.760,49966700,0.765,122711300,0.766,105069100,0.767,64475100,0.768,37204900,0.769,35008000,413,99999,0
sh513130,09:42:40,1768354963975,5901.12,0.894,3.5391,0.765,0.7635,0.1965,1424200,1088133,0.764,0.764,31026500,0.763,115063100,0.762,85836400,0.761,76084200,0.760,49966700,0.765,121778900,0.766,105083000,0.767,65465100,0.768,38046900,0.769,35008000,401,99999,0
sh513130,09:42:43,1768354966975,5900.66,0.894,4.8654,0.764,0.7635,0.0655,1119900,855701,0.7641,0.764,45456000,0.763,115368300,0.762,85578100,0.761,74084200,0.760,50066600,0.765,122404200,0.766,105168100,0.767,65491100,0.768,39794500,0.769,35015200,448,99999,0
sh513130,09:42:46,1768354969956,5902.98,0.894,3.0377,0.764,0.7635,0.0655,129200,98803,0.7647,0.764,85820200,0.763,113514700,0.762,83766400,0.761,58199300,0.760,50081600,0.765,115645900,0.766,110820000,0.767,66531100,0.768,40636000,0.769,35022200,354,99999,0
sh513130,09:42:49,1768354972938,5903.21,0.894,4.4848,0.764,0.7635,0.0655,68000,51957,0.7641,0.764,96348800,0.763,113493600,0.762,79779000,0.761,53199300,0.760,51091600,0.765,116083600,0.766,110820100,0.767,67116400,0.768,41451300,0.769,35022200,1307,99999,0
sh513130,09:42:52,1768354974928,5903.21,0.894,3.0344,0.765,0.7641,0.1178,236600,180851,0.7644,0.764,93321200,0.763,113535400,0.762,83780000,0.761,53193300,0.760,51281600,0.765,116543300,0.766,110781100,0.767,67166400,0.768,41451300,0.769,35388600,1314,99999,0
sh513130,09:42:55,1768354978930,5904.55,0.894,1.3189,0.764,0.7641,-0.0131,190700,145713,0.7641,0.764,96151200,0.763,113547900,0.762,83789000,0.761,53193300,0.760,53396400,0.765,117508200,0.766,110808300,0.767,67171900,0.768,41460100,0.769,35388600,1367,99999,0
sh513130,09:42:58,1768354980922,5904.43,0.894,2.3954,0.765,0.7641,0.1178,478300,365835,0.7649,0.764,101201500,0.763,113565700,0.762,83685200,0.761,53193300,0.760,53608600,0.765,117123500,0.766,110867400,0.767,67199900,0.768,40577700,0.769,35538600,1294,99999,0
sh513130,09:43:01,1768354983912,5904.53,0.894,2.302,0.765,0.7641,0.1178,103400,79085,0.7648,0.764,99363300,0.763,113634300,0.762,84098200,0.761,53220300,0.760,53645100,0.765,118267200,0.766,110867400,0.767,67179200,0.768,40477700,0.769,35538600,121,99999,0
sh513130,09:43:04,1768354986900,5903.12,0.894,3.5334,0.764,0.7642,-0.0262,231200,176864,0.765,0.764,105264400,0.763,112966300,0.762,84105200,0.761,53201700,0.760,53652100,0.765,116983600,0.766,111097400,0.767,67408300,0.768,40504000,0.769,35416600,949,99999,0
sh513130,09:43:01,1768354987891,5902.25,0.894,3.5151,0.765,0.7641,0.1178,0,0,0.765,0.764,99363300,0.763,113634300,0.762,84098200,0.761,53220300,0.760,53645100,0.765,118267200,0.766,110867400,0.767,67179200,0.768,40477700,0.769,35538600,276,99999,2
sh513130,09:43:04,1768354988902,5902.25,0.894,2.9409,0.764,0.7642,-0.0262,0,0,0.764,0.764,105264400,0.763,112966300,0.762,84105200,0.761,53201700,0.760,53652100,0.765,116983600,0.766,111097400,0.767,67408300,0.768,40504000,0.769,35416600,785,99999,0
sh513130,09:43:07,1768354991877,5902.82,0.894,1.6773,0.765,0.7642,0.1047,1050300,803385,0.7649,0.764,55237700,0.763,112966300,0.762,88105200,0.761,70584100,0.760,53622400,0.765,121891900,0.766,105449100,0.767,67424000,0.768,40552000,0.769,35408000,248,99999,0
sh513130,09:43:10,1768354993878,5902.51,0.894,1.7458,0.764,0.7642,-0.0262,750800,573855,0.7643,0.764,107091200,0.763,112706100,0.762,84502900,0.761,53205100,0.760,53627500,0.765,116529000,0.766,111052100,0.767,67424000,0.768,40658600,0.769,35408900,265,99999,0
sh513130,09:43:13,1768354996867,5902.56,0.894,1.281,0.765,0.7642,0.1047,171300,131020,0.7649,0.764,103049900,0.763,112025700,0.762,89492900,0.761,54503200,0.760,53634100,0.765,123071800,0.766,105852100,0.767,66434000,0.768,41335300,0.769,35408900,104,99999,0
sh513130,09:43:16,1768354999858,5902.42,0.894,3.2939,0.765,0.7642,0.1047,424700,324777,0.7647,0.764,100461600,0.763,112038300,0.762,85555900,0.761,54605400,0.760,53659900,0.765,117327000,0.766,111459100,0.767,66434000,0.768,41228300,0.769,35409700,252,99999,0
sh513130,09:43:19,1768355002850,5903.37,0.894,5.7373,0.765,0.7642,0.1047,243100,185968,0.765,0.764,102347800,0.763,112100300,0.762,83578400,0.761,54603400,0.760,53723100,0.765,106170100,0.766,106547300,0.767,72394000,0.768,51220100,0.769,35411200,1239,99999,0
sh513130,09:43:22,1768355005836,5904.24,0.894,2.2929,0.765,0.7641,0.1178,1222100,934834,0.7649,0.764,101850000,0.763,112294300,0.762,84683300,0.761,54618500,0.760,53761300,0.765,106016500,0.766,106547600,0.767,71404000,0.768,51280000,0.769,35433300,236,99999,0
sh513130,09:43:25,1768355009816,5904.83,0.894,1.8769,0.765,0.7641,0.1178,1194700,913826,0.7649,0.764,103891900,0.763,112794300,0.762,83639500,0.761,54618500,0.760,53725700,0.765,104330000,0.766,106548400,0.767,72394000,0.768,52205300,0.769,35453300,103,99999,0
sh513130,09:43:28,1768355011810,5905.42,0.894,1.3491,0.765,0.7642,0.1047,433400,331524,0.7649,0.764,103979100,0.763,113074300,0.762,83639500,0.761,54618500,0.760,53750800,0.765,84155700,0.766,111890300,0.767,84713900,0.768,56020600,0.769,35457700,235,99999,0
sh513130,09:43:31,1768355014786,5906.05,0.894,2.2669,0.764,0.7642,-0.0262,193400,147880,0.7646,0.764,104018000,0.763,113080900,0.762,83640500,0.761,54618500,0.760,53750800,0.765,109049600,0.766,102075900,0.767,72394000,0.768,53875900,0.769,35357400,756,99999,0
sh513130,09:43:34,1768355018777,5904.92,0.894,1.5024,0.765,0.7642,0.1047,847600,648390,0.765,0.764,104250300,0.763,113235800,0.762,83638100,0.761,54618500,0.760,53860200,0.765,122393900,0.766,101935300,0.767,68396500,0.768,44785600,0.769,35447400,437,99999,0
sh513130,09:43:37,1768355020776,5904.37,0.894,2.6902,0.765,0.7648,0.0262,161300,123365,0.7648,0.764,89690100,0.763,113237100,0.762,88658100,0.761,64618500,0.760,53860200,0.765,123280900,0.766,101975100,0.767,67406500,0.768,45604100,0.769,35547400,269,99999,0
sh513130,09:43:40,1768355022774,5903.22,0.894,2.629,0.765,0.7648,0.0262,419800,321136,0.765,0.764,46445000,0.763,113280000,0.762,89648100,0.761,71932600,0.760,53886600,0.765,129660500,0.766,94412100,0.767,66426900,0.768,46443600,0.769,35548400,110,99999,0
sh513130,09:43:37,1768355023771,5904.05,0.894,1.9467,0.765,0.7648,0.0262,0,0,0.765,0.764,89690100,0.763,113237100,0.762,88658100,0.761,64618500,0.760,53860200,0.765,123280900,0.766,101975100,0.767,67406500,0.768,45604100,0.769,35547400,126,99999,2
sh513130,09:43:40,1768355024777,5904.05,0.894,2.3248,0.765,0.7648,0.0262,0,0,0.765,0.764,46445000,0.763,113280000,0.762,89648100,0.761,71932600,0.760,53886600,0.765,129660500,0.766,94412100,0.767,66426900,0.768,46443600,0.769,35548400,1131,99999,0
sh513130,09:43:43,1768355026769,5903.45,0.894,2.3116,0.765,0.7641,0.1178,249200,190574,0.7647,0.764,28839400,0.763,113280000,0.762,89542000,0.761,71972600,0.760,53909600,0.765,129561600,0.766,94037100,0.767,66426900,0.768,47368600,0.769,35591500,1180,99999,0
sh513130,09:43:46,1768355030765,5903.22,0.894,0.6524,0.765,0.7641,0.1178,988400,756084,0.765,0.764,29985400,0.763,112280000,0.762,89642000,0.761,71972600,0.760,53909600,0.765,128847300,0.766,94030500,0.767,66431400,0.768,48183900,0.769,35612500,1129,99999,0
sh513130,09:43:49,1768355033779,5904.18,0.894,2.3143,0.765,0.7641,0.1178,856100,654143,0.7641,0.764,90528700,0.763,111804000,0.762,89642000,0.761,64592600,0.760,53915600,0.765,128797700,0.766,94030700,0.767,66431400,0.768,48500300,0.769,35628700,147,99999,0
sh513130,09:43:52,1768355036776,5903.9,0.894,2.5414,0.765,0.7642,0.1047,320600,245233,0.7649,0.764,87515200,0.763,111904000,0.762,88652000,0.761,64607600,0.760,53978800,0.765,122328900,0.766,99620400,0.767,67421400,0.768,48504300,0.769,35661100,1121,99999,0
sh513130,09:43:55,1768355038766,5903.7,0.894,1.8773,0.764,0.7642,-0.0262,197500,150956,0.7643,0.764,74584100,0.763,111904200,0.762,89642000,0.761,64625700,0.760,53829200,0.765,123680800,0.766,99621500,0.767,67433400,0.768,50523300,0.769,35448500,946,99999,0
sh513130,09:43:58,1768355041753,5904.37,0.894,4.5668,0.764,0.7642,-0.0262,94200,72041,0.7648,0.764,101746400,0.763,111953400,0.762,84652000,0.761,54630700,0.760,53909200,0.765,122556800,0.766,99687300,0.767,68733500,0.768,50565000,0.769,38447000,71,99999,0
sh513130,09:44:01,1768355044752,5903.98,0.894,6.1626,0.764,0.7642,-0.0262,71300,54524,0.7647,0.764,101895200,0.763,112102900,0.762,84555000,0.761,54586800,0.760,53858100,0.765,122600100,0.766,99961200,0.767,68743500,0.768,50157600,0.769,38447000,470,99999,0
sh513130,09:44:04,1768355049751,5905.51,0.894,5.7241,0.765,0.7642,0.1047,1341400,1026170,0.765,0.764,103495300,0.763,112104900,0.762,83565000,0.761,54586800,0.760,53858100,0.765,61761900,0.766,105004000,0.767,108672000,0.768,63214600,0.769,38452300,128,99999,0
sh513130,09:44:07,1768355050742,5905.51,0.894,6.8158,0.765,0.7641,0.1178,544700,416374,0.7644,0.764,103590000,0.763,112104900,0.762,83578100,0.761,54586800,0.760,53822800,0.765,106357500,0.766,100082100,0.767,91725800,0.768,60214600,0.769,38452300,1117,99999,0
sh513130,09:44:10,1768355054752,5905.35,0.894,3.7809,0.765,0.7641,0.1178,620300,474369,0.7647,0.764,103297200,0.763,112064900,0.762,83794100,0.761,54591800,0.760,53822800,0.765,125909100,0.766,100192100,0.767,87725800,0.768,50216600,0.769,38452300,1157,99999,0
sh513130,09:44:13,1768355056738,5905.77,0.894,3.5184,0.764,0.7641,-0.0131,750100,573303,0.7643,0.764,103138100,0.763,111975700,0.762,83794100,0.761,54431800,0.760,53900300,0.765,93821600,0.766,105007700,0.767,96667300,0.768,68216600,0.769,38795900,1145,99999,0
sh513130,09:44:16,1768355059721,5905.09,0.894,3.9682,0.765,0.7641,0.1178,135300,103494,0.7649,0.764,103176000,0.763,112046700,0.762,83784100,0.761,54433800,0.760,53910300,0.765,117086400,0.766,100210100,0.767,87738100,0.768,55326600,0.769,38795900,143,99999,0
sh513130,09:44:19,1768355062711,5903.89,0.894,2.9508,0.764,0.7641,-0.0131,1505200,1151158,0.7648,0.764,98891000,0.763,111953200,0.762,87857600,0.761,53801400,0.760,53960300,0.765,125046900,0.766,100238200,0.767,87788100,0.768,50536800,0.769,38932500,1110,99999,0
sh513130,09:44:22,1768355066705,5902.56,0.894,4.1307,0.764,0.7641,-0.0131,1692300,1292942,0.764,0.764,13810600,0.763,111958500,0.762,89837600,0.761,71166900,0.760,53955300,0.765,132854000,0.766,94677700,0.767,85808100,0.768,50909800,0.769,38932500,845,99999,0
sh513130,09:44:25,1768355067701,5902.54,0.894,3.7452,0.764,0.7641,-0.0131,605800,463155,0.7645,0.764,58505700,0.763,111935300,0.762,90499300,0.761,69229200,0.760,53944300,0.765,132613200,0.766,94721900,0.767,85811300,0.768,50913700,0.769,38932500,137,99999,0
sh513130,09:44:28,1768355071686,5903.83,0.894,5.9045,0.764,0.7642,-0.0262,1797700,1373444,0.764,0.764,78880900,0.763,111935300,0.762,89670600,0.761,63864200,0.760,53949300,0.765,127075700,0.766,100352300,0.767,85811300,0.768,50914100,0.769,38689900,94,99999,0
sh513130,09:44:31,1768355074663,5902.86,0.894,6.2947,0.764,0.7642,-0.0262,182700,139677,0.7645,0.764,90869200,0.763,111982300,0.762,89670600,0.761,53864200,0.760,53930300,0.765,127597500,0.766,100270600,0.767,85812600,0.768,50916600,0.769,38634900,165,99999,0
sh513130,09:44:34,1768355077653,5902.86,0.894,6.4244,0.764,0.7641,-0.0131,150800,115261,0.7643,0.764,95842900,0.763,112034400,0.762,85677300,0.761,53864200,0.760,53930300,0.765,127805600,0.766,100115200,0.767,86039200,0.768,51926400,0.769,38635000,110,99999,0
sh513130,09:44:37,1768355081661,5901.97,0.894,5.07,0.764,0.7641,-0.0131,1354000,1034797,0.7643,0.764,95838300,0.763,111983900,0.762,85664100,0.761,53874200,0.760,53930300,0.765,128140800,0.766,100130200,0.767,86039200,0.768,51970000,0.769,38635000,80,99999,0
sh513130,09:44:40,1768355084663,5903.45,0.894,4.6762,0.765,0.7641,0.1178,180200,137781,0.7646,0.764,92948000,0.763,112072900,0.762,89650800,0.761,53874200,0.760,54072800,0.765,128355400,0.766,100180100,0.767,86039200,0.768,51887000,0.769,38654900,1091,99999,0
sh513130,09:44:43,1768355086664,5901.89,0.894,5.9588,0.764,0.7641,-0.0131,707900,541023,0.7643,0.764,45727700,0.763,112072900,0.762,89648500,0.761,71584400,0.760,53573100,0.765,135383000,0.766,94869100,0.767,85088500,0.768,51907000,0.769,38668800,1105,99999,0
sh513130,09:44:46,1768355089653,5900.91,0.894,6.6339,0.765,0.7641,0.1178,151500,115848,0.7647,0.764,45491300,0.763,112129000,0.762,89648500,0.761,71584400,0.760,53585100,0.765,135716200,0.766,94869100,0.767,85112500,0.768,51907000,0.769,38668800,53,99999,0
sh513130,09:44:49,1768355092645,5902.01,0.894,4.6165,0.764,0.7641,-0.0131,9861100,7533948,0.764,0.764,2896000,0.763,112152700,0.762,89632400,0.761,71584400,0.760,53590100,0.765,135824400,0.766,94839100,0.767,85132500,0.768,51983800,0.769,38748200,913,99999,0
sh513130,09:44:46,1768355093649,5901.25,0.894,4.9885,0.765,0.7641,0.1178,0,0,0.765,0.764,45491300,0.763,112129000,0.762,89648500,0.761,71584400,0.760,53585100,0.765,135716200,0.766,94869100,0.767,85112500,0.768,51907000,0.769,38668800,23,99999,2
sh513130,09:44:49,1768355094649,5901.25,0.894,4.9058,0.764,0.7641,-0.0131,0,0,0.764,0.764,2896000,0.763,112152700,0.762,89632400,0.761,71584400,0.760,53590100,0.765,135824400,0.766,94839100,0.767,85132500,0.768,51983800,0.769,38748200,755,99999,0
sh513130,09:44:52,1768355095645,5901.07,0.894,4.435,0.765,0.7635,0.1965,7755100,5925081,0.764,0.764,9772700,0.763,112169000,0.762,91580600,0.761,71584400,0.760,53590100,0.765,132342600,0.766,93881500,0.767,86122500,0.768,42133800,0.769,38814200,73,99999,0
sh513130,09:44:55,1768355098648,5899.05,0.894,3.1404,0.764,0.7635,0.0655,823000,628760,0.764,0.763,112147900,0.762,92861000,0.761,76572600,0.760,53596100,0.759,38780900,0.764,56988300,0.765,118467900,0.766,87004600,0.767,64188100,0.768,42119800,439,99999,0
sh513130,09:44:58,1768355101646,5899.48,0.894,4.1653,0.763,0.7641,-0.144,298200,227814,0.764,0.763,112137000,0.762,93495000,0.761,76572600,0.760,53642500,0.759,38780900,0.764,6619500,0.765,121835400,0.766,103945300,0.767,67188100,0.768,42120300,59,99999,0
sh513130,09:45:01,1768355105625,5901.64,0.894,4.2346,0.765,0.7641,0.1178,11347900,8669809,0.764,0.764,4172800,0.763,112190600,0.762,93316700,0.761,76747600,0.760,53662500,0.765,120998500,0.766,104045300,0.767,67189100,0.768,42095900,0.769,38839400,32,99999,0
sh513130,09:45:04,1768355107624,5902.56,0.894,4.1981,0.764,0.7635,0.0655,1278000,976429,0.764,0.764,29537000,0.763,112671700,0.762,90850400,0.761,64377600,0.760,53662500,0.765,120408700,0.766,104685400,0.767,66883100,0.768,42095900,0.769,38739400,93,99999,0
sh513130,09:45:07,1768355110616,5901.43,0.894,3.9626,0.764,0.7641,-0.0131,485900,371228,0.764,0.764,60222400,0.763,112814200,0.762,90036800,0.761,54296400,0.760,53662500,0.765,113949700,0.766,110401600,0.767,67873100,0.768,42095900,0.769,38752500,1040,99999,0
sh513130,09:45:10,1768355113611,5901.32,0.894,4.2299,0.764,0.7641,-0.0131,4954100,3784968,0.764,0.763,112840600,0.762,91065300,0.761,71776400,0.760,53662500,0.759,38780900,0.764,8554900,0.765,119889100,0.766,103384100,0.767,67883700,0.768,42911200,65,99999,0
sh513130,09:45:13,1768355117603,5901.17,0.894,3.9719,0.764,0.7641,-0.0131,2679500,2047116,0.764,0.764,4735700,0.763,113033700,0.762,91980000,0.761,71654900,0.760,53666500,0.765,121105700,0.766,105495100,0.767,66745700,0.768,42624400,0.769,39171000,73,99999,0
sh513130,09:45:16,1768355119602,5900.65,0.894,2.0642,0.765,0.7641,0.1178,461600,352680,0.764,0.764,1121300,0.763,113130800,0.762,92801700,0.761,76654900,0.760,53738200,0.765,121018000,0.766,105465300,0.767,67581300,0.768,42444400,0.769,39171000,62,99999,0
sh513130,09:45:19,1768355122610,5901.67,0.894,3.0601,0.764,0.7641,-0.0131,505400,386418,0.7646,0.764,43153100,0.763,114838000,0.762,93764900,0.761,74660300,0.760,53738200,0.765,121753700,0.766,105422700,0.767,67644100,0.768,42444400,0.769,39171000,651,99999,0
sh513130,09:45:22,1768355126611,5900.51,0.894,3.1667,0.765,0.7641,0.1178,178900,136826,0.7648,0.764,29973200,0.763,114949700,0.762,93586600,0.761,76806100,0.760,53807400,0.765,123408700,0.766,105385200,0.767,66731300,0.768,42445200,0.769,39187200,348,99999,0
sh513130,09:45:25,1768355128598,5901.03,0.894,3.8215,0.764,0.7641,-0.0131,977000,747234,0.7648,0.764,32946500,0.763,115365300,0.762,94408300,0.761,74806100,0.760,53823400,0.765,123081300,0.766,105667200,0.767,66731300,0.768,42515200,0.769,39237200,184,99999,0
sh513130,09:45:28,1768355131599,5900.95,0.894,2.9821,0.765,0.7641,0.1178,842700,643930,0.7641,0.764,58679200,0.763,115340300,0.762,90299800,0.761,75013700,0.760,53749900,0.765,122510900,0.766,105717200,0.767,67721300,0.768,42575200,0.769,39237200,57,99999,0
sh513130,09:45:31,1768355134611,5900.93,0.894,4.9304,0.765,0.7641,0.1178,270500,206693,0.7641,0.764,81695300,0.763,115364400,0.762,90298800,0.761,54633700,0.760,53749900,0.765,117344500,0.766,111329700,0.767,67726400,0.768,42585200,0.769,39237200,985,99999,0
sh513130,09:45:34,1768355137612,5900.46,0.894,5.3751,0.765,0.7641,0.1178,749600,572926,0.7643,0.764,41778000,0.763,115494100,0.762,90298800,0.761,71993700,0.760,53759900,0.765,124244300,0.766,105769300,0.767,66586400,0.768,42546200,0.769,39257200,47,99999,0
sh513130,09:45:37,1768355140630,5900.59,0.894,5.1668,0.765,0.7635,0.1965,176000,134570,0.7646,0.764,88427900,0.763,115521300,0.762,86303700,0.761,54561700,0.760,53706900,0.765,119693300,0.766,111418300,0.767,66584400,0.768,42456200,0.769,39265200,1007,99999,0
sh513130,09:45:40,1768355143646,5901.55,0.894,4.0849,0.765,0.7635,0.1965,130000,99431,0.7649,0.764,89618100,0.763,115515500,0.762,86305700,0.761,54561700,0.760,53726600,0.765,119999600,0.766,111430800,0.767,67574900,0.768,42456200,0.769,39265400,65,99999,0
sh513130,09:45:43,1768355145656,5901.94,0.894,3.5325,0.765,0.7642,0.1047,531300,406299,0.7647,0.764,90842900,0.763,115555100,0.762,86305700,0.761,54575200,0.760,53690500,0.765,120360600,0.766,111440800,0.767,67604900,0.768,42470300,0.769,39355400,103,99999,0
sh513130,09:45:46,1768355150648,5901.34,0.894,3.2094,0.765,0.7642,0.1047,283300,216692,0.7649,0.764,92718600,0.763,116575100,0.762,86319600,0.761,54565200,0.760,53546500,0.765,120294200,0.766,111544800,0.767,67644900,0.768,42470300,0.769,39355400,597,99999,0
sh513130,09:45:49,1768355153657,5902.26,0.894,3.1137,0.765,0.7642,0.1047,1339000,1024180,0.7649,0.764,66551100,0.763,116575100,0.762,90319600,0.761,65236600,0.760,53546500,0.765,126301800,0.766,105994500,0.767,67694900,0.768,42470300,0.769,39355400,96,99999,0
sh513130,09:45:52,1768355155654,5901.81,0.894,4.4429,0.764,0.7642,-0.0262,273100,208885,0.7649,0.764,95139300,0.763,116557400,0.762,86399600,0.761,54226900,0.760,53894000,0.765,121053100,0.766,111983500,0.767,67714900,0.768,42545300,0.769,39325400,47,99999,0
sh513130,09:45:55,1768355158659,5905.12,0.894,3.9524,0.765,0.7642,0.1047,280300,214345,0.7647,0.764,96428400,0.763,116863100,0.762,86421600,0.761,54256900,0.760,53894000,0.765,86443400,0.766,112511500,0.767,71741000,0.768,55584700,0.769,39315500,1040,99999,0
sh513130,09:45:58,1768355161664,5905.55,0.894,7.4606,0.764,0.7642,-0.0262,5115900,3913613,0.765,0.764,102206400,0.763,116852600,0.762,84444600,0.761,54256900,0.760,53857400,0.765,107683200,0.766,103654700,0.767,91719200,0.768,52475000,0.769,39315500,62,99999,0
sh513130,09:46:01,1768355165664,5906.58,0.894,6.0567,0.764,0.7642,-0.0262,116300,88957,0.7649,0.764,104852400,0.763,116689800,0.762,83456100,0.761,54151500,0.760,53857400,0.765,77789600,0.766,108791100,0.767,108676700,0.768,55475000,0.769,39316500,95,99999,0
sh513130,09:46:04,1768355167671,5906.58,0.894,5.2936,0.765,0.7642,0.1047,94700,72406,0.7646,0.764,104545300,0.763,116766800,0.762,83456100,0.761,54176500,0.760,53496100,0.765,58570000,0.766,108821100,0.767,98676700,0.768,60497000,0.769,39336500,291,99999,0
sh513130,09:46:07,1768355170668,5906.58,0.894,6.5437,0.765,0.7649,0.0131,53895900,41230389,0.765,0.765,68231800,0.764,100079200,0.763,93442500,0.762,51843300,0.761,54176500,0.766,106155300,0.767,105278200,0.768,60748400,0.769,39358500,0.770,40976800,1132,99999,0
sh513130,09:46:10,1768355173663,5907.82,0.894,5.7317,0.766,0.7649,0.1438,467400,357574,0.765,0.765,74045000,0.764,100410500,0.763,93474300,0.762,46850200,0.761,54176500,0.766,104253700,0.767,105466100,0.768,63054800,0.769,39373900,0.770,41038200,1973,99999,0
sh513130,09:46:13,1768355176659,5909.04,0.894,4.4525,0.765,0.7642,0.1047,1201600,919245,0.765,0.765,66713500,0.764,100119300,0.763,97298700,0.762,46958200,0.761,54176500,0.766,105493500,0.767,105481700,0.768,62064800,0.769,39393900,0.770,41038200,660,99999,0
sh513130,09:46:16,1768355179650,5907.55,0.894,1.6191,0.765,0.7642,0.1047,15765700,12060884,0.765,0.764,100087400,0.763,97423300,0.762,64367000,0.761,53911600,0.760,53477600,0.765,27516300,0.766,111874400,0.767,99832200,0.768,62885000,0.769,40075000,33,99999,0
sh513130,09:46:19,1768355182657,5907.67,0.894,2.4918,0.765,0.7642,0.1047,181100,138542,0.765,0.764,100759600,0.763,98199100,0.762,69118100,0.761,53914400,0.760,53460600,0.765,24527200,0.766,112201800,0.767,97932200,0.768,62537200,0.769,40081000,170,99999,0
sh513130,09:46:22,1768355185661,5908.03,0.894,3.8052,0.765,0.7649,0.0131,2218800,1697275,0.765,0.764,102318500,0.763,99026200,0.762,69118100,0.761,53914600,0.760,53459300,0.765,20394500,0.766,112398500,0.767,97932200,0.768,63352600,0.769,40231500,50,99999,0
sh513130,09:46:25,1768355188680,5907.49,0.894,3.3991,0.765,0.7649,0.0131,240800,184203,0.765,0.764,102492200,0.763,99959000,0.762,69133000,0.761,53914600,0.760,53461300,0.765,23471500,0.766,112189700,0.767,97932200,0.768,64223500,0.769,40233400,1033,99999,0
sh513130,09:46:28,1768355191679,5907.27,0.894,2.2478,0.765,0.7649,0.0131,410000,313614,0.7649,0.764,102742300,0.763,100071900,0.762,69133000,0.761,53982700,0.760,53471100,0.765,44698700,0.766,112229200,0.767,97982200,0.768,64353200,0.769,40249000,53,99999,0
sh513130,09:46:25,1768355192687,5907.27,0.894,2.3961,0.765,0.7649,0.0131,0,0,0.765,0.764,102492200,0.763,99959000,0.762,69133000,0.761,53914600,0.760,53461300,0.765,23471500,0.766,112189700,0.767,97932200,0.768,64223500,0.769,40233400,1059,99999,2
sh513130,09:46:28,1768355193688,5907.27,0.894,2.0229,0.765,0.7649,0.0131,0,0,0.765,0.764,102742300,0.763,100071900,0.762,69133000,0.761,53982700,0.760,53471100,0.765,44698700,0.766,112229200,0.767,97982200,0.768,64353200,0.769,40249000,78,99999,0
sh513130,09:46:31,1768355194688,5907.27,0.894,4.3233,0.765,0.7649,0.0131,287700,220083,0.765,0.764,102567000,0.763,101223300,0.762,70123000,0.761,53908500,0.760,53472100,0.765,70149100,0.766,107412500,0.767,81044900,0.768,61353200,0.769,40249000,1079,99999,0
sh513130,09:46:34,1768355197701,5906.25,0.894,3.8106,0.765,0.7649,0.0131,566800,433452,0.7647,0.764,102606000,0.763,102061100,0.762,70007000,0.761,53928500,0.760,53559900,0.765,75491000,0.766,107551500,0.767,81353900,0.768,56363200,0.769,40269000,82,99999,0
sh513130,09:46:37,1768355201701,5904.92,0.894,4.1062,0.765,0.7649,0.0131,368200,281672,0.765,0.764,94324300,0.763,102998300,0.762,73861200,0.761,53930700,0.760,53537400,0.765,89225800,0.766,107669900,0.767,77358900,0.768,46360700,0.769,40331300,130,99999,0
sh513130,09:46:40,1768355203702,5904.32,0.894,3.7544,0.765,0.7649,0.0131,752500,575502,0.7648,0.764,96698900,0.763,104141700,0.762,70851200,0.761,53941300,0.760,53755500,0.765,90338500,0.766,107659100,0.767,76377700,0.768,46461200,0.769,40331300,94,99999,0
sh513130,09:46:43,1768355206722,5904.47,0.894,4.7168,0.765,0.7643,0.0916,211000,161406,0.765,0.764,96870400,0.763,105062500,0.762,70851200,0.761,53921300,0.760,53755500,0.765,90439800,0.766,107692800,0.767,76377700,0.768,46461200,0.769,40321300,497,99999,0
sh513130,09:46:46,1768355209721,5904.19,0.894,6.847,0.765,0.7643,0.0916,284900,217948,0.765,0.764,96775700,0.763,105922700,0.762,70851200,0.761,53834800,0.760,53935800,0.765,85143400,0.766,107468100,0.767,82255300,0.768,46485700,0.769,40323300,95,99999,0
sh513130,09:46:49,1768355212722,5904.02,0.894,6.2512,0.765,0.7643,0.0916,1023700,783104,0.765,0.764,96791800,0.763,105812700,0.762,70853700,0.761,53834800,0.760,53935800,0.765,74940000,0.766,107475100,0.767,82355800,0.768,56485700,0.769,40353300,33,99999,0
sh513130,09:46:52,1768355215729,5904.88,0.894,8.1909,0.765,0.7643,0.0916,1266300,968711,0.765,0.764,97819200,0.763,105944300,0.762,69863700,0.761,53921200,0.760,53928200,0.765,66158700,0.766,107489400,0.767,83238300,0.768,59485700,0.769,40174300,95,99999,0
sh513130,09:46:49,1768355216724,5904.88,0.894,8.1894,0.765,0.7643,0.0916,0,0,0.765,0.764,96791800,0.763,105812700,0.762,70853700,0.761,53834800,0.760,53935800,0.765,74940000,0.766,107475100,0.767,82355800,0.768,56485700,0.769,40353300,1090,99999,2
sh513130,09:46:52,1768355217726,5903.94,0.894,7.1277,0.765,0.7643,0.0916,0,0,0.765,0.764,97819200,0.763,105944300,0.762,69863700,0.761,53921200,0.760,53928200,0.765,66158700,0.766,107489400,0.767,83238300,0.768,59485700,0.769,40174300,156,99999,0
sh513130,09:46:55,1768355218735,5903.94,0.894,5.7244,0.765,0.7643,0.0916,755000,577043,0.7643,0.764,91418900,0.763,106079300,0.762,75697800,0.761,53903600,0.760,53805000,0.765,89391800,0.766,107992400,0.767,80067800,0.768,46486200,0.769,40174500,1167,99999,0
sh513130,09:46:58,1768355222746,5903.16,0.894,5.7298,0.764,0.7643,-0.0393,1402800,1073059,0.7649,0.764,96226100,0.763,106556200,0.762,72509600,0.761,53843600,0.760,53805400,0.765,89366400,0.766,108252100,0.767,79090800,0.768,46522100,0.769,40174500,1163,99999,0
sh513130,09:47:01,1768355225750,5902.97,0.894,5.4925,0.764,0.7643,-0.0393,2886300,2205261,0.764,0.764,55341600,0.763,118555000,0.762,77334900,0.761,65843600,0.760,53655400,0.765,95922500,0.766,102735400,0.767,79060800,0.768,46786900,0.769,40204600,78,99999,0
sh513130,09:47:04,1768355227740,5903.02,0.894,3.4863,0.764,0.7649,-0.1177,767800,586739,0.7642,0.764,94278700,0.763,118621000,0.762,74107700,0.761,55908600,0.760,53660400,0.765,91700900,0.766,108356000,0.767,79869000,0.768,46786900,0.769,40205200,150,99999,0
sh513130,09:47:07,1768355231761,5901.71,0.894,3.0687,0.764,0.7649,-0.1177,1241000,949216,0.7649,0.764,69326900,0.763,118658000,0.762,78107700,0.761,64808600,0.760,53660600,0.765,97004200,0.766,102786400,0.767,80685500,0.768,46747500,0.769,40205200,156,99999,0
sh513130,09:47:10,1768355233765,5900.96,0.894,3.7046,0.764,0.7649,-0.1177,2052700,1568300,0.764,0.764,19780700,0.763,118751700,0.762,96005900,0.761,71188600,0.760,53660600,0.765,98520100,0.766,102799500,0.767,80512100,0.768,46747500,0.769,40205200,182,99999,0
sh513130,09:47:13,1768355236766,5899.79,0.894,2.2511,0.764,0.765,-0.1307,10767100,8226065,0.764,0.763,119872500,0.762,97021000,0.761,71153600,0.760,53683600,0.759,39362300,0.764,86015700,0.765,81377600,0.766,87404200,0.767,49513900,0.768,43485900,300,99999,0
sh513130,09:47:16,1768355240776,5896.99,0.894,-0.6683,0.764,0.765,-0.1307,336100,256780,0.764,0.763,119028300,0.762,97842900,0.761,77143600,0.760,53684600,0.759,39427700,0.764,86346200,0.765,83117800,0.766,87647600,0.767,43584300,0.768,43550800,1197,99999,0
sh513130,09:47:19,1768355242782,5897.26,0.894,0.255,0.764,0.7636,0.0524,488100,372900,0.764,0.763,118777200,0.762,99447100,0.761,77143600,0.760,53654600,0.759,39427700,0.764,71960800,0.765,83352700,0.766,91558000,0.767,53584300,0.768,43565200,1196,99999,0
sh513130,09:47:22,1768355245775,5895.42,0.894,3.6111,0.763,0.7636,-0.0786,363100,277276,0.7636,0.763,118671000,0.762,100278200,0.761,77143600,0.760,53654600,0.759,39427700,0.764,85928500,0.765,83939300,0.766,87567000,0.767,43601900,0.768,43586100,179,99999,0
sh513130,09:47:25,1768355248785,5895.55,0.894,5.0462,0.763,0.7636,-0.0786,448400,342182,0.7631,0.763,53150100,0.762,113099000,0.761,100675700,0.760,71099600,0.759,39427900,0.764,95607500,0.765,79646000,0.766,87489900,0.767,43601900,0.768,43586100,1134,99999,0
sh513130,09:47:28,1768355251807,5894.23,0.894,3.6213,0.764,0.7636,0.0524,343400,262080,0.7632,0.763,91684000,0.762,113064600,0.761,100357600,0.760,65728600,0.759,39427900,0.764,98448100,0.765,80044700,0.766,88023100,0.767,43533000,0.768,43611600,117,99999,0
sh513130,09:47:31,1768355255811,5891.58,0.894,5.2927,0.763,0.7636,-0.0786,486200,371398,0.7639,0.763,37073800,0.762,113888000,0.761,101360700,0.760,71118800,0.759,39431900,0.764,101140500,0.765,79476900,0.766,87965200,0.767,43533000,0.768,43544800,172,99999,0
sh513130,09:47:34,1768355257809,5891.98,0.894,5.1495,0.763,0.763,0.0,37901900,28918150,0.763,0.762,115624600,0.761,102366600,0.760,76183700,0.759,39452900,0.758,36239200,0.763,54997600,0.764,94411800,0.765,79008700,0.766,76081700,0.767,38583300,215,99999,0
sh513130,09:47:37,1768355261823,5890.87,0.894,5.2049,0.763,0.763,0.0,540600,412477,0.763,0.762,116243600,0.761,102363900,0.760,76192900,0.759,39502900,0.758,36239200,0.763,75363700,0.764,84868100,0.765,67010600,0.766,77133500,0.767,38863300,222,99999,0
sh513130,09:47:40,1768355263817,5890.28,0.894,4.5233,0.762,0.763,-0.1311,149400,113965,0.7628,0.762,116934300,0.761,102020000,0.760,76196900,0.759,39502900,0.758,36239200,0.763,68519900,0.764,85237300,0.765,68950600,0.766,77398000,0.767,38963300,170,99999,0
sh513130,09:47:43,1768355266811,5890.6,0.894,3.2592,0.763,0.763,0.0,598000,456012,0.7626,0.762,117288900,0.761,102020000,0.760,77176900,0.759,39502900,0.758,36239200,0.763,92141300,0.764,84599600,0.765,65818700,0.766,67398000,0.767,38963300,144,99999,0
