symbol,tx_server_time,tx_local_time,index_price,fx_rate,sentiment,price,iopv,premium_rate,tick_vol,tick_amt,tick_vwap,bp1,bv1,bp2,bv2,bp3,bv3,bp4,bv4,bp5,bv5,sp1,sv1,sp2,sv2,sp3,sv3,sp4,sv4,sp5,sv5,idx_delay_ms,fut_delay_ms,data_flags
sh513130,09:29:47,1769650192232,,0.8899,0.0,0.752,0.7546,-0.3446,0,0,0.752,0.751,23170200,0.750,28442200,0.749,21796600,0.748,32525200,0.747,27007700,0.752,10253600,0.753,17315300,0.754,27679900,0.755,19140000,0.756,19947100,99999,99999,1
sh513130,09:29:50,1769650192323,,0.8899,0.0,0.752,0.7546,-0.3446,0,0,0.752,0.751,23170200,0.750,28442200,0.749,21796600,0.748,32525200,0.747,27007700,0.752,10253600,0.753,17315300,0.754,27679900,0.755,19140000,0.756,19947100,99999,99999,0
sh513130,09:30:44,1769650248056,,0.0,0.6686,0.751,0.7513,-0.0399,70200100,52737119,0.7512,0.750,40871500,0.749,53871800,0.748,73784500,0.747,39554100,0.746,35837300,0.751,11111900,0.752,40864200,0.753,49071100,0.754,40609400,0.755,37735900,99999,99999,0
sh513130,09:30:47,1769650252454,,0.8899,0.4915,0.751,0.7513,-0.0399,6125000,4598228,0.7507,0.750,41644000,0.749,53915900,0.748,73858900,0.747,40032800,0.746,35746300,0.751,7352900,0.752,45079000,0.753,63189800,0.754,40024100,0.755,37740900,99999,99999,0
sh513130,09:30:50,1769650252540,,0.8899,0.4915,0.752,0.7513,0.0932,9445200,7092456,0.7509,0.751,24982900,0.750,45204100,0.749,54566900,0.748,74160900,0.747,37386900,0.752,57842000,0.753,77405700,0.754,43097200,0.755,37900500,0.756,20609300,99999,99999,0
sh513130,09:30:53,1769650257876,,0.8899,0.0,0.751,0.752,-0.133,7415800,5568473,0.7509,0.750,41536400,0.749,54967600,0.748,74386400,0.747,40411700,0.746,35830600,0.751,29475100,0.752,70725600,0.753,48226200,0.754,43761600,0.755,37919700,99999,99999,0
sh513130,09:30:56,1769650259175,,0.8899,0.0,0.751,0.7513,-0.0399,6228600,4676664,0.7508,0.750,44606100,0.749,55284000,0.748,73383900,0.747,39570800,0.746,36458700,0.751,29223600,0.752,70326400,0.753,47246200,0.754,42471700,0.755,37940400,99999,99999,0
sh513130,09:31:14,1769650280302,,0.8899,0.0,0.75,0.7514,-0.1863,88964600,66729987,0.7501,0.749,50341700,0.748,74434300,0.747,41293100,0.746,39730200,0.745,33086600,0.750,2547700,0.751,28689300,0.752,71875400,0.753,53283400,0.754,41787200,99999,99999,0
sh513130,09:31:17,1769650280406,,0.8899,0.0,0.75,0.7514,-0.1863,5446600,4084249,0.7499,0.750,24964800,0.749,49937700,0.748,74915100,0.747,41316300,0.746,39730200,0.751,28450700,0.752,70337600,0.753,53463400,0.754,41787200,0.755,37954800,99999,99999,0
sh513130,09:31:20,1769650284910,,0.8899,0.0,0.75,0.7514,-0.1863,3929300,2946978,0.75,0.750,2556500,0.749,53555100,0.748,75316000,0.747,41355700,0.746,36985600,0.751,29139500,0.752,74229200,0.753,53483400,0.754,41791200,0.755,37964800,99999,99999,0
sh513130,09:31:23,1769650286239,,0.8899,0.0,0.751,0.7507,0.04,2683200,2012574,0.7501,0.750,5226600,0.749,50631900,0.748,75420500,0.747,41395800,0.746,39985600,0.751,30773900,0.752,75253600,0.753,53483400,0.754,41791200,0.755,37980200,99999,99999,0
sh513130,09:31:26,1769650289321,,0.8899,5.6758,0.75,0.7507,-0.0932,1108200,831282,0.7501,0.750,5055400,0.749,51620100,0.748,75670800,0.747,41283800,0.746,40046600,0.751,32226300,0.752,75231000,0.753,53802100,0.754,42124500,0.755,38990200,99999,99999,0
sh513130,09:31:29,1769650291971,,0.8899,4.9615,0.75,0.7507,-0.0932,5785000,4339120,0.7501,0.750,2416800,0.749,52966100,0.748,75710800,0.747,41283800,0.746,40047100,0.751,49475600,0.752,60122100,0.753,52997000,0.754,42124500,0.755,39490200,99999,99999,0
sh513130,09:31:32,1769650296054,,0.8899,3.009,0.75,0.7508,-0.1066,3984000,2988011,0.75,0.749,51434800,0.748,75907500,0.747,41303100,0.746,40052100,0.745,34715300,0.750,74200,0.751,52334600,0.752,59979200,0.753,49589600,0.754,42134500,99999,99999,0
sh513130,09:31:35,1769650298941,,0.8899,1.8243,0.75,0.7508,-0.1066,1657000,1242953,0.7501,0.750,263100,0.749,52547900,0.748,76705300,0.747,41323600,0.746,40195400,0.751,52741400,0.752,59716400,0.753,50584600,0.754,42134500,0.755,39580400,99999,99999,0
sh513130,09:31:38,1769650302139,,0.8899,2.5216,0.75,0.7508,-0.1066,2331400,1748576,0.75,0.750,143300,0.749,51931800,0.748,76834900,0.747,41363600,0.746,40328000,0.751,50661600,0.752,89736100,0.753,50430800,0.754,42134500,0.755,39580400,99999,99999,0
sh513130,09:31:41,1769650303236,,0.8899,1.9074,0.75,0.7508,-0.1066,2659000,1994090,0.7499,0.749,53219600,0.748,76849900,0.747,41595600,0.746,40358000,0.745,34967000,0.750,21242900,0.751,68264000,0.752,63100100,0.753,50440800,0.754,42134500,99999,99999,0
sh513130,09:31:44,1769650307960,,0.8899,1.888,0.75,0.7508,-0.1066,5207700,3905769,0.75,0.750,12304900,0.749,51471200,0.748,78007700,0.747,41621900,0.746,40362500,0.751,53434700,0.752,91218900,0.753,50580600,0.754,42234500,0.755,36600700,99999,99999,0
sh513130,09:31:47,1769650310293,,0.8899,1.6631,0.75,0.7508,-0.1066,12750300,9562620,0.75,0.749,51469500,0.748,78061200,0.747,41645000,0.746,41365800,0.745,35239300,0.750,11512000,0.751,62416500,0.752,62921500,0.753,50729400,0.754,42334500,99999,99999,0
sh513130,09:31:50,1769650314468,,0.8899,5.2337,0.751,0.7508,0.0266,2274700,1705994,0.75,0.750,404400,0.749,51794600,0.748,78201800,0.747,41690000,0.746,41390000,0.751,62495600,0.752,70975600,0.753,50729400,0.754,42337500,0.755,36668600,99999,99999,0
sh513130,09:31:53,1769650315810,,0.8899,6.5867,0.75,0.7508,-0.1066,940600,705492,0.75,0.750,2507000,0.749,52021200,0.748,78346500,0.747,41740500,0.746,41409000,0.751,48702000,0.752,86337000,0.753,50729400,0.754,42337500,0.755,36678600,99999,99999,0
sh513130,09:31:56,1769650320241,,0.8899,2.477,0.75,0.7508,-0.1066,1115600,836933,0.7502,0.750,2556700,0.749,52090700,0.748,78326700,0.747,41942400,0.746,41286400,0.751,63789900,0.752,71300000,0.753,51550300,0.754,42342500,0.755,36683600,99999,99999,0
sh513130,09:31:59,1769650323815,,0.8899,2.4507,0.75,0.7508,-0.1066,3744400,2808305,0.75,0.749,52339800,0.748,78567000,0.747,41952400,0.746,41307200,0.745,35426300,0.750,19956800,0.751,61795800,0.752,63337200,0.753,51508600,0.754,42342500,99999,99999,0
sh513130,09:32:02,1769650324234,,0.8899,2.4507,0.75,0.7507,-0.0932,1459300,1094429,0.75,0.749,52592100,0.748,78657000,0.747,42624000,0.746,41311400,0.745,35446500,0.750,21616600,0.751,63216900,0.752,62317200,0.753,50528600,0.754,42342600,99999,99999,0
sh513130,09:31:59,1769650324937,,0.8899,2.4507,0.75,0.7508,-0.1066,0,0,0.75,0.749,52339800,0.748,78567000,0.747,41952400,0.746,41307200,0.745,35426300,0.750,19956800,0.751,61795800,0.752,63337200,0.753,51508600,0.754,42342500,99999,99999,2
sh513130,09:32:02,1769650326407,,0.8899,0.0,0.75,0.7507,-0.0932,0,0,0.75,0.749,52592100,0.748,78657000,0.747,42624000,0.746,41311400,0.745,35446500,0.750,21616600,0.751,63216900,0.752,62317200,0.753,50528600,0.754,42342600,99999,99999,0
sh513130,09:32:05,1769650327917,,0.8899,0.0,0.75,0.7507,-0.0932,569900,427412,0.75,0.749,52956300,0.748,82057000,0.747,42691100,0.746,41681400,0.745,35511800,0.750,28551200,0.751,62976100,0.752,64619600,0.753,50698600,0.754,42342600,99999,99999,0
sh513130,09:32:08,1769650331186,,0.0,0.0,0.75,0.7508,-0.1066,2469600,1851922,0.7499,0.749,52398200,0.748,82213200,0.747,42877300,0.746,41692400,0.745,36306700,0.750,32663200,0.751,56750300,0.752,64618800,0.753,50788600,0.754,42342600,99999,99999,0
sh513130,09:32:11,1769650333991,,0.8899,0.0,0.75,0.7501,-0.0133,794200,595505,0.7498,0.749,52581700,0.748,82769900,0.747,42863300,0.746,41715800,0.745,36391800,0.750,32197300,0.751,56360600,0.752,64718800,0.753,50843400,0.754,42342600,99999,99999,0
sh513130,09:32:14,1769650336942,,0.8899,0.0,0.749,0.7501,-0.1466,2413900,1809554,0.7496,0.749,51961100,0.748,82826900,0.747,42791600,0.746,41753400,0.745,36418800,0.750,45235900,0.751,55918900,0.752,64554500,0.753,50843400,0.754,42455400,99999,99999,0
sh513130,09:32:11,1769650339179,,0.8899,0.0,0.75,0.7501,-0.0133,0,0,0.75,0.749,52581700,0.748,82769900,0.747,42863300,0.746,41715800,0.745,36391800,0.750,32197300,0.751,56360600,0.752,64718800,0.753,50843400,0.754,42342600,99999,99999,2
sh513130,09:32:17,1769650340195,,0.8899,0.0,0.75,0.7501,-0.0133,1742800,1306303,0.7495,0.749,52474000,0.748,82901500,0.747,42920000,0.746,42153400,0.745,36519100,0.750,52591700,0.751,55639400,0.752,64542500,0.753,50844000,0.754,42458400,99999,99999,0
sh513130,09:32:20,1769650342983,,0.8899,0.0,0.75,0.7501,-0.0133,1930000,1446745,0.7496,0.749,53006100,0.748,83086000,0.747,61963300,0.746,42229500,0.745,36530500,0.750,53022700,0.751,55228300,0.752,64536700,0.753,50844100,0.754,42458400,99999,99999,0
sh513130,09:32:23,1769650346219,,0.8899,0.0,0.75,0.7501,-0.0133,1634300,1225536,0.7499,0.749,53113100,0.748,83146000,0.747,62247000,0.746,42470900,0.745,36650600,0.750,54873500,0.751,53186100,0.752,64477600,0.753,50998100,0.754,42459400,99999,99999,0
sh513130,09:32:26,1769650348997,,0.8899,0.0,0.749,0.7501,-0.1466,482100,361421,0.7497,0.749,53695700,0.748,83327300,0.747,62357000,0.746,42763300,0.745,36662600,0.750,55615500,0.751,53279100,0.752,64490800,0.753,50998100,0.754,42459400,99999,99999,0
sh513130,09:32:29,1769650354718,,0.8899,0.0,0.75,0.7501,-0.0133,505800,379062,0.7494,0.749,53869400,0.748,83497000,0.747,62420400,0.746,42763300,0.745,36757600,0.750,57163800,0.751,53086200,0.752,64490800,0.753,50968100,0.754,42459400,99999,99999,0
sh513130,09:32:32,1769650355038,,0.8899,0.0,0.75,0.7501,-0.0133,1420200,1063917,0.7491,0.749,52509000,0.748,83935000,0.747,62676400,0.746,42790400,0.745,37294000,0.750,57192300,0.751,52936100,0.752,64473500,0.753,50973100,0.754,42424400,99999,99999,0
sh513130,09:32:35,1769650357812,,0.8899,0.0,0.75,0.7501,-0.0133,949500,711764,0.7496,0.749,32540200,0.748,84259500,0.747,62867200,0.746,42879600,0.745,37724900,0.750,56717800,0.751,53699900,0.752,49508400,0.753,50973100,0.754,42424400,99999,99999,0
sh513130,09:32:38,1769650363170,,0.8899,0.0,0.749,0.7501,-0.1466,2669200,1999600,0.7491,0.749,55708900,0.748,84417300,0.747,62967200,0.746,42919300,0.745,37797000,0.750,57585100,0.751,52587800,0.752,64508400,0.753,50972100,0.754,42424400,99999,99999,0
sh513130,09:32:41,1769650363265,,0.8899,0.0,0.75,0.7501,-0.0133,795400,595871,0.7491,0.749,56049700,0.748,84640000,0.747,63130800,0.746,42723200,0.745,37840100,0.750,57887800,0.751,52597800,0.752,64481800,0.753,50993000,0.754,42222200,99999,99999,0
sh513130,09:32:47,1769650369609,,0.8899,0.0,0.749,0.7501,-0.1466,3092100,2317620,0.7495,0.749,31648600,0.748,85347500,0.747,63754000,0.746,42759300,0.745,38015000,0.750,72968300,0.751,52625200,0.752,48494100,0.753,51035700,0.754,42224700,99999,99999,0
sh513130,09:32:44,1769650370711,,0.8899,0.0,0.75,0.7501,-0.0133,0,0,0.75,0.749,30831900,0.748,84918400,0.747,63225900,0.746,42754200,0.745,37880100,0.750,71829200,0.751,52625200,0.752,49481800,0.753,50993000,0.754,42222200,99999,99999,2
sh513130,09:32:47,1769650371723,,0.8899,0.0,0.749,0.7501,-0.1466,0,0,0.749,0.749,31648600,0.748,85347500,0.747,63754000,0.746,42759300,0.745,38015000,0.750,72968300,0.751,52625200,0.752,48494100,0.753,51035700,0.754,42224700,99999,99999,0
sh513130,09:32:50,1769650373195,,0.8899,0.0,0.75,0.7501,-0.0133,667500,500325,0.7496,0.749,33211400,0.748,85563400,0.747,63777800,0.746,42730300,0.745,38062000,0.750,73122700,0.751,53555500,0.752,48494100,0.753,51045700,0.754,42224700,99999,99999,0
sh513130,09:32:53,1769650376746,,0.8899,0.0,0.75,0.7501,-0.0133,111400,83476,0.7493,0.749,32322100,0.748,85828700,0.747,63897100,0.746,42718000,0.745,38600900,0.750,78281800,0.751,53785500,0.752,48696300,0.753,51045700,0.754,42224700,99999,99999,0
sh513130,09:32:56,1769650378007,,0.8899,0.0,0.75,0.7501,-0.0133,614200,460131,0.7492,0.749,57822300,0.748,86085800,0.747,63942100,0.746,42730000,0.745,38920800,0.750,57633400,0.751,53734900,0.752,64686300,0.753,56045700,0.754,42224700,99999,99999,0
sh513130,09:32:59,1769650382528,,0.8899,0.0,0.749,0.7501,-0.1466,1366800,1024215,0.7494,0.749,57172300,0.748,86229400,0.747,63947500,0.746,42750000,0.745,38922800,0.750,59324500,0.751,54509900,0.752,64685300,0.753,48065700,0.754,42224700,99999,99999,0
sh513130,09:33:02,1769650385472,,0.8899,0.0,0.75,0.7501,-0.0133,404900,303353,0.7492,0.749,57868600,0.748,87740700,0.747,64301800,0.746,42750000,0.745,39322900,0.750,59919900,0.751,55339900,0.752,64653900,0.753,50160900,0.754,42224700,99999,99999,0
sh513130,09:33:05,1769650390898,,0.8899,0.0,0.749,0.7501,-0.1466,5694200,4270318,0.7499,0.749,58656800,0.748,87801700,0.747,64426000,0.746,42822000,0.745,39372900,0.750,49738900,0.751,55345400,0.752,64626900,0.753,50160900,0.754,42224700,99999,99999,0
sh513130,09:33:08,1769650390992,,0.8899,0.0,0.75,0.7501,-0.0133,1674300,1254619,0.7493,0.749,55421000,0.748,87895900,0.747,64970900,0.746,43061800,0.745,39380500,0.750,55992200,0.751,56175400,0.752,64571200,0.753,45160900,0.754,42316400,99999,99999,0
sh513130,09:33:11,1769650393431,,0.8899,0.0,0.749,0.7501,-0.1466,2752700,2062426,0.7492,0.749,57628900,0.748,89266000,0.747,64972900,0.746,41361800,0.745,39380900,0.750,51334600,0.751,56973800,0.752,64481100,0.753,49857800,0.754,42316400,99999,99999,0
sh513130,09:33:08,1769650394698,,0.8899,0.0,0.75,0.7501,-0.0133,0,0,0.75,0.749,55421000,0.748,87895900,0.747,64970900,0.746,43061800,0.745,39380500,0.750,55992200,0.751,56175400,0.752,64571200,0.753,45160900,0.754,42316400,99999,99999,2
sh513130,09:33:11,1769650394983,,0.8899,0.0,0.749,0.7501,-0.1466,0,0,0.749,0.749,57628900,0.748,89266000,0.747,64972900,0.746,41361800,0.745,39380900,0.750,51334600,0.751,56973800,0.752,64481100,0.753,49857800,0.754,42316400,99999,99999,0
sh513130,09:33:14,1769650398760,,0.8899,0.0,0.749,0.7501,-0.1466,339300,254338,0.7496,0.749,59044800,0.748,89397600,0.747,64972900,0.746,40361800,0.745,39490200,0.750,52331500,0.751,57803800,0.752,64291200,0.753,49857800,0.754,42316400,99999,99999,0
sh513130,09:33:20,1769650403084,,0.8899,0.0,0.75,0.7501,-0.0133,2662900,1994884,0.7491,0.749,57566300,0.748,89751100,0.747,65121900,0.746,41395400,0.745,39848500,0.750,54029100,0.751,59463800,0.752,64292400,0.753,49791900,0.754,42316400,99999,99999,0
sh513130,09:33:23,1769650406037,,0.8899,0.0,0.749,0.7501,-0.1466,1339100,1003166,0.7491,0.749,51552800,0.748,90337500,0.747,65179600,0.746,43497900,0.745,39894100,0.750,71366500,0.751,60535400,0.752,49532500,0.753,47791900,0.754,42316400,99999,99999,0
sh513130,09:33:26,1769650409613,,0.8899,0.0,0.75,0.7501,-0.0133,931500,698489,0.7499,0.749,54918500,0.748,90372900,0.747,65229600,0.746,43514900,0.745,39897000,0.750,54984900,0.751,61376400,0.752,64552500,0.753,49801900,0.754,42336400,99999,99999,0
sh513130,09:33:29,1769650412878,,0.8899,0.0,0.75,0.7501,-0.0133,704400,527866,0.7494,0.749,55391300,0.748,90647000,0.747,65166700,0.746,43514900,0.745,39877000,0.750,56409500,0.751,61510500,0.752,64873300,0.753,49801900,0.754,42336400,99999,99999,0
sh513130,09:33:32,1769650416276,,0.8899,0.0,0.75,0.7501,-0.0133,816100,611735,0.7496,0.749,55823400,0.748,91109600,0.747,65344900,0.746,43582700,0.745,39916200,0.750,61182200,0.751,61590500,0.752,66613200,0.753,44839300,0.754,42336400,99999,99999,0
sh513130,09:33:35,1769650420690,,0.8899,0.0,0.75,0.7501,-0.0133,324600,243241,0.7494,0.749,59378700,0.748,91152700,0.747,65273900,0.746,40412700,0.745,40032300,0.750,56974100,0.751,61590500,0.752,66039300,0.753,49835700,0.754,42336400,99999,99999,0
sh513130,09:33:38,1769650420779,,0.8899,0.0,0.75,0.7501,-0.0133,3137800,2353269,0.75,0.749,59648400,0.748,91209300,0.747,65616200,0.746,40932700,0.745,40067300,0.750,53954600,0.751,61581100,0.752,66855500,0.753,49835700,0.754,42336400,99999,99999,0
sh513130,09:33:44,1769650426509,,0.8899,0.0,0.75,0.7501,-0.0133,2110100,1582061,0.7498,0.749,62284200,0.748,91378200,0.747,65496500,0.746,41022700,0.745,40249900,0.750,52665800,0.751,61444100,0.752,68513400,0.753,49835700,0.754,42251400,99999,99999,0
sh513130,09:33:41,1769650426597,,0.8899,0.0,0.749,0.7501,-0.1466,0,0,0.749,0.749,60150200,0.748,91362700,0.747,65717000,0.746,43002700,0.745,40142300,0.750,53442500,0.751,61434400,0.752,67684400,0.753,49835700,0.754,42336400,99999,99999,2
sh513130,09:33:44,1769650428052,,0.8899,0.0,0.75,0.7501,-0.0133,0,0,0.75,0.749,62284200,0.748,91378200,0.747,65496500,0.746,41022700,0.745,40249900,0.750,52665800,0.751,61444100,0.752,68513400,0.753,49835700,0.754,42251400,99999,99999,0
sh513130,09:33:47,1769650430955,,0.8899,0.0,0.75,0.7501,-0.0133,1003500,751964,0.7493,0.749,62282600,0.748,91751000,0.747,65560500,0.746,41022700,0.745,40291300,0.750,73128900,0.751,61494100,0.752,70622600,0.753,49835200,0.754,42251400,99999,99999,0
sh513130,09:33:50,1769650433273,,0.8899,0.0,0.75,0.7501,-0.0133,767100,574954,0.7495,0.749,60880900,0.748,92173400,0.747,65665400,0.746,41022900,0.745,40326900,0.750,73582700,0.751,61494700,0.752,71451500,0.753,49857800,0.754,42261500,99999,99999,0
sh513130,09:33:47,1769650434277,,0.8899,0.0,0.75,0.7501,-0.0133,0,0,0.75,0.749,62282600,0.748,91751000,0.747,65560500,0.746,41022700,0.745,40291300,0.750,73128900,0.751,61494100,0.752,70622600,0.753,49835200,0.754,42251400,99999,99999,2
sh513130,09:33:53,1769650436172,,0.8899,0.0,0.75,0.7501,-0.0133,1283900,962744,0.7499,0.749,58194500,0.748,92217500,0.747,65788900,0.746,44016100,0.745,40350300,0.750,87651200,0.751,62549400,0.752,57104400,0.753,49857800,0.754,42261600,99999,99999,0
sh513130,09:33:59,1769650441592,,0.8899,0.0,0.749,0.7501,-0.1466,9376000,7023422,0.7491,0.749,54472100,0.748,92975500,0.747,65826300,0.746,44211800,0.745,40448900,0.750,74690600,0.751,61540300,0.752,72784100,0.753,47701800,0.754,42261600,99999,99999,0
sh513130,09:33:56,1769650441682,,0.8899,0.0,0.749,0.7501,-0.1466,0,0,0.749,0.749,55647500,0.748,92548900,0.747,65813300,0.746,44081800,0.745,40422300,0.750,92726900,0.751,62542300,0.752,57019800,0.753,44841800,0.754,42261600,99999,99999,2
sh513130,09:33:59,1769650444125,,0.8899,0.0,0.749,0.7501,-0.1466,0,0,0.749,0.749,54472100,0.748,92975500,0.747,65826300,0.746,44211800,0.745,40448900,0.750,74690600,0.751,61540300,0.752,72784100,0.753,47701800,0.754,42261600,99999,99999,0
sh513130,09:34:02,1769650445790,,0.8899,0.0,0.748,0.7501,-0.28,31657500,23711466,0.749,0.748,93786000,0.747,66119400,0.746,44356900,0.745,40486500,0.744,24654800,0.749,3089600,0.750,108370000,0.751,47540100,0.752,58526000,0.753,44650500,99999,99999,0
sh513130,09:34:05,1769650448108,,0.8899,0.0,0.749,0.7501,-0.1466,1128700,845271,0.7489,0.748,94067400,0.747,66126400,0.746,44346900,0.745,40597100,0.744,24654800,0.749,4020300,0.750,94385000,0.751,62329700,0.752,58245400,0.753,44650500,99999,99999,0
sh513130,09:34:08,1769650451092,,0.8899,0.0,0.749,0.7501,-0.1466,2625200,1966168,0.749,0.748,92512300,0.747,65762700,0.746,45931900,0.745,40569500,0.744,24654900,0.749,18236500,0.750,107992900,0.751,47379700,0.752,51515900,0.753,44650500,99999,99999,0
sh513130,09:34:11,1769650454382,,0.8899,0.0,0.749,0.7501,-0.1466,1803100,1350413,0.7489,0.748,93084900,0.747,65850700,0.746,46196500,0.745,40592300,0.744,24674900,0.749,19012100,0.750,107599900,0.751,46366500,0.752,51495900,0.753,44650500,99999,99999,0
sh513130,09:34:14,1769650458787,,0.8899,0.0,0.749,0.7501,-0.1466,652100,488195,0.7487,0.748,98146900,0.747,70863700,0.746,51214200,0.745,40654800,0.744,24675300,0.749,24028200,0.750,112328500,0.751,51346200,0.752,50495500,0.753,44650500,99999,99999,0
sh513130,09:34:17,1769650460086,,0.8899,0.0,0.748,0.7494,-0.1868,1457000,1091234,0.749,0.748,96278500,0.747,71035800,0.746,51159000,0.745,42692500,0.744,24675300,0.749,30724600,0.750,113737300,0.751,52456100,0.752,49222800,0.753,44650500,99999,99999,0
sh513130,09:34:20,1769650463287,,0.8899,0.0,0.749,0.7494,-0.0534,2133900,1598122,0.7489,0.748,98727300,0.747,71207300,0.746,51178500,0.745,40734000,0.744,25103500,0.749,13133200,0.750,114966000,0.751,52260900,0.752,49186200,0.753,43650500,99999,99999,0
sh513130,09:34:23,1769650467602,,0.8899,0.0,0.749,0.7494,-0.0534,1940000,1452674,0.7488,0.748,98537800,0.747,72344800,0.746,51290900,0.745,40765000,0.744,25103500,0.749,29217700,0.750,114856100,0.751,52351200,0.752,49186200,0.753,43650500,99999,99999,0
sh513130,09:34:26,1769650469712,,0.8899,0.0,0.748,0.7494,-0.1868,1182800,885255,0.7484,0.748,95851800,0.747,72594300,0.746,51420900,0.745,43789000,0.744,25106100,0.749,35462600,0.750,115240100,0.751,52512600,0.752,44206200,0.753,43650500,99999,99999,0
sh513130,09:34:29,1769650472949,,0.8899,0.0,0.748,0.7494,-0.1868,1673700,1253292,0.7488,0.748,98828500,0.747,73782500,0.746,51579400,0.745,40904700,0.744,25112100,0.749,14249700,0.750,115288800,0.751,52466900,0.752,49206200,0.753,43660500,99999,99999,0
sh513130,09:34:32,1769650475044,,0.8899,4.148,0.749,0.7494,-0.0534,1529200,1145203,0.7489,0.748,97133700,0.747,73789300,0.746,51615600,0.745,41004200,0.744,25112500,0.749,14292000,0.750,116078600,0.751,52466900,0.752,49206200,0.753,43673800,99999,99999,0
sh513130,09:34:35,1769650479376,,0.8899,3.3644,0.748,0.7494,-0.1868,3226700,2415758,0.7487,0.748,93920300,0.747,73934600,0.746,51699100,0.745,44056600,0.744,25333600,0.749,36697600,0.750,116478200,0.751,52815400,0.752,47209600,0.753,43673800,99999,99999,0
sh513130,09:34:38,1769650481741,,0.8899,2.6791,0.749,0.7494,-0.0534,527600,394942,0.7486,0.748,96095500,0.747,74008300,0.746,51822400,0.745,43095600,0.744,25333600,0.749,30673100,0.750,117237100,0.751,52826400,0.752,50209400,0.753,43673800,99999,99999,0
sh513130,09:34:41,1769650484811,,0.8899,1.8229,0.749,0.7494,-0.0534,3433600,2570564,0.7486,0.748,94169800,0.747,74223100,0.746,52140900,0.745,44149100,0.744,25336600,0.749,45001300,0.750,117802100,0.751,36831800,0.752,50229400,0.753,43673800,99999,99999,0
sh513130,09:34:44,1769650486914,,0.8899,1.8229,0.748,0.7494,-0.1868,1633800,1223361,0.7488,0.748,84239000,0.747,77635700,0.746,55138700,0.745,49224100,0.744,25398600,0.749,58967800,0.750,115166300,0.751,33842100,0.752,41979700,0.753,37674400,99999,99999,0
sh513130,09:34:47,1769650491248,,0.8899,1.2954,0.748,0.7494,-0.1868,2263500,1695246,0.7489,0.748,84506700,0.747,77711800,0.746,55201000,0.745,49259100,0.744,25357600,0.749,56797700,0.750,114848000,0.751,33842100,0.752,43979700,0.753,37674400,99999,99999,0
sh513130,09:34:53,1769650495657,,0.8899,1.5183,0.748,0.7488,-0.1068,3877400,2903178,0.7487,0.748,89436500,0.747,78020100,0.746,74281700,0.745,49512200,0.744,25401700,0.749,57278200,0.750,114831300,0.751,33842100,0.752,44148100,0.753,38102600,99999,99999,0
sh513130,09:34:56,1769650498839,,0.8899,0.9793,0.748,0.7488,-0.1068,1929200,1443260,0.7481,0.748,91098400,0.747,78188700,0.746,74300100,0.745,49612900,0.744,25421900,0.749,39671000,0.750,114952800,0.751,33862100,0.752,47134400,0.753,38097600,99999,99999,0
sh513130,09:34:59,1769650500985,,0.8899,0.9223,0.749,0.7488,0.0267,582600,436212,0.7487,0.748,67665500,0.747,79094700,0.746,74439000,0.745,49767600,0.744,25459700,0.749,53770600,0.750,113915200,0.751,34190300,0.752,45264400,0.753,38120300,99999,99999,0
sh513130,09:35:02,1769650504684,,0.8899,0.0905,0.748,0.7488,-0.1068,6222800,4654886,0.748,0.748,63045500,0.747,100155400,0.746,84840800,0.745,49877100,0.744,25459700,0.749,94247400,0.750,120121500,0.751,27510300,0.752,38948800,0.753,38116600,99999,99999,0
sh513130,09:35:05,1769650507746,,0.8899,3.9727,0.749,0.7488,0.0267,1926900,1442148,0.7484,0.748,63952100,0.747,100823500,0.746,84913500,0.745,55967600,0.744,25488200,0.749,100244600,0.750,120233500,0.751,27496700,0.752,42948800,0.753,38108100,99999,99999,0
sh513130,09:35:02,1769650507833,,0.8899,3.9727,0.748,0.7488,-0.1068,0,0,0.748,0.748,63045500,0.747,100155400,0.746,84840800,0.745,49877100,0.744,25459700,0.749,94247400,0.750,120121500,0.751,27510300,0.752,38948800,0.753,38116600,99999,99999,2
sh513130,09:35:05,1769650508851,,0.8899,3.9715,0.749,0.7488,0.0267,0,0,0.749,0.748,63952100,0.747,100823500,0.746,84913500,0.745,55967600,0.744,25488200,0.749,100244600,0.750,120233500,0.751,27496700,0.752,42948800,0.753,38108100,99999,99999,0
sh513130,09:35:08,1769650513156,,0.8899,3.2195,0.748,0.7488,-0.1068,937100,701596,0.7487,0.748,64670300,0.747,100832800,0.746,84944500,0.745,56100800,0.744,25488700,0.749,98100200,0.750,120988300,0.751,28341700,0.752,42948800,0.753,38057100,99999,99999,0
sh513130,09:35:11,1769650514817,,0.8899,3.3961,0.749,0.7488,0.0267,1205800,902040,0.7481,0.748,64764300,0.747,101213700,0.746,85198200,0.745,56167500,0.744,25500100,0.749,98437800,0.750,121332600,0.751,28341700,0.752,42920300,0.753,38057100,99999,99999,0
sh513130,09:35:14,1769650517562,,0.8899,3.3961,0.749,0.7488,0.0267,3545800,2652319,0.748,0.748,62872900,0.747,101401700,0.746,85320300,0.745,56240100,0.744,25688300,0.749,98754400,0.750,121338600,0.751,28343700,0.752,42959600,0.753,38008300,99999,99999,0
sh513130,09:35:17,1769650519090,,0.8899,2.2736,0.749,0.7488,0.0267,655000,490447,0.7488,0.748,64673900,0.747,101646100,0.746,85589300,0.745,56210900,0.744,25708300,0.749,100673300,0.750,121343600,0.751,27461300,0.752,43459600,0.753,38008300,99999,99999,0
sh513130,09:35:20,1769650523182,,0.8899,3.3695,0.749,0.7488,0.0267,3577100,2678125,0.7487,0.748,67032600,0.747,101711700,0.746,86581000,0.745,54570000,0.744,25799000,0.749,83456700,0.750,136348600,0.751,27461300,0.752,43573100,0.753,38008400,99999,99999,0
sh513130,09:35:23,1769650526372,,0.8899,3.5956,0.749,0.7488,0.0267,1527600,1142993,0.7482,0.748,64636200,0.747,101835100,0.746,86709000,0.745,56975100,0.744,25819300,0.749,97678000,0.750,121434800,0.751,28402900,0.752,43573100,0.753,38008400,99999,99999,0
sh513130,09:35:26,1769650531317,,0.8899,8.7388,0.749,0.7488,0.0267,2395400,1792676,0.7484,0.748,63448100,0.747,101904600,0.746,86753700,0.745,56978600,0.744,25846300,0.749,97120700,0.750,121205000,0.751,29353000,0.752,43554100,0.753,38072800,99999,99999,0
sh513130,09:35:29,1769650532405,,0.8899,8.4545,0.749,0.7488,0.0267,2531200,1893705,0.7481,0.748,116561300,0.747,102240300,0.746,87664200,0.745,49157900,0.744,26210100,0.749,56486800,0.750,136729000,0.751,45233000,0.752,43554100,0.753,38072800,99999,99999,0
sh513130,09:35:35,1769650542114,,0.8899,5.5406,0.749,0.7488,0.0267,4861400,3639048,0.7486,0.748,115258700,0.747,102669700,0.746,87504200,0.745,49257400,0.744,26269200,0.749,59853200,0.750,136806600,0.751,47916000,0.752,43531100,0.753,38079800,99999,99999,0
sh513130,09:35:38,1769650542223,,0.8899,5.5406,0.749,0.7488,0.0267,4431100,3317024,0.7486,0.748,113558400,0.747,102480100,0.746,88505600,0.745,49430900,0.744,26273200,0.749,53392100,0.750,136792400,0.751,48846300,0.752,43464600,0.753,38079800,99999,99999,0
sh513130,09:35:41,1769650545528,,0.8899,4.2772,0.749,0.7488,0.0267,347100,259933,0.7489,0.748,114983100,0.747,102490200,0.746,87555900,0.745,49449500,0.744,26324200,0.749,47862300,0.750,130792400,0.751,49342800,0.752,53464600,0.753,38079800,99999,99999,0
sh513130,09:35:44,1769650546616,,0.8899,4.2772,0.749,0.7488,0.0267,3342200,2502198,0.7487,0.748,114376500,0.747,102485700,0.746,87596900,0.745,49462300,0.744,26311000,0.749,51203000,0.750,130944800,0.751,73178600,0.752,50489300,0.753,38109800,99999,99999,0
sh513130,09:35:47,1769650549939,,0.8899,3.8793,0.748,0.7494,-0.1868,705400,528081,0.7486,0.748,113542500,0.747,104390800,0.746,88592900,0.745,49596300,0.744,25978000,0.749,59638900,0.750,131307300,0.751,73018600,0.752,48489300,0.753,38109800,99999,99999,0
sh513130,09:35:50,1769650555378,,0.8899,1.9231,0.748,0.7494,-0.1868,3089300,2312159,0.7484,0.748,112520200,0.747,104412500,0.746,88616600,0.745,49648100,0.744,25983000,0.749,62323600,0.750,131397000,0.751,74852500,0.752,43479000,0.753,38109800,99999,99999,0
sh513130,09:35:53,1769650556494,,0.8899,1.9231,0.748,0.7494,-0.1868,1788400,1339306,0.7489,0.748,100563700,0.747,104565600,0.746,89211500,0.745,49648400,0.744,25883000,0.749,60859900,0.750,131515400,0.751,75363800,0.752,44318200,0.753,38109800,99999,99999,0
sh513130,09:35:56,1769650558507,,0.8899,4.0087,0.749,0.7494,-0.0534,1250500,935679,0.7482,0.748,86853700,0.747,104738500,0.746,89224800,0.745,49832700,0.744,25893000,0.749,70685200,0.750,132520400,0.751,60408800,0.752,45147100,0.753,38109800,99999,99999,0
sh513130,09:35:59,1769650563647,,0.8899,3.9372,0.749,0.7494,-0.0534,2943700,2203400,0.7485,0.748,99265600,0.747,104741600,0.746,89234800,0.745,49646000,0.744,25895200,0.749,75478700,0.750,132589600,0.751,59438800,0.752,45982100,0.753,38118800,99999,99999,0
sh513130,09:36:02,1769650564752,,0.8899,0.0,0.748,0.7494,-0.1868,1458100,1091939,0.7489,0.748,113648500,0.747,104783600,0.746,89307800,0.745,49669600,0.744,25908000,0.749,59994600,0.750,131580100,0.751,74438800,0.752,46811000,0.753,38118800,99999,99999,0
sh513130,09:36:05,1769650568071,,0.8899,0.0,0.749,0.7494,-0.0534,785300,587468,0.7481,0.748,70410500,0.747,104810300,0.746,88298200,0.745,49686100,0.744,25928000,0.749,75833300,0.750,132646600,0.751,59438800,0.752,46811000,0.753,38115800,99999,99999,0
sh513130,09:36:08,1769650570622,,0.8899,0.0,0.749,0.7494,-0.0534,1698900,1272012,0.7487,0.748,70217400,0.747,106995600,0.746,91327100,0.745,49838100,0.744,25948000,0.749,90509100,0.750,119663200,0.751,60428800,0.752,46807000,0.753,38115800,99999,99999,0
sh513130,09:36:11,1769650575438,,0.8899,0.0,0.749,0.7494,-0.0534,521700,390567,0.7486,0.748,71133500,0.747,107184000,0.746,91330300,0.745,49898600,0.744,25998000,0.749,76918300,0.750,134710400,0.751,60546800,0.752,46807000,0.753,38115800,99999,99999,0
sh513130,09:36:14,1769650576430,,0.8899,0.0,0.748,0.7494,-0.1868,795700,595392,0.7483,0.748,117740600,0.747,107302800,0.746,91559000,0.745,49957200,0.744,26006700,0.749,61747900,0.750,134666700,0.751,75546800,0.752,46805500,0.753,38115800,99999,99999,0
sh513130,09:36:17,1769650581667,,0.8899,0.0,0.748,0.7488,-0.1068,1710800,1280932,0.7487,0.748,92813700,0.747,107580900,0.746,91619000,0.745,50060200,0.744,26016700,0.749,74714900,0.750,134537300,0.751,61511500,0.752,44954100,0.753,38115800,99999,99999,0
sh513130,09:36:20,1769650584416,,0.8899,0.0,0.749,0.7488,0.0267,708400,530057,0.7482,0.748,74413600,0.747,107665400,0.746,91629000,0.745,50123200,0.744,26353700,0.749,74844700,0.750,134684500,0.751,61522200,0.752,45116300,0.753,38115800,99999,99999,0
sh513130,09:36:23,1769650585646,,0.8899,0.0,0.749,0.7494,-0.0534,794200,594357,0.7484,0.748,94012900,0.747,107665400,0.746,91689000,0.745,50324200,0.744,26356900,0.749,75006500,0.750,133694500,0.751,61517200,0.752,45116300,0.753,38135800,99999,99999,0
sh513130,09:36:20,1769650586193,,0.8899,0.0,0.749,0.7488,0.0267,0,0,0.749,0.748,74413600,0.747,107665400,0.746,91629000,0.745,50123200,0.744,26353700,0.749,74844700,0.750,134684500,0.751,61522200,0.752,45116300,0.753,38115800,99999,99999,2
sh513130,09:36:23,1769650587176,,0.8899,9.4389,0.749,0.7494,-0.0534,0,0,0.749,0.748,94012900,0.747,107665400,0.746,91689000,0.745,50324200,0.744,26356900,0.749,75006500,0.750,133694500,0.751,61517200,0.752,45116300,0.753,38135800,99999,99999,0
sh513130,09:36:26,1769650589426,,0.8899,8.6685,0.749,0.7494,-0.0534,374100,280081,0.7487,0.748,94206500,0.747,108314600,0.746,91787600,0.745,50296200,0.744,26383500,0.749,75057500,0.750,134748200,0.751,61131900,0.752,45116300,0.753,37991100,99999,99999,0
sh513130,09:36:29,1769650591190,,0.8899,7.4873,0.749,0.7494,-0.0534,584100,437160,0.7484,0.748,120170500,0.747,108516400,0.746,90897600,0.745,50339200,0.744,26394500,0.749,60190900,0.750,133861400,0.751,76041900,0.752,45013900,0.753,37994100,99999,99999,0
sh513130,09:36:32,1769650596509,,0.8899,6.4627,0.749,0.7488,0.0267,661000,494540,0.7482,0.748,122673500,0.747,108523400,0.746,90902600,0.745,50357100,0.744,26553100,0.749,58207600,0.750,135460800,0.751,76046000,0.752,45083200,0.753,37994100,99999,99999,0
sh513130,09:36:35,1769650600928,,0.8899,6.549,0.748,0.7488,-0.1068,494600,370238,0.7486,0.748,125035900,0.747,108660800,0.746,90912600,0.745,50367100,0.744,26557100,0.749,59027400,0.750,136416300,0.751,77036000,0.752,45083200,0.753,37994100,99999,99999,0
sh513130,09:36:38,1769650601018,,0.8899,6.549,0.749,0.7488,0.0267,1309000,979624,0.7484,0.748,110264600,0.747,108661800,0.746,92004600,0.745,50554200,0.744,26567100,0.749,74628600,0.750,136749600,0.751,61117700,0.752,45098200,0.753,38015100,99999,99999,0
sh513130,09:36:41,1769650606341,,0.8899,4.0516,0.749,0.7488,0.0267,297800,222875,0.7484,0.748,110364500,0.747,108796000,0.746,92018600,0.745,50631100,0.744,26567100,0.749,74928200,0.750,136749400,0.751,61123700,0.752,45098200,0.753,38016300,99999,99999,0
sh513130,09:36:44,1769650606433,,0.8899,4.0516,0.749,0.7488,0.0267,7580800,5671865,0.7482,0.748,91362900,0.747,108934700,0.746,92330300,0.745,50641100,0.744,26881400,0.749,77379100,0.750,136389200,0.751,61123700,0.752,45073500,0.753,38065700,99999,99999,0
sh513130,09:36:47,1769650611770,,0.8899,4.7946,0.749,0.7488,0.0267,687700,514811,0.7486,0.748,117252200,0.747,109056900,0.746,92390800,0.745,50686100,0.744,26921400,0.749,78351500,0.750,136393200,0.751,61123700,0.752,45073500,0.753,37917700,99999,99999,0
sh513130,09:36:50,1769650613083,,0.8899,4.2727,0.749,0.7488,0.0267,2248400,1682047,0.7481,0.748,71845400,0.747,109227800,0.746,91429200,0.745,50987500,0.744,26924400,0.749,78409100,0.750,136076000,0.751,61145900,0.752,45073500,0.753,37917700,99999,99999,0
sh513130,09:36:53,1769650617198,,0.8899,2.3643,0.749,0.7488,0.0267,550100,411911,0.7488,0.748,70460200,0.747,109497500,0.746,92421200,0.745,51002500,0.744,26934400,0.749,94727200,0.750,120592700,0.751,60157200,0.752,45074100,0.753,37917700,99999,99999,0
sh513130,09:36:56,1769650618807,,0.8899,2.0683,0.749,0.7488,0.0267,5951400,4451885,0.748,0.748,59413600,0.747,109417500,0.746,92475200,0.745,51070400,0.744,26779400,0.749,80206200,0.750,135592700,0.751,60157200,0.752,42587400,0.753,37917700,99999,99999,0
sh513130,09:36:59,1769650621692,,0.8899,2.7611,0.749,0.7488,0.0267,670400,501982,0.7488,0.748,59797200,0.747,109456400,0.746,92485200,0.745,51140400,0.744,26800400,0.749,94946200,0.750,120655600,0.751,59118200,0.752,43416300,0.753,37917700,99999,99999,0
sh513130,09:37:02,1769650624792,,0.8899,1.915,0.749,0.7488,0.0267,9979600,7465008,0.748,0.748,50233500,0.747,109585400,0.746,92485200,0.745,51186400,0.744,26805500,0.749,81274900,0.750,135557600,0.751,59111200,0.752,44260200,0.753,37917700,99999,99999,0
sh513130,09:37:05,1769650630334,,0.0,2.1551,0.748,0.7488,-0.1068,647700,484640,0.7482,0.748,59061500,0.747,109646300,0.746,92511200,0.745,52265400,0.744,26806500,0.749,97988200,0.750,120757600,0.751,59111200,0.752,45139100,0.753,37457700,99999,99999,0
sh513130,09:37:08,1769650631412,,0.0,5.5333,0.748,0.7488,-0.1068,4630200,3463535,0.748,0.748,75908100,0.747,109688100,0.746,92550000,0.745,51338600,0.744,26806500,0.749,81733200,0.750,136777600,0.751,60301200,0.752,45139100,0.753,37457700,99999,99999,0
sh513130,09:37:11,1769650634420,,0.8899,4.0438,0.748,0.7488,-0.1068,160600,120219,0.7486,0.748,105221800,0.747,109754400,0.746,91536400,0.745,51394500,0.744,26807500,0.749,82278400,0.750,137677100,0.751,60301200,0.752,45139100,0.753,37457700,99999,99999,0
sh513130,09:37:14,1769650637462,,0.8899,5.3021,0.749,0.7488,0.0267,1391900,1041243,0.7481,0.748,105969700,0.747,109897300,0.746,91017900,0.745,51989700,0.744,26797500,0.749,66431100,0.750,137126800,0.751,76291200,0.752,45139100,0.753,37487900,99999,99999,0
sh513130,09:37:17,1769650640429,,0.8899,6.2288,0.749,0.7488,0.0267,2283300,1709103,0.7485,0.748,105719300,0.747,110575600,0.746,91062900,0.745,51990700,0.744,26797500,0.749,24438700,0.750,139611000,0.751,77381200,0.752,50181100,0.753,37487900,99999,99999,0
sh513130,09:37:20,1769650643421,,0.8899,6.4452,0.749,0.7488,0.0267,23803600,17826975,0.7489,0.748,107283100,0.747,110614200,0.746,90148700,0.745,52071700,0.744,26797500,0.749,2011700,0.750,115161000,0.751,92391200,0.752,55321100,0.753,37487900,99999,99999,0
sh513130,09:37:23,1769650645646,,0.8899,7.2855,0.749,0.7488,0.0267,4032800,3020567,0.749,0.749,40585100,0.748,108401000,0.747,107346900,0.746,87354900,0.745,52046700,0.750,100205700,0.751,91391900,0.752,71150000,0.753,37450400,0.754,39692300,99999,99999,0
sh513130,09:37:26,1769650648748,,0.8899,7.3314,0.749,0.7494,-0.0534,8258400,6185542,0.749,0.749,82321100,0.748,106700500,0.747,108562800,0.746,87375000,0.745,52306300,0.750,100086100,0.751,92391900,0.752,73959000,0.753,37450400,0.754,39692300,99999,99999,0
sh513130,09:37:23,1769650648834,,0.8899,7.3314,0.749,0.7488,0.0267,0,0,0.749,0.749,40585100,0.748,108401000,0.747,107346900,0.746,87354900,0.745,52046700,0.750,100205700,0.751,91391900,0.752,71150000,0.753,37450400,0.754,39692300,99999,99999,2
sh513130,09:37:26,1769650649861,,0.8899,7.2437,0.749,0.7494,-0.0534,0,0,0.749,0.749,82321100,0.748,106700500,0.747,108562800,0.746,87375000,0.745,52306300,0.750,100086100,0.751,92391900,0.752,73959000,0.753,37450400,0.754,39692300,99999,99999,0
sh513130,09:37:29,1769650654172,,0.8899,5.4343,0.749,0.7494,-0.0534,1576400,1180724,0.749,0.749,77601300,0.748,108355100,0.747,109072700,0.746,93832500,0.745,52822900,0.750,94453100,0.751,96465900,0.752,76382900,0.753,45110800,0.754,40292300,99999,99999,0
sh513130,09:37:32,1769650655269,,0.8899,3.4144,0.749,0.7501,-0.1466,2370600,1775609,0.749,0.749,83030700,0.748,108444700,0.747,108066000,0.746,88894500,0.745,52867600,0.750,74566500,0.751,96465900,0.752,103209200,0.753,47110800,0.754,40301300,99999,99999,0
sh513130,09:37:35,1769650658281,,0.8899,3.5081,0.75,0.7501,-0.0133,609300,456411,0.7491,0.749,84709100,0.748,109068700,0.747,107995000,0.746,89003100,0.745,52812700,0.750,58542700,0.751,96965900,0.752,104038100,0.753,52110800,0.754,40301300,99999,99999,0
sh513130,09:37:41,1769650665910,,0.0,3.7931,0.75,0.7501,-0.0133,42076400,31556007,0.75,0.749,88754700,0.748,108983600,0.747,95103600,0.746,69984400,0.745,52775000,0.750,16521900,0.751,74982800,0.752,125954000,0.753,53424800,0.754,40301300,99999,99999,0
sh513130,09:37:44,1769650668112,,0.8899,3.7931,0.749,0.7501,-0.1466,15158200,11367132,0.7499,0.749,83134600,0.748,109678800,0.747,95222800,0.746,69981100,0.745,52852200,0.750,672800,0.751,74999100,0.752,126815400,0.753,53443400,0.754,40301300,99999,99999,0
sh513130,09:37:47,1769650669201,,0.8899,3.6948,0.75,0.7508,-0.1066,9404200,7053150,0.75,0.750,48862300,0.749,85863000,0.748,109899300,0.747,92172500,0.746,69984100,0.751,80221200,0.752,126868600,0.753,53443400,0.754,40401300,0.755,34193500,99999,99999,0
sh513130,09:37:50,1769650673512,,0.8899,6.5576,0.75,0.7508,-0.1066,5256300,3942251,0.75,0.750,46632000,0.749,86510200,0.748,113937000,0.747,92172500,0.746,69824100,0.751,84065700,0.752,129989300,0.753,54272500,0.754,40411600,0.755,34793500,99999,99999,0
sh513130,09:37:53,1769650677926,,0.8899,5.9335,0.751,0.7508,0.0266,1440400,1080328,0.75,0.750,50295700,0.749,87273000,0.748,113866000,0.747,92259400,0.746,69806200,0.751,86055000,0.752,131469400,0.753,55110300,0.754,40431600,0.755,34793500,99999,99999,0
sh513130,09:37:59,1769650682331,,0.8899,4.7361,0.751,0.7508,0.0266,1121800,842099,0.7507,0.750,66134500,0.749,87462700,0.748,102341200,0.747,72922400,0.746,69729700,0.751,83236500,0.752,130832600,0.753,57594100,0.754,40416700,0.755,34793500,99999,99999,0
sh513130,09:38:02,1769650684862,,0.8899,4.9078,0.751,0.7508,0.0266,444300,333606,0.7509,0.750,69234500,0.749,88003400,0.748,102802000,0.747,68160400,0.746,69617000,0.751,69134800,0.752,130577600,0.753,73422200,0.754,44416700,0.755,34791700,99999,99999,0
sh513130,09:38:05,1769650687847,,0.8899,5.2321,0.751,0.7508,0.0266,2772700,2081076,0.7506,0.750,71581000,0.749,89242400,0.748,103406500,0.747,68090400,0.746,69562600,0.751,76177900,0.752,131793900,0.753,60194500,0.754,44416700,0.755,34811700,99999,99999,0
sh513130,09:38:08,1769650690938,,0.8899,3.8877,0.75,0.7509,-0.1199,700400,525915,0.7509,0.750,71659000,0.749,89494000,0.748,103643800,0.747,68092000,0.746,69421300,0.751,83036000,0.752,131773500,0.753,59966700,0.754,44456700,0.755,34838900,99999,99999,0
sh513130,09:38:11,1769650695338,,0.8899,4.0739,0.751,0.7509,0.0133,1252900,939924,0.7502,0.750,74148600,0.749,90631900,0.748,101502800,0.747,68035800,0.746,69487300,0.751,85337000,0.752,132937200,0.753,60661200,0.754,44456700,0.755,34838900,99999,99999,0
sh513130,09:38:14,1769650697679,,0.8899,3.0611,0.751,0.7509,0.0133,1632500,1225008,0.7504,0.750,49425100,0.749,90381200,0.748,101649200,0.747,70981800,0.746,69487300,0.751,86995300,0.752,136420000,0.753,61489200,0.754,44562500,0.755,34838900,99999,99999,0
sh513130,09:38:17,1769650700760,,0.8899,2.8557,0.751,0.7509,0.0133,573800,430755,0.7507,0.750,51601600,0.749,91029500,0.748,101960600,0.747,75920600,0.746,69437300,0.751,87460000,0.752,137453400,0.753,62317200,0.754,44562500,0.755,34863900,99999,99999,0
sh513130,09:38:20,1769650702091,,0.8899,3.0643,0.75,0.7509,-0.1199,36057400,27044660,0.75,0.750,893400,0.749,93080400,0.748,102053100,0.747,75126100,0.746,69437300,0.751,103450800,0.752,122553400,0.753,63256100,0.754,44562500,0.755,34879400,99999,99999,0
sh513130,09:38:23,1769650706064,,0.8899,2.6526,0.75,0.7509,-0.1199,14132900,10600320,0.75,0.750,583100,0.749,95375900,0.748,103029800,0.747,75121400,0.746,69232000,0.751,101689300,0.752,120133400,0.753,63420900,0.754,44562500,0.755,34879400,99999,99999,0
sh513130,09:38:26,1769650709376,,0.8899,1.4655,0.75,0.7509,-0.1199,1400900,1050675,0.75,0.749,95327600,0.748,103157700,0.747,75141200,0.746,69332000,0.745,52763900,0.750,87224000,0.751,92171400,0.752,97374400,0.753,50448100,0.754,44522500,99999,99999,0
sh513130,09:38:32,1769650714808,,0.8899,1.2249,0.75,0.7503,-0.04,14193800,10644879,0.75,0.749,96879400,0.748,103327300,0.747,75621300,0.746,69320500,0.745,52941300,0.750,9702800,0.751,94981500,0.752,114484400,0.753,50448100,0.754,44522500,99999,99999,0
sh513130,09:38:35,1769650720027,,0.8899,3.0721,0.75,0.7503,-0.04,4410900,3308117,0.75,0.749,97247700,0.748,103312200,0.747,75708900,0.746,69351500,0.745,52946300,0.750,4407200,0.751,97159600,0.752,114540800,0.753,50470900,0.754,44522500,99999,99999,0
sh513130,09:38:38,1769650721131,,0.8899,3.0721,0.75,0.7509,-0.1199,1230900,923107,0.7499,0.749,98351600,0.748,103725000,0.747,75901700,0.746,69351600,0.745,52976300,0.750,4247500,0.751,98967600,0.752,114555800,0.753,50471700,0.754,44522500,99999,99999,0
sh513130,09:38:44,1769650726450,,0.8899,2.7226,0.75,0.7509,-0.1199,4361600,3271013,0.75,0.750,2914000,0.749,98275400,0.748,105901500,0.747,75964000,0.746,69394700,0.751,95847400,0.752,114493300,0.753,50761700,0.754,44610500,0.755,34644500,99999,99999,0
sh513130,09:38:41,1769650726538,,0.8899,2.7226,0.75,0.7509,-0.1199,0,0,0.75,0.749,97485300,0.748,103936000,0.747,75945400,0.746,69351700,0.745,52986300,0.750,3282100,0.751,99883800,0.752,114555800,0.753,50531700,0.754,44560500,99999,99999,2
sh513130,09:38:44,1769650727982,,0.8899,5.9363,0.75,0.7509,-0.1199,0,0,0.75,0.750,2914000,0.749,98275400,0.748,105901500,0.747,75964000,0.746,69394700,0.751,95847400,0.752,114493300,0.753,50761700,0.754,44610500,0.755,34644500,99999,99999,0
sh513130,09:38:47,1769650730531,,0.8899,5.9363,0.75,0.7509,-0.1199,293600,220203,0.75,0.750,42392700,0.749,96622600,0.748,105461400,0.747,76008800,0.746,69409100,0.751,79030900,0.752,130518000,0.753,51589600,0.754,44617500,0.755,35254500,99999,99999,0
sh513130,09:38:50,1769650734875,,0.8899,5.728,0.75,0.7509,-0.1199,253200,189901,0.75,0.750,66846500,0.749,96921700,0.748,104896900,0.747,71007200,0.746,69410500,0.751,82149800,0.752,129559200,0.753,53437500,0.754,44717500,0.755,35294500,99999,99999,0
sh513130,09:38:56,1769650740302,,0.8899,5.4231,0.751,0.7509,0.0133,1610100,1208736,0.7507,0.750,73008100,0.749,97449800,0.748,103204300,0.747,68111400,0.746,69326800,0.751,29197200,0.752,124250800,0.753,97080900,0.754,49744100,0.755,35323500,99999,99999,0
sh513130,09:39:02,1769650745714,,0.8899,3.3749,0.751,0.7515,-0.0665,21958400,16490640,0.751,0.750,76964700,0.749,100097900,0.748,103068400,0.747,68116900,0.746,68727700,0.751,225600,0.752,122847400,0.753,109706100,0.754,53928700,0.755,35477000,99999,99999,0
sh513130,09:39:08,1769650750125,,0.8899,1.9236,0.751,0.7515,-0.0665,1917700,1439724,0.7508,0.750,77097200,0.749,101796100,0.748,105886400,0.747,68291600,0.746,69383200,0.751,71925600,0.752,119493500,0.753,94346100,0.754,44840600,0.755,35620900,99999,99999,0
sh513130,09:39:05,1769650750214,,0.8899,1.9236,0.751,0.7515,-0.0665,0,0,0.751,0.750,77356000,0.749,101780000,0.748,102801200,0.747,68234700,0.746,69329700,0.751,55980300,0.752,119379200,0.753,109346100,0.754,44840600,0.755,35477000,99999,99999,2
sh513130,09:39:08,1769650752445,,0.8899,1.9236,0.751,0.7515,-0.0665,0,0,0.751,0.750,77097200,0.749,101796100,0.748,105886400,0.747,68291600,0.746,69383200,0.751,71925600,0.752,119493500,0.753,94346100,0.754,44840600,0.755,35620900,99999,99999,0
sh513130,09:39:11,1769650755547,,0.8899,1.8002,0.751,0.7515,-0.0665,2596200,1949642,0.751,0.750,79980900,0.749,102242600,0.748,106143300,0.747,68301600,0.746,68955300,0.751,2754900,0.752,108031800,0.753,123346100,0.754,49840600,0.755,36134900,99999,99999,0
sh513130,09:39:14,1769650756866,,0.8899,1.8349,0.751,0.7515,-0.0665,2423300,1819882,0.751,0.750,83331400,0.749,102372200,0.748,106133900,0.747,70213400,0.746,68835300,0.751,28744700,0.752,119892700,0.753,109174000,0.754,47840600,0.755,36134900,99999,99999,0
sh513130,09:39:17,1769650760838,,0.8899,1.9995,0.751,0.7515,-0.0665,460300,345588,0.7508,0.750,85487700,0.749,102458200,0.748,106199700,0.747,70178100,0.746,68883300,0.751,13119200,0.752,123085800,0.753,110001900,0.754,49840600,0.755,36184900,99999,99999,0
sh513130,09:39:20,1769650763045,,0.8899,2.0329,0.751,0.7515,-0.0665,6005700,4510278,0.751,0.751,32009100,0.750,85899700,0.749,101615800,0.748,106071800,0.747,70129200,0.752,108877700,0.753,126132200,0.754,54840600,0.755,36184900,0.756,18931100,99999,99999,0
sh513130,09:39:23,1769650767393,,0.8899,1.8353,0.751,0.7515,-0.0665,422200,317072,0.751,0.751,25893000,0.750,86022900,0.749,105008300,0.748,105979200,0.747,70122600,0.752,107910500,0.753,126132200,0.754,56657400,0.755,40233500,0.756,18932100,99999,99999,0
sh513130,09:39:26,1769650770378,,0.8899,2.5388,0.752,0.7515,0.0665,38200,28702,0.7514,0.751,59339100,0.750,87185700,0.749,104822200,0.748,103034200,0.747,69985200,0.752,108050700,0.753,127624400,0.754,57434300,0.755,40303500,0.756,19132100,99999,99999,0
sh513130,09:39:29,1769650771393,,0.8899,9.3532,0.751,0.7515,-0.0665,440200,330838,0.7516,0.751,62274200,0.750,87688200,0.749,104343600,0.748,103072100,0.747,69999200,0.752,73461200,0.753,127624400,0.754,98246500,0.755,40303500,0.756,19132100,99999,99999,0
sh513130,09:39:32,1769650774390,,0.8899,8.4398,0.752,0.7515,0.0665,215100,161658,0.7515,0.751,71211800,0.750,88056000,0.749,103236500,0.748,79101400,0.747,69946200,0.752,89255700,0.753,127523600,0.754,100063400,0.755,40328500,0.756,19132100,99999,99999,0
sh513130,09:39:29,1769650775379,,0.8899,8.4398,0.751,0.7515,-0.0665,0,0,0.751,0.751,62274200,0.750,87688200,0.749,104343600,0.748,103072100,0.747,69999200,0.752,73461200,0.753,127624400,0.754,98246500,0.755,40303500,0.756,19132100,99999,99999,2
sh513130,09:39:32,1769650776144,,0.8899,7.181,0.752,0.7515,0.0665,0,0,0.752,0.751,71211800,0.750,88056000,0.749,103236500,0.748,79101400,0.747,69946200,0.752,89255700,0.753,127523600,0.754,100063400,0.755,40328500,0.756,19132100,99999,99999,0
sh513130,09:39:35,1769650777146,,0.8899,7.181,0.752,0.7515,0.0665,1160500,872515,0.7518,0.751,74843400,0.750,88264100,0.749,90107900,0.748,79017000,0.747,69882600,0.752,89750500,0.753,127773600,0.754,99900200,0.755,40328500,0.756,19262500,99999,99999,0
sh513130,09:39:38,1769650782148,,0.8899,3.5748,0.752,0.7522,-0.0266,472900,355565,0.7519,0.751,75500800,0.750,88188200,0.749,90128600,0.748,79496500,0.747,69878300,0.752,104724700,0.753,127805300,0.754,85977000,0.755,40328500,0.756,18812500,99999,99999,0
sh513130,09:39:41,1769650784156,,0.8899,1.7789,0.752,0.7522,-0.0266,1213100,911983,0.7518,0.751,74773600,0.750,88416000,0.749,90870900,0.748,79400500,0.747,69887200,0.752,63524900,0.753,129302300,0.754,101803800,0.755,42331500,0.756,18812500,99999,99999,0
sh513130,09:39:44,1769650786272,,0.8899,0.5306,0.751,0.7522,-0.1595,1349700,1014009,0.7513,0.751,74795000,0.750,88251000,0.749,89908200,0.748,79335900,0.747,71029300,0.752,71186900,0.753,129335300,0.754,103630600,0.755,40356500,0.756,18791900,99999,99999,0
sh513130,09:39:47,1769650789154,,0.8899,1.2632,0.752,0.7522,-0.0266,4904100,3686794,0.7518,0.751,75096200,0.750,88683500,0.749,88813600,0.748,79260900,0.747,70990000,0.752,34699200,0.753,109244900,0.754,123891600,0.755,50356500,0.756,18791900,99999,99999,0
sh513130,09:39:50,1769650793128,,0.8899,0.9868,0.751,0.7522,-0.1595,2740000,2060209,0.7519,0.751,75857800,0.750,88608000,0.749,88820300,0.748,78998800,0.747,70114000,0.752,27954700,0.753,110487000,0.754,124718400,0.755,50356500,0.756,18775300,99999,99999,0
sh513130,09:39:53,1769650797385,,0.8899,3.8986,0.752,0.7522,-0.0266,953700,717180,0.752,0.751,77108700,0.750,88739700,0.749,88710700,0.748,78972100,0.747,70090100,0.752,35700500,0.753,125805600,0.754,110625200,0.755,50380000,0.756,18775300,99999,99999,0
sh513130,09:39:56,1769650800086,,0.8899,3.5876,0.752,0.7528,-0.1063,1677700,1261465,0.7519,0.751,77538100,0.750,89010400,0.749,88756700,0.748,78977500,0.747,70088100,0.752,37650200,0.753,126202100,0.754,111532000,0.755,50380000,0.756,18775300,99999,99999,0
sh513130,09:39:59,1769650802099,,0.8899,1.2491,0.752,0.7528,-0.1063,885800,665938,0.7518,0.751,78261600,0.750,89274900,0.749,88952500,0.748,79161100,0.747,69993800,0.752,72938400,0.753,119816600,0.754,112374200,0.755,45483100,0.756,18835300,99999,99999,0
sh513130,09:40:02,1769650806093,,0.8899,3.3736,0.752,0.7528,-0.1063,1196500,899736,0.752,0.751,75572800,0.750,89563500,0.749,89968800,0.748,79313500,0.747,70083900,0.752,45639800,0.753,121713500,0.754,112374200,0.755,43723100,0.756,18985300,99999,99999,0
sh513130,09:40:05,1769650808341,,0.8899,3.2561,0.752,0.7528,-0.1063,1199000,901531,0.7519,0.751,77382700,0.750,90194500,0.749,88682300,0.748,79774100,0.747,70044200,0.752,77335500,0.753,123141400,0.754,112384200,0.755,40723100,0.756,18987100,99999,99999,0
sh513130,09:40:08,1769650811118,,0.8899,3.6489,0.751,0.7522,-0.1595,1092000,821021,0.7519,0.751,78905800,0.750,90853000,0.749,88674500,0.748,79634900,0.747,69942600,0.752,76572600,0.753,123904300,0.754,112369800,0.755,40753100,0.756,18987100,99999,99999,0
sh513130,09:40:11,1769650814129,,0.8899,5.6467,0.751,0.7522,-0.1595,287800,216385,0.7519,0.751,79323700,0.750,91718400,0.749,88673700,0.748,79472800,0.747,69842600,0.752,56849900,0.753,120686800,0.754,112469800,0.755,45751100,0.756,18997100,99999,99999,0
sh513130,09:40:14,1769650818144,,0.8899,4.8284,0.752,0.7522,-0.0266,744200,559329,0.7516,0.751,79416400,0.750,91920800,0.749,88673700,0.748,79999000,0.747,69825600,0.752,47114800,0.753,120910000,0.754,112548100,0.755,43751100,0.756,19008100,99999,99999,0
sh513130,09:40:17,1769650820159,,0.8899,3.3302,0.752,0.7522,-0.0266,228000,171413,0.7518,0.751,79625300,0.750,90997900,0.749,88595400,0.748,79915200,0.747,69808300,0.752,47504200,0.753,120980000,0.754,112548100,0.755,45147600,0.756,19128900,99999,99999,0
sh513130,09:40:20,1769650824138,,0.8899,4.3455,0.752,0.7522,-0.0266,26638300,20031954,0.752,0.751,79404100,0.750,88113500,0.749,88685400,0.748,79894200,0.747,69801800,0.752,882200,0.753,113585800,0.754,127548100,0.755,52973300,0.756,19128900,99999,99999,0
sh513130,09:40:23,1769650827155,,0.8899,3.9002,0.752,0.7522,-0.0266,4486200,3373622,0.752,0.752,4996300,0.751,78846500,0.750,93479800,0.749,88572000,0.748,80059300,0.753,127569100,0.754,115079400,0.755,53928500,0.756,23156100,0.757,21436800,99999,99999,0
sh513130,09:40:26,1769650830125,,0.8899,1.4855,0.752,0.7528,-0.1063,7374400,5545216,0.752,0.751,79693000,0.750,94491300,0.749,87796500,0.748,79910100,0.747,69886200,0.752,59373200,0.753,120327700,0.754,111109400,0.755,49775200,0.756,23156100,99999,99999,0
sh513130,09:40:29,1769650832120,,0.8899,1.2082,0.752,0.7528,-0.1063,1340300,1007905,0.752,0.751,78564300,0.750,94845300,0.749,89786100,0.748,79928100,0.747,69786200,0.752,40880900,0.753,120660500,0.754,112099400,0.755,53651200,0.756,23156100,99999,99999,0
sh513130,09:40:32,1769650835114,,0.8899,1.033,0.752,0.7528,-0.1063,1284700,966001,0.7519,0.751,79673900,0.750,94641500,0.749,89757000,0.748,79910400,0.747,69792600,0.752,17903400,0.753,121675900,0.754,111099400,0.755,56476900,0.756,23356100,99999,99999,0
sh513130,09:40:35,1769650839124,,0.8899,2.5765,0.752,0.7528,-0.1063,7321600,5505796,0.752,0.751,80436600,0.750,95446400,0.749,90141600,0.748,80105100,0.747,69775600,0.752,51662100,0.753,120680900,0.754,111589400,0.755,49304600,0.756,23356100,99999,99999,0
sh513130,09:40:38,1769650841255,,0.8899,2.8494,0.752,0.7528,-0.1063,1526100,1147622,0.752,0.751,80887900,0.750,95953800,0.749,89950300,0.748,80143200,0.747,69780600,0.752,38892900,0.753,121202200,0.754,110767600,0.755,51130300,0.756,23356100,99999,99999,0
sh513130,09:40:41,1769650843138,,0.8899,2.9435,0.752,0.7528,-0.1063,2607900,1960683,0.7518,0.751,80521200,0.750,98004000,0.749,88866000,0.748,80275800,0.747,69729100,0.752,6035400,0.753,129759200,0.754,112266900,0.755,53961000,0.756,23382900,99999,99999,0
sh513130,09:40:44,1769650846118,,0.8899,4.2289,0.752,0.7528,-0.1063,3464600,2605337,0.752,0.751,81929500,0.750,99032500,0.749,88962000,0.748,80056400,0.747,69739900,0.752,19551700,0.753,129709200,0.754,112371800,0.755,54794700,0.756,23392900,99999,99999,0
sh513130,09:40:47,1769650850131,,0.8899,2.0278,0.751,0.7528,-0.2391,1707800,1283781,0.7517,0.751,80486900,0.750,99188900,0.749,89978100,0.748,80106400,0.747,69739900,0.752,42878300,0.753,121854200,0.754,111954300,0.755,53606200,0.756,23392900,99999,99999,0
sh513130,09:40:50,1769650853124,,0.8899,1.923,0.752,0.7528,-0.1063,1905100,1432633,0.752,0.751,82028100,0.750,99248700,0.749,89981800,0.748,80107900,0.747,69659900,0.752,34322700,0.753,122238800,0.754,111954300,0.755,56465100,0.756,24017800,99999,99999,0
sh513130,09:40:53,1769650856331,,0.8899,3.0533,0.752,0.7528,-0.1063,516700,388352,0.7516,0.751,82646500,0.750,99925100,0.749,89896900,0.748,80010000,0.747,69659900,0.752,19941400,0.753,130598900,0.754,113141000,0.755,56561500,0.756,24017800,99999,99999,0
sh513130,09:40:56,1769650859133,,0.8899,4.2137,0.752,0.7528,-0.1063,4024000,3025002,0.7517,0.751,82701100,0.750,99856800,0.749,88820500,0.748,80040800,0.747,69659900,0.752,39725800,0.753,121674500,0.754,112944300,0.755,58577200,0.756,24020800,99999,99999,0
sh513130,09:40:59,1769650862127,,0.8899,3.8247,0.752,0.7528,-0.1063,2049700,1541102,0.7519,0.751,81879500,0.750,100017800,0.749,89861200,0.748,80007500,0.747,69659900,0.752,56958600,0.753,122514500,0.754,111954300,0.755,53705700,0.756,25120800,99999,99999,0
sh513130,09:41:02,1769650864136,,0.8899,4.0709,0.751,0.7528,-0.2391,1134800,853290,0.7519,0.751,84118900,0.750,100172300,0.749,88894800,0.748,80017500,0.747,69659900,0.752,33176200,0.753,122801700,0.754,111954300,0.755,56534700,0.756,25120800,99999,99999,0
sh513130,09:40:59,1769650865122,,0.8899,3.9985,0.752,0.7528,-0.1063,0,0,0.752,0.751,81879500,0.750,100017800,0.749,89861200,0.748,80007500,0.747,69659900,0.752,56958600,0.753,122514500,0.754,111954300,0.755,53705700,0.756,25120800,99999,99999,2
sh513130,09:41:02,1769650866121,,0.8899,6.5612,0.751,0.7528,-0.2391,0,0,0.751,0.751,84118900,0.750,100172300,0.749,88894800,0.748,80017500,0.747,69659900,0.752,33176200,0.753,122801700,0.754,111954300,0.755,56534700,0.756,25120800,99999,99999,0
sh513130,09:41:05,1769650868119,,0.8899,6.0485,0.752,0.7528,-0.1063,15523600,11673825,0.752,0.752,66986200,0.751,85243900,0.750,99249900,0.749,80960200,0.748,79980500,0.753,116079100,0.754,130691400,0.755,57359400,0.756,26124400,0.757,21668600,99999,99999,0
sh513130,09:41:08,1769650872147,,0.8899,5.1307,0.752,0.7528,-0.1063,1335000,1003920,0.752,0.752,65080500,0.751,86627100,0.750,99394800,0.749,81824100,0.748,78833000,0.753,116609800,0.754,130863400,0.755,59175100,0.756,26124400,0.757,21766900,99999,99999,0
sh513130,09:41:11,1769650874359,,0.8899,4.0897,0.752,0.7528,-0.1063,547900,412235,0.7524,0.752,68957600,0.751,86474600,0.750,99398900,0.749,79861200,0.748,78789700,0.753,116865700,0.754,132679400,0.755,60000800,0.756,27179400,0.757,21766900,99999,99999,0
sh513130,09:41:14,1769650877155,,0.8899,4.4952,0.752,0.7528,-0.1063,455500,342640,0.7522,0.752,71562200,0.751,86888400,0.750,99472900,0.749,60795100,0.748,78854600,0.753,118097500,0.754,134170700,0.755,59876500,0.756,27189400,0.757,21766900,99999,99999,0
sh513130,09:41:17,1769650880156,,0.8899,2.7357,0.753,0.7528,0.0266,250500,188442,0.7523,0.752,73439100,0.751,87044600,0.750,99517100,0.749,60794600,0.748,79424600,0.753,117164100,0.754,133246100,0.755,61687600,0.756,27189400,0.757,21766900,99999,99999,0
sh513130,09:41:20,1769650883137,,0.8899,2.6242,0.752,0.7528,-0.1063,1651200,1241867,0.7521,0.752,48989400,0.751,87142000,0.750,99568400,0.749,61931600,0.748,79233600,0.753,117400700,0.754,135879900,0.755,62521400,0.756,26189400,0.757,21776900,99999,99999,0
sh513130,09:41:23,1769650885143,,0.8899,1.6361,0.752,0.7528,-0.1063,18512300,13921343,0.752,0.751,87426700,0.750,100901500,0.749,64016900,0.748,79261000,0.747,69763000,0.752,18938900,0.753,133476300,0.754,121366200,0.755,61651700,0.756,24209400,99999,99999,0
sh513130,09:41:26,1769650889153,,0.8899,2.6653,0.752,0.7528,-0.1063,4485000,3372693,0.752,0.751,86250700,0.750,100966400,0.749,69264900,0.748,79454000,0.747,69587900,0.752,2923200,0.753,119352100,0.754,134985800,0.755,61754100,0.756,24214400,99999,99999,0
sh513130,09:41:29,1769650892135,,0.8899,5.3561,0.753,0.7528,0.0266,4481400,3371193,0.7523,0.752,9848800,0.751,86405000,0.750,100934500,0.749,69299000,0.748,79808200,0.753,118264200,0.754,135989300,0.755,61756600,0.756,25038500,0.757,21809900,99999,99999,0
sh513130,09:41:32,1769650895162,,0.8899,4.3254,0.752,0.7528,-0.1063,4280600,3220018,0.7522,0.752,31733600,0.751,84708900,0.750,101577000,0.749,61724800,0.748,79934100,0.753,118189600,0.754,136289300,0.755,62156600,0.756,25863100,0.757,22258200,99999,99999,0
sh513130,09:41:35,1769650898135,,0.8899,5.0073,0.753,0.7528,0.0266,1063900,801055,0.7529,0.752,39904900,0.751,85031000,0.750,100777400,0.749,61779700,0.748,80188000,0.753,117394300,0.754,136298800,0.755,62156600,0.756,26687700,0.757,22273200,99999,99999,0
sh513130,09:41:38,1769650901112,,0.8899,4.2637,0.753,0.7528,0.0266,374200,281739,0.7529,0.752,42694200,0.751,85925000,0.750,101111200,0.749,62791900,0.748,80193100,0.753,117162100,0.754,136198800,0.755,62358600,0.756,27379000,0.757,22423200,99999,99999,0
sh513130,09:41:41,1769650905114,,0.8899,4.3854,0.753,0.7528,0.0266,541500,407643,0.7528,0.752,14444200,0.751,86747200,0.750,101861000,0.749,65791700,0.748,80329300,0.753,117463200,0.754,136198800,0.755,63398600,0.756,27379000,0.757,22423200,99999,99999,0
sh513130,09:41:44,1769650907112,,0.8899,4.1182,0.753,0.7528,0.0266,1590400,1197451,0.7529,0.752,13141700,0.751,87132500,0.750,101816000,0.749,65807300,0.748,80493600,0.753,116471200,0.754,136198800,0.755,63401600,0.756,28381000,0.757,22423200,99999,99999,0
sh513130,09:41:47,1769650910109,,0.8899,2.8242,0.753,0.7528,0.0266,580600,437077,0.7528,0.752,47771400,0.751,86666400,0.750,101830200,0.749,70949500,0.748,80243600,0.753,116890700,0.754,136198800,0.755,63421600,0.756,29387100,0.757,22425200,99999,99999,0
sh513130,09:41:50,1769650913118,,0.8899,5.6612,0.753,0.7528,0.0266,936000,704753,0.7529,0.752,65458500,0.751,86751100,0.750,101789500,0.749,68005000,0.748,80244600,0.753,115600900,0.754,136208800,0.755,64521600,0.756,29387100,0.757,22425200,99999,99999,0
sh513130,09:41:53,1769650916099,,0.8899,4.5156,0.753,0.7528,0.0266,815700,614212,0.753,0.752,33993900,0.751,86856100,0.750,101800000,0.749,71210700,0.748,80558200,0.753,115158800,0.754,136308800,0.755,64571600,0.756,30387100,0.757,22425200,99999,99999,0
sh513130,09:41:56,1769650920090,,0.8899,4.3455,0.753,0.7528,0.0266,3437100,2585727,0.7523,0.752,14641900,0.751,86380100,0.750,101962000,0.749,71201100,0.748,80019200,0.753,132214900,0.754,122509700,0.755,63598700,0.756,31387100,0.757,22425200,99999,99999,0
sh513130,09:41:59,1769650922100,,0.8899,5.389,0.753,0.7528,0.0266,983800,740458,0.7527,0.752,15283500,0.751,86556500,0.750,102405500,0.749,71764900,0.748,79932200,0.753,131681800,0.754,122259700,0.755,63738700,0.756,32397100,0.757,22425200,99999,99999,0
sh513130,09:42:02,1769650925083,,0.8899,3.6779,0.753,0.7528,0.0266,5321700,4002886,0.7522,0.752,11202700,0.751,86604000,0.750,102420800,0.749,71798100,0.748,79933200,0.753,130932400,0.754,122298500,0.755,63838700,0.756,32423500,0.757,22575200,99999,99999,0
sh513130,09:42:05,1769650928069,,0.8899,6.5452,0.752,0.7528,-0.1063,8913800,6703744,0.7521,0.751,86345100,0.750,106428200,0.749,73750100,0.748,79904700,0.747,68446500,0.752,44628700,0.753,121139700,0.754,115343500,0.755,63840500,0.756,29191700,99999,99999,0
sh513130,09:42:08,1769650930071,,0.8899,5.2359,0.752,0.7528,-0.1063,5439900,4090779,0.752,0.751,85311400,0.750,106275100,0.749,74765100,0.748,79908700,0.747,68436500,0.752,3402200,0.753,129269700,0.754,119127200,0.755,64171800,0.756,29193700,99999,99999,0
sh513130,09:42:05,1769650931074,,0.8899,4.8786,0.752,0.7528,-0.1063,0,0,0.752,0.751,86345100,0.750,106428200,0.749,73750100,0.748,79904700,0.747,68446500,0.752,44628700,0.753,121139700,0.754,115343500,0.755,63840500,0.756,29191700,99999,99999,2
sh513130,09:42:08,1769650932089,,0.8899,3.9633,0.752,0.7528,-0.1063,0,0,0.752,0.751,85311400,0.750,106275100,0.749,74765100,0.748,79908700,0.747,68436500,0.752,3402200,0.753,129269700,0.754,119127200,0.755,64171800,0.756,29193700,99999,99999,0
sh513130,09:42:11,1769650933076,,0.8899,4.3861,0.752,0.7528,-0.1063,1448000,1088896,0.752,0.751,86391800,0.750,106341200,0.749,73890200,0.748,79898700,0.747,68548900,0.752,4643800,0.753,128448700,0.754,119147100,0.755,64121800,0.756,29193700,99999,99999,0
sh513130,09:42:08,1769650934066,,0.8899,3.5165,0.752,0.7528,-0.1063,0,0,0.752,0.751,85311400,0.750,106275100,0.749,74765100,0.748,79908700,0.747,68436500,0.752,3402200,0.753,129269700,0.754,119127200,0.755,64171800,0.756,29193700,99999,99999,2
sh513130,09:42:11,1769650935074,,0.8899,3.5165,0.752,0.7528,-0.1063,0,0,0.752,0.751,86391800,0.750,106341200,0.749,73890200,0.748,79898700,0.747,68548900,0.752,4643800,0.753,128448700,0.754,119147100,0.755,64121800,0.756,29193700,99999,99999,0
sh513130,09:42:14,1769650937062,,0.8899,3.7893,0.752,0.7528,-0.1063,5561400,4182132,0.752,0.751,87200800,0.750,106302300,0.749,73931500,0.748,79867400,0.747,68548900,0.752,15966500,0.753,120345300,0.754,114970300,0.755,64121800,0.756,29193700,99999,99999,0
sh513130,09:42:17,1769650939078,,0.8899,3.4069,0.752,0.7528,-0.1063,2874600,2162168,0.7522,0.751,87270300,0.750,106312600,0.749,73937500,0.748,79987900,0.747,68493900,0.752,33491800,0.753,121353300,0.754,116497800,0.755,64401700,0.756,29193700,99999,99999,0
sh513130,09:42:20,1769650943065,,0.8899,2.6791,0.751,0.7528,-0.2391,682400,512905,0.7516,0.751,87143200,0.750,106637900,0.749,74099900,0.748,80012900,0.747,68493900,0.752,38440900,0.753,121597300,0.754,115407800,0.755,59401700,0.756,29193700,99999,99999,0
sh513130,09:42:23,1769650947049,,0.8899,2.2643,0.752,0.7528,-0.1063,573800,431471,0.752,0.751,87332300,0.750,106908500,0.749,74102000,0.748,80025900,0.747,68494100,0.752,50708900,0.753,122119000,0.754,115451100,0.755,59404600,0.756,29193700,99999,99999,0
sh513130,09:42:26,1769650949057,,0.8899,2.0377,0.752,0.7528,-0.1063,171500,128959,0.7519,0.751,87595400,0.750,106851500,0.749,73997900,0.748,80157300,0.747,68506800,0.752,17569400,0.753,122270500,0.754,115216900,0.755,64414600,0.756,29193700,99999,99999,0
sh513130,09:42:29,1769650952073,,0.8899,3.6526,0.752,0.7528,-0.1063,602800,453241,0.7519,0.751,88254100,0.750,107296900,0.749,74100600,0.748,80246600,0.747,68516800,0.752,7004800,0.753,129761100,0.754,119127200,0.755,64444600,0.756,29193700,99999,99999,0
sh513130,09:42:32,1769650955075,,0.8899,2.1409,0.752,0.7528,-0.1063,3668900,2759013,0.752,0.752,6477700,0.751,88820600,0.750,106807500,0.749,73981500,0.748,80317000,0.753,114442000,0.754,135127200,0.755,64434600,0.756,30018300,0.757,22614800,99999,99999,0
sh513130,09:42:35,1769650958067,,0.8899,2.5857,0.752,0.7528,-0.1063,1678000,1261891,0.752,0.752,58666900,0.751,90490300,0.750,106896400,0.749,70581500,0.748,80257500,0.753,99299700,0.754,134127200,0.755,79438600,0.756,30842900,0.757,22614800,99999,99999,0
sh513130,09:42:38,1769650961074,,0.8899,4.4208,0.752,0.7528,-0.1063,178900,134536,0.752,0.752,64637500,0.751,90379700,0.750,105801700,0.749,65909700,0.748,80282300,0.753,114310100,0.754,135127200,0.755,65418600,0.756,31667600,0.757,22623000,99999,99999,0
sh513130,09:42:41,1769650965089,,0.8899,2.47,0.753,0.7529,0.0133,119700,90054,0.7523,0.752,37427900,0.751,90673300,0.750,106995400,0.749,69209700,0.748,80441200,0.753,114712200,0.754,135129800,0.755,65418600,0.756,32601300,0.757,22623000,99999,99999,0
sh513130,09:42:44,1769650967079,,0.8899,2.1539,0.752,0.7529,-0.1195,89200,67112,0.7524,0.752,65897800,0.751,90849500,0.750,106919400,0.749,66209800,0.748,80448200,0.753,114908300,0.754,134159800,0.755,65418600,0.756,32601300,0.757,22723000,99999,99999,0
sh513130,09:42:47,1769650969070,,0.8899,2.0711,0.752,0.7529,-0.1195,297500,223840,0.7524,0.752,67079100,0.751,90455800,0.750,107018400,0.749,66209800,0.748,80448200,0.753,100464900,0.754,134259800,0.755,65418600,0.756,32601300,0.757,22723000,99999,99999,0
sh513130,09:42:50,1769650973087,,0.8899,6.0363,0.752,0.7529,-0.1195,611900,460727,0.7529,0.752,68307100,0.751,91401600,0.750,106105400,0.749,66366600,0.748,80983200,0.753,100211600,0.754,134300800,0.755,80938200,0.756,32618300,0.757,22806000,99999,99999,0
sh513130,09:42:53,1769650977302,,0.8899,6.4507,0.752,0.7529,-0.1195,60400,45481,0.753,0.752,68698600,0.751,90412400,0.750,93237100,0.749,68542500,0.748,81003200,0.753,89444900,0.754,134845200,0.755,109399800,0.756,37014100,0.757,22806000,99999,99999,0
sh513130,09:42:56,1769650979100,,0.8899,5.484,0.752,0.7529,-0.1195,319100,240144,0.7526,0.752,70973100,0.751,90422800,0.750,92323200,0.749,68558400,0.748,81052100,0.753,90782900,0.754,134845200,0.755,110382500,0.756,35074100,0.757,22806000,99999,99999,0
sh513130,09:42:59,1769650982107,,0.8899,4.8506,0.753,0.7529,0.0133,777700,585488,0.7528,0.752,72912000,0.751,91449900,0.750,91254700,0.749,68556700,0.748,81053400,0.753,44477500,0.754,116150900,0.755,128842100,0.756,40074100,0.757,22806000,99999,99999,0
sh513130,09:43:02,1769650984326,,0.8899,3.1039,0.753,0.7529,0.0133,12680600,9548440,0.753,0.752,74850300,0.751,91661300,0.750,91307300,0.749,68787500,0.748,80805400,0.753,71479600,0.754,122712900,0.755,110372500,0.756,47174800,0.757,22806000,99999,99999,0
sh513130,09:42:59,1769650985089,,0.8899,3.1039,0.753,0.7529,0.0133,0,0,0.753,0.752,72912000,0.751,91449900,0.750,91254700,0.749,68556700,0.748,81053400,0.753,44477500,0.754,116150900,0.755,128842100,0.756,40074100,0.757,22806000,99999,99999,2
sh513130,09:43:02,1769650986244,,0.8899,3.7039,0.753,0.7529,0.0133,0,0,0.753,0.752,74850300,0.751,91661300,0.750,91307300,0.749,68787500,0.748,80805400,0.753,71479600,0.754,122712900,0.755,110372500,0.756,47174800,0.757,22806000,99999,99999,0
sh513130,09:43:05,1769650988088,,0.8899,3.5638,0.752,0.7529,-0.1195,1841800,1386749,0.7529,0.752,68873200,0.751,91879200,0.750,93386300,0.749,68798500,0.748,80839600,0.753,79205300,0.754,123545400,0.755,94382500,0.756,40125400,0.757,22811000,99999,99999,0
sh513130,09:43:08,1769650990084,,0.8899,3.6442,0.753,0.7535,-0.0664,776300,584352,0.7527,0.752,63469100,0.751,91932200,0.750,93454400,0.749,68803500,0.748,80794300,0.753,100665300,0.754,125372300,0.755,93392500,0.756,35375400,0.757,22811000,99999,99999,0
sh513130,09:43:11,1769650994072,,0.8899,0.3382,0.753,0.7529,0.0133,356000,267858,0.7524,0.752,62230500,0.751,91895100,0.750,93470300,0.749,70843500,0.748,80784300,0.753,101100700,0.754,126091700,0.755,93392500,0.756,35375400,0.757,22811000,99999,99999,0
sh513130,09:43:14,1769650997075,,0.8899,0.5251,0.753,0.7529,0.0133,779500,586962,0.753,0.752,68284500,0.751,91780300,0.750,94551700,0.749,69097900,0.748,80788300,0.753,100732800,0.754,126745700,0.755,93393000,0.756,35349000,0.757,22831000,99999,99999,0
sh513130,09:43:17,1769651000055,,0.8899,-0.2119,0.753,0.7529,0.0133,298400,224624,0.7528,0.752,74094200,0.751,92536200,0.750,93455300,0.749,69256300,0.748,80788200,0.753,100818000,0.754,127495400,0.755,93393000,0.756,35349000,0.757,22836000,99999,99999,0
sh513130,09:43:20,1769651003082,,0.8899,0.7699,0.752,0.7529,-0.1195,10249900,7708122,0.752,0.751,92792300,0.750,94649800,0.749,72656300,0.748,80929100,0.747,67341800,0.752,22490900,0.753,116231200,0.754,114348600,0.755,92409000,0.756,35436300,99999,99999,0
sh513130,09:43:23,1769651006023,,0.8899,2.4283,0.752,0.7535,-0.1991,863000,648967,0.752,0.751,92086500,0.750,94634800,0.749,77656300,0.748,81549100,0.747,67901300,0.752,50806400,0.753,105422100,0.754,114181500,0.755,85543000,0.756,32137700,99999,99999,0
sh513130,09:43:26,1769651009026,,0.8899,2.4582,0.752,0.7528,-0.1063,1412600,1062275,0.752,0.751,91667500,0.750,94884700,0.749,76159700,0.748,81539700,0.747,67901300,0.752,65869700,0.753,109003500,0.754,115028300,0.755,78547000,0.756,32167700,99999,99999,0
sh513130,09:43:29,1769651012032,,0.8899,3.8017,0.752,0.7528,-0.1063,1201500,903458,0.7519,0.751,91791500,0.750,94895200,0.749,76868200,0.748,81625100,0.747,67871300,0.752,72356200,0.753,107378300,0.754,115815100,0.755,74547400,0.756,32167700,99999,99999,0
sh513130,09:43:32,1769651014028,,0.8899,3.5823,0.752,0.7528,-0.1063,469300,352914,0.752,0.751,93071000,0.750,95200800,0.749,76931500,0.748,81640100,0.747,67938200,0.752,78103400,0.753,107413800,0.754,116667900,0.755,74547400,0.756,32177700,99999,99999,0
sh513130,09:43:35,1769651018277,,0.8899,1.8927,0.752,0.7528,-0.1063,1544900,1160538,0.7512,0.751,91952100,0.750,95234600,0.749,76841900,0.748,81790600,0.747,67928200,0.752,40088500,0.753,114537700,0.754,123345800,0.755,74597400,0.756,32177700,99999,99999,0
sh513130,09:43:38,1769651021052,,0.8899,3.1767,0.752,0.7528,-0.1063,915200,687419,0.7511,0.751,91914500,0.750,95708300,0.749,75851900,0.748,81927500,0.747,67919000,0.752,25051800,0.753,114873600,0.754,125511700,0.755,80039900,0.756,32177700,99999,99999,0
sh513130,09:43:41,1769651023054,,0.8899,2.795,0.751,0.7528,-0.2391,1336800,1005259,0.752,0.751,91247500,0.750,95633900,0.749,76860300,0.748,81909500,0.747,67919000,0.752,65747900,0.753,106957600,0.754,119581800,0.755,74777700,0.756,32177700,99999,99999,0
sh513130,09:43:44,1769651029063,,0.8899,3.7905,0.751,0.7528,-0.2391,523500,393668,0.752,0.751,90412500,0.750,95844200,0.749,77069800,0.748,81949500,0.747,67919000,0.752,79960400,0.753,107796400,0.754,118591800,0.755,68080500,0.756,34176300,99999,99999,0
sh513130,09:43:47,1769651030062,,0.8899,3.7905,0.751,0.7528,-0.2391,132800,99768,0.7513,0.751,89326900,0.750,95427000,0.749,78082800,0.748,81966500,0.747,67919000,0.752,80739400,0.753,108109100,0.754,118594800,0.755,68143300,0.756,34176300,99999,99999,0
sh513130,09:43:50,1769651033046,,0.8899,2.4393,0.751,0.7528,-0.2391,65700,49370,0.7514,0.751,89917200,0.750,95448500,0.749,78259800,0.748,81767800,0.747,68053100,0.752,96661100,0.753,108948800,0.754,102534300,0.755,68143300,0.756,34196300,99999,99999,0
sh513130,09:43:53,1769651036038,,0.8899,4.5428,0.752,0.7528,-0.1063,402200,302242,0.7515,0.751,84483300,0.750,95468900,0.749,79176800,0.748,81813800,0.747,68055700,0.752,83929200,0.753,109350100,0.754,117534300,0.755,56144500,0.756,34196300,99999,99999,0
sh513130,09:43:56,1769651039049,,0.8899,6.237,0.751,0.7522,-0.1595,1337600,1005284,0.7516,0.751,84797000,0.750,95527500,0.749,78145200,0.748,81830200,0.747,68059700,0.752,71766600,0.753,110242200,0.754,117644900,0.755,56144500,0.756,34196300,99999,99999,0
sh513130,09:43:59,1769651042023,,0.8899,6.1494,0.751,0.7522,-0.1595,283000,212737,0.7517,0.751,84826000,0.750,95547500,0.749,78215200,0.748,81927900,0.747,67859700,0.752,47959200,0.753,107287600,0.754,118671100,0.755,61146200,0.756,34196300,99999,99999,0
sh513130,09:44:02,1769651045019,,0.8899,5.2974,0.751,0.7521,-0.1463,221000,165986,0.7511,0.751,85847100,0.750,95645700,0.749,77458000,0.748,81973100,0.747,67846200,0.752,61442400,0.753,106661600,0.754,119634700,0.755,56971900,0.756,34156300,99999,99999,0
sh513130,09:44:05,1769651048016,,0.8899,3.2869,0.751,0.7521,-0.1463,503000,377867,0.7512,0.751,95866200,0.750,95931000,0.749,78476300,0.748,81903100,0.747,67831200,0.752,62671800,0.753,107100900,0.754,118644700,0.755,59797600,0.756,34321300,99999,99999,0
sh513130,09:44:08,1769651050224,,0.8899,3.2291,0.752,0.7522,-0.0266,196600,147781,0.7517,0.751,95768400,0.750,96123100,0.749,78477200,0.748,81902500,0.747,67831200,0.752,70699200,0.753,107291900,0.754,118882400,0.755,58643300,0.756,34321300,99999,99999,0
sh513130,09:44:05,1769651051021,,0.8899,2.1143,0.751,0.7521,-0.1463,0,0,0.751,0.751,95866200,0.750,95931000,0.749,78476300,0.748,81903100,0.747,67831200,0.752,62671800,0.753,107100900,0.754,118644700,0.755,59797600,0.756,34321300,99999,99999,2
sh513130,09:44:08,1769651052030,,0.8899,2.0733,0.752,0.7522,-0.0266,0,0,0.752,0.751,95768400,0.750,96123100,0.749,78477200,0.748,81902500,0.747,67831200,0.752,70699200,0.753,107291900,0.754,118882400,0.755,58643300,0.756,34321300,99999,99999,0
sh513130,09:44:11,1769651054035,,0.8899,1.0296,0.751,0.7528,-0.2391,460900,346158,0.751,0.751,95826700,0.750,96195800,0.749,78529200,0.748,81887200,0.747,67865700,0.752,71766800,0.753,109893100,0.754,118882400,0.755,59469000,0.756,34371300,99999,99999,0
sh513130,09:44:14,1769651057044,,0.8899,3.919,0.752,0.7528,-0.1063,14540300,10934205,0.752,0.752,31886400,0.751,97637400,0.750,95453500,0.749,73758900,0.748,81968600,0.753,100586400,0.754,144337400,0.755,65642900,0.756,35377800,0.757,23769200,99999,99999,0
sh513130,09:44:17,1769651062043,,0.8899,3.0942,0.752,0.7522,-0.0266,342500,257560,0.752,0.752,16815200,0.751,97612800,0.750,95428600,0.749,76759500,0.748,82270400,0.753,100614100,0.754,144337400,0.755,71468600,0.756,35144700,0.757,26767700,99999,99999,0
sh513130,09:44:20,1769651063038,,0.8899,3.0227,0.752,0.7522,-0.0266,2128400,1600557,0.752,0.752,25502000,0.751,97674600,0.750,95511900,0.749,77258100,0.748,82283400,0.753,115624100,0.754,130333900,0.755,72294300,0.756,35144700,0.757,26833000,99999,99999,0
sh513130,09:44:23,1769651067038,,0.8899,2.8025,0.752,0.7528,-0.1063,2041400,1535161,0.752,0.752,68434000,0.751,97799900,0.750,95445000,0.749,76258100,0.748,82274400,0.753,100677600,0.754,144333900,0.755,73120000,0.756,35156900,0.757,26833000,99999,99999,0
sh513130,09:44:26,1769651069044,,0.8899,3.2573,0.752,0.7528,-0.1063,880500,662185,0.7521,0.752,42741500,0.751,97788900,0.750,95654000,0.749,77798400,0.748,82474400,0.753,101458100,0.754,145376800,0.755,73211600,0.756,35156900,0.757,26833000,99999,99999,0
sh513130,09:44:29,1769651072248,,0.8899,2.5052,0.752,0.7528,-0.1063,1153100,867182,0.752,0.752,16204700,0.751,97982100,0.750,95702100,0.749,77719100,0.748,82489900,0.753,116533700,0.754,130326800,0.755,73211600,0.756,35981600,0.757,26833000,99999,99999,0
sh513130,09:44:32,1769651076275,,0.8899,2.5418,0.752,0.7529,-0.1195,1347800,1014690,0.7528,0.752,12188200,0.751,98565100,0.750,95733400,0.749,77838000,0.748,82706700,0.753,115845600,0.754,130326800,0.755,73211600,0.756,36866200,0.757,26838000,99999,99999,0
sh513130,09:44:35,1769651078041,,0.8899,2.4924,0.752,0.7529,-0.1195,11396100,8569880,0.752,0.751,97785500,0.750,96783400,0.749,78240900,0.748,82705700,0.747,67645000,0.752,5200400,0.753,115946700,0.754,129456800,0.755,73211600,0.756,35216900,99999,99999,0
sh513130,09:44:38,1769651081240,,0.8899,4.8078,0.752,0.7528,-0.1063,1457600,1096253,0.7521,0.752,7680500,0.751,97876500,0.750,96893400,0.749,78230900,0.748,82788900,0.753,115935300,0.754,130456800,0.755,72826600,0.756,36041500,0.757,26838000,99999,99999,0
sh513130,09:44:41,1769651084049,,0.8899,3.8835,0.752,0.7528,-0.1063,2051100,1542427,0.752,0.752,12275200,0.751,99030700,0.750,96997600,0.749,77831900,0.748,82807000,0.753,100443500,0.754,145456800,0.755,73226600,0.756,36866100,0.757,26838000,99999,99999,0
sh513130,09:44:44,1769651087024,,0.8899,4.5603,0.752,0.7528,-0.1063,1615900,1215191,0.752,0.752,63966500,0.751,100036700,0.750,95074600,0.749,74829900,0.748,82823100,0.753,97001100,0.754,144456800,0.755,73526600,0.756,40690700,0.757,26838000,99999,99999,0
sh513130,09:44:47,1769651090015,,0.8899,4.6021,0.753,0.7528,0.0266,711900,535442,0.7521,0.752,69766400,0.751,101153200,0.750,96079600,0.749,69809900,0.748,82803200,0.753,84298800,0.754,144456800,0.755,90506600,0.756,38515300,0.757,26838000,99999,99999,0
sh513130,09:44:50,1769651092012,,0.8899,4.9449,0.752,0.7528,-0.1063,1062600,799224,0.7521,0.752,70224600,0.751,101058500,0.750,95068000,0.749,70168400,0.748,82829500,0.753,84948600,0.754,143495800,0.755,102505400,0.756,38515300,0.757,26987900,99999,99999,0
sh513130,09:44:53,1769651096014,,0.8899,3.49,0.752,0.7528,-0.1063,221900,166895,0.7521,0.752,70940800,0.751,101391500,0.750,95908000,0.749,70178000,0.748,82856700,0.753,84932100,0.754,143532500,0.755,102505400,0.756,38565300,0.757,26987900,99999,99999,0
sh513130,09:44:56,1769651098024,,0.8899,3.0575,0.752,0.7535,-0.1991,413700,311254,0.7524,0.752,71200400,0.751,101228000,0.750,95507200,0.749,70163200,0.748,82615200,0.753,99859200,0.754,143532500,0.755,87505400,0.756,38565300,0.757,27004400,99999,99999,0
sh513130,09:44:59,1769651103040,,0.8899,1.8805,0.753,0.7535,-0.0664,880300,662122,0.7522,0.752,58311800,0.751,101961400,0.750,95506900,0.749,69998700,0.748,82667300,0.753,99255100,0.754,143557500,0.755,87505400,0.756,38565300,0.757,27004400,99999,99999,0
sh513130,09:45:02,1769651105022,,0.8899,5.8046,0.753,0.7535,-0.0664,776200,584194,0.7526,0.752,59302700,0.751,101998000,0.750,95788100,0.749,70053800,0.748,82667300,0.753,100177700,0.754,143559500,0.755,86615400,0.756,38565300,0.757,27038600,99999,99999,0
sh513130,09:45:05,1769651108042,,0.8899,4.7291,0.752,0.7535,-0.1991,257200,193616,0.7528,0.752,59591100,0.751,102000000,0.750,96023000,0.749,70287800,0.748,82768300,0.753,83896000,0.754,143559500,0.755,102605400,0.756,38565300,0.757,27038600,99999,99999,0
sh513130,09:45:08,1769651112026,,0.8899,5.6456,0.753,0.7535,-0.0664,751000,564915,0.7522,0.752,60888500,0.751,102390800,0.750,95209900,0.749,70281300,0.748,82768900,0.753,82768600,0.754,143585800,0.755,103595400,0.756,39065300,0.757,27038600,99999,99999,0
sh513130,09:45:11,1769651114016,,0.8899,6.1279,0.753,0.7535,-0.0664,306600,230796,0.7528,0.752,73275900,0.751,102598600,0.750,95137400,0.749,70368500,0.748,82773000,0.753,97619500,0.754,143579600,0.755,88595400,0.756,39065300,0.757,27046900,99999,99999,0
sh513130,09:45:14,1769651117020,,0.8899,4.9182,0.752,0.7535,-0.1991,186100,140010,0.7523,0.752,72428500,0.751,102568600,0.750,96182000,0.749,70478500,0.748,82883400,0.753,98615900,0.754,143579600,0.755,87744900,0.756,39065300,0.757,27046900,99999,99999,0
sh513130,09:45:17,1769651120034,,0.8899,3.9076,0.752,0.7535,-0.1991,18469100,13888824,0.752,0.752,3640500,0.751,104980700,0.750,97637000,0.749,73910400,0.748,82880100,0.753,115349100,0.754,129579600,0.755,85764900,0.756,35770900,0.757,27046900,99999,99999,0
sh513130,09:45:20,1769651123065,,0.8899,3.4892,0.752,0.7535,-0.1991,5511700,4144807,0.752,0.751,105866000,0.750,98484000,0.749,74075200,0.748,83064600,0.747,68980700,0.752,66233000,0.753,104658500,0.754,122098700,0.755,80764900,0.756,35770900,99999,99999,0
sh513130,09:45:23,1769651126179,,0.8899,2.7305,0.752,0.7528,-0.1063,1148200,863437,0.752,0.751,104778800,0.750,98579900,0.749,80517700,0.748,83056300,0.747,68980900,0.752,63728700,0.753,104523800,0.754,122115900,0.755,81229200,0.756,35770900,99999,99999,0
sh513130,09:45:26,1769651129056,,0.8899,3.3145,0.753,0.7528,0.0266,25797000,19397657,0.7519,0.752,51527000,0.751,100830600,0.750,98617600,0.749,79627100,0.748,83037900,0.753,99917800,0.754,144751100,0.755,86629200,0.756,35770900,0.757,27046900,99999,99999,0
sh513130,09:45:29,1769651133079,,0.8899,2.8548,0.752,0.7528,-0.1063,96100,72267,0.752,0.752,43288000,0.751,101937400,0.750,97637700,0.749,77218100,0.748,83107900,0.753,116944700,0.754,129761100,0.755,86632200,0.756,36595500,0.757,27046900,99999,99999,0
sh513130,09:45:32,1769651136089,,0.8899,2.8866,0.753,0.7528,0.0266,2009900,1511450,0.752,0.752,60956500,0.751,101364700,0.750,97666500,0.749,76398400,0.748,83124300,0.753,117066900,0.754,129761100,0.755,86648500,0.756,37420100,0.757,27046900,99999,99999,0
sh513130,09:45:35,1769651139304,,0.8899,2.6333,0.752,0.7528,-0.1063,2171900,1633367,0.752,0.752,62306900,0.751,102011200,0.750,97686300,0.749,76371900,0.748,82986700,0.753,118115200,0.754,129761100,0.755,86648500,0.756,38271600,0.757,27046900,99999,99999,0
sh513130,09:45:38,1769651141372,,0.8899,4.5386,0.753,0.7528,0.0266,2156900,1622038,0.752,0.752,60965800,0.751,102040500,0.750,97657100,0.749,76445100,0.748,82979700,0.753,103229900,0.754,144749900,0.755,86714700,0.756,39096200,0.757,27066900,99999,99999,0
sh513130,09:45:41,1769651145098,,0.8899,3.0466,0.753,0.7528,0.0266,7146600,5374374,0.752,0.752,55538500,0.751,102049700,0.750,97684400,0.749,76448300,0.748,82978500,0.753,87957600,0.754,143749900,0.755,102704700,0.756,39116200,0.757,27068900,99999,99999,0
sh513130,09:45:44,1769651147087,,0.8899,2.8137,0.753,0.7528,0.0266,2251000,1692845,0.752,0.752,59909500,0.751,102355700,0.750,96588600,0.749,71764700,0.748,83000600,0.753,102269300,0.754,143985900,0.755,88681000,0.756,39126200,0.757,27074900,99999,99999,0
sh513130,09:45:47,1769651150320,,0.8899,2.7311,0.753,0.753,0.0,863000,649209,0.7523,0.752,59614300,0.751,102349400,0.750,96429800,0.749,72229800,0.748,82946800,0.753,103103900,0.754,143931900,0.755,87695800,0.756,39120500,0.757,27075900,99999,99999,0
sh513130,09:45:50,1769651152543,,0.8899,2.5694,0.753,0.753,0.0,38600,29044,0.7524,0.752,60019300,0.751,102291000,0.750,96458500,0.749,71988200,0.748,82930700,0.753,87009000,0.754,143931900,0.755,103685800,0.756,39120500,0.757,27076700,99999,99999,0
sh513130,09:45:53,1769651156305,,0.8899,3.8245,0.752,0.753,-0.1328,1001400,753494,0.7524,0.752,60595700,0.751,102179700,0.750,95490000,0.749,71953400,0.748,82927700,0.753,86310200,0.754,143931900,0.755,104675800,0.756,39120500,0.757,27076700,99999,99999,0
sh513130,09:45:56,1769651159116,,0.8899,3.4643,0.753,0.7529,0.0133,1052600,792600,0.753,0.752,60048600,0.751,102063400,0.750,96501800,0.749,71953400,0.748,82912800,0.753,86713100,0.754,143931900,0.755,103640900,0.756,39155400,0.757,27086700,99999,99999,0
sh513130,09:45:59,1769651161142,,0.8899,3.4103,0.752,0.7529,-0.1195,755100,567972,0.7522,0.752,40857200,0.751,102120700,0.750,97605000,0.749,71828700,0.748,82911000,0.753,118766200,0.754,128931900,0.755,87831300,0.756,39155400,0.757,27086700,99999,99999,0
sh513130,09:45:56,1769651162111,,0.8899,3.681,0.753,0.7529,0.0133,0,0,0.753,0.752,60048600,0.751,102063400,0.750,96501800,0.749,71953400,0.748,82912800,0.753,86713100,0.754,143931900,0.755,103640900,0.756,39155400,0.757,27086700,99999,99999,2
sh513130,09:45:59,1769651163096,,0.8899,3.614,0.752,0.7529,-0.1195,0,0,0.752,0.752,40857200,0.751,102120700,0.750,97605000,0.749,71828700,0.748,82911000,0.753,118766200,0.754,128931900,0.755,87831300,0.756,39155400,0.757,27086700,99999,99999,0
sh513130,09:46:02,1769651165087,,0.8899,4.8244,0.753,0.7536,-0.0796,3241800,2438023,0.7521,0.752,55635200,0.751,102120700,0.750,97638400,0.749,71833700,0.748,82921000,0.753,119007500,0.754,128951900,0.755,87841300,0.756,39155400,0.757,27140200,99999,99999,0
sh513130,09:46:05,1769651168115,,0.8899,2.5834,0.753,0.7536,-0.0796,256600,193170,0.7528,0.752,57440700,0.751,102143600,0.750,97649300,0.749,71434000,0.748,82922300,0.753,88933000,0.754,143844300,0.755,102891300,0.756,39155400,0.757,27140200,99999,99999,0
sh513130,09:46:08,1769651171114,,0.8899,5.1043,0.753,0.753,0.0,642100,483427,0.7529,0.752,58774400,0.751,102074300,0.750,96670600,0.749,71763300,0.748,83105500,0.753,85219000,0.754,143844300,0.755,102892800,0.756,39146400,0.757,27166500,99999,99999,0
sh513130,09:46:11,1769651174114,,0.8899,4.896,0.753,0.753,0.0,221600,166850,0.7529,0.752,60708500,0.751,102977700,0.750,95754700,0.749,71762300,0.748,82104700,0.753,88206700,0.754,144084700,0.755,103942800,0.756,39221400,0.757,27166500,99999,99999,0
sh513130,09:46:14,1769651177117,,0.8899,5.8782,0.753,0.753,0.0,139500,105043,0.753,0.752,62416000,0.751,103882500,0.750,95769700,0.749,71763300,0.748,82145200,0.753,46264200,0.754,134084700,0.755,122596100,0.756,44221400,0.757,27081500,99999,99999,0
sh513130,09:46:17,1769651180125,,0.8899,4.6455,0.753,0.7536,-0.0796,195000,146654,0.7521,0.752,65088100,0.751,104189300,0.750,95347700,0.749,72475400,0.748,82717400,0.753,51530500,0.754,134684700,0.755,124192600,0.756,45646200,0.757,27705500,99999,99999,0
sh513130,09:46:20,1769651183128,,0.8899,4.7175,0.753,0.7536,-0.0796,269900,203193,0.7528,0.752,67950800,0.751,104104300,0.750,95421900,0.749,72475500,0.748,82675700,0.753,33562900,0.754,134647700,0.755,123195700,0.756,46471000,0.757,27755500,99999,99999,0
sh513130,09:46:23,1769651186298,,0.8899,4.4227,0.753,0.7536,-0.0796,517400,389584,0.753,0.752,68642700,0.751,104164800,0.750,95402600,0.749,72040500,0.748,82387800,0.753,49673300,0.754,134725900,0.755,124195700,0.756,47295800,0.757,27755500,99999,99999,0
sh513130,09:46:26,1769651189120,,0.8899,3.9067,0.753,0.7536,-0.0796,135200,101779,0.7528,0.752,68906100,0.751,104131800,0.750,95612600,0.749,71171600,0.748,82227800,0.753,54360200,0.754,134771900,0.755,124350400,0.756,43170600,0.757,27755500,99999,99999,0
sh513130,09:46:29,1769651192118,,0.8899,4.1188,0.753,0.7536,-0.0796,273700,206094,0.753,0.752,69561600,0.751,103930100,0.750,95692600,0.749,71176600,0.748,82209900,0.753,54888700,0.754,135786900,0.755,124295400,0.756,43995400,0.757,27755500,99999,99999,0
sh513130,09:46:32,1769651195112,,0.8899,2.4092,0.753,0.7536,-0.0796,67000,50441,0.7529,0.752,69785100,0.751,104164100,0.750,95767600,0.749,71208300,0.748,82209900,0.753,45416000,0.754,135786900,0.755,124405400,0.756,49820200,0.757,27755500,99999,99999,0
sh513130,09:46:35,1769651197098,,0.8899,2.9945,0.752,0.7536,-0.2123,1410200,1060819,0.7522,0.752,68861400,0.751,105086400,0.750,96573400,0.749,70790900,0.748,81820200,0.753,45501700,0.754,136132100,0.755,124550400,0.756,50645000,0.757,27755500,99999,99999,0
sh513130,09:46:38,1769651201090,,0.8899,3.1171,0.752,0.7536,-0.2123,127700,96043,0.7521,0.752,69861100,0.751,105050500,0.750,96578400,0.749,70790900,0.748,81824200,0.753,45683600,0.754,136132100,0.755,124503400,0.756,56269800,0.757,27755500,99999,99999,0
sh513130,09:46:41,1769651203299,,0.8899,3.8075,0.752,0.7536,-0.2123,337900,254431,0.753,0.752,70191900,0.751,104926000,0.750,96613700,0.749,70790900,0.748,81824700,0.753,47113200,0.754,136182400,0.755,124501400,0.756,56475700,0.757,27757000,99999,99999,0
sh513130,09:46:44,1769651207304,,0.8899,2.4888,0.753,0.7536,-0.0796,9859500,7424170,0.753,0.752,71266500,0.751,104889800,0.750,96533500,0.749,70710200,0.748,81879900,0.753,24867400,0.754,122085400,0.755,138531400,0.756,56475700,0.757,27780400,99999,99999,0
sh513130,09:46:47,1769651210097,,0.8899,2.7187,0.753,0.7536,-0.0796,18794900,14152389,0.753,0.752,73623400,0.751,104898200,0.750,94520100,0.749,70699000,0.748,81883900,0.753,6209600,0.754,137085400,0.755,123563400,0.756,56885700,0.757,27780400,99999,99999,0
sh513130,09:46:50,1769651213104,,0.8899,2.9333,0.753,0.7536,-0.0796,10637400,8009962,0.753,0.753,17188500,0.752,72093000,0.751,103878200,0.750,93848400,0.749,70666000,0.754,140245300,0.755,124564400,0.756,57035700,0.757,28609400,0.758,29106800,99999,99999,0
sh513130,09:46:53,1769651217128,,0.8899,2.8209,0.753,0.7542,-0.1591,3151000,2372708,0.753,0.753,3327700,0.752,72179400,0.751,103462300,0.750,92278800,0.749,70656000,0.754,140268600,0.755,124712600,0.756,57037700,0.757,29433100,0.758,29106900,99999,99999,0
sh513130,09:46:56,1769651219136,,0.8899,2.76,0.753,0.7542,-0.1591,3591000,2704018,0.753,0.752,73294200,0.751,103528500,0.750,92497500,0.749,70756000,0.748,82025100,0.753,15911800,0.754,142495700,0.755,126213100,0.756,57338500,0.757,27845700,99999,99999,0
sh513130,09:46:59,1769651222141,,0.8899,2.3829,0.753,0.7542,-0.1591,279200,210229,0.753,0.752,73281400,0.751,103518500,0.750,92196600,0.749,70802700,0.748,81903100,0.753,40286400,0.754,142495700,0.755,120320900,0.756,56938500,0.757,27845700,99999,99999,0
sh513130,09:47:02,1769651224620,,0.8899,2.3903,0.753,0.7536,-0.0796,4515400,3399847,0.7529,0.752,75277800,0.751,102425600,0.750,92427400,0.749,70902300,0.748,81903100,0.753,7201800,0.754,143317500,0.755,119520900,0.756,56928500,0.757,28173100,99999,99999,0
sh513130,09:47:05,1769651228275,,0.8899,2.6689,0.753,0.7536,-0.0796,1629300,1226828,0.753,0.752,76171700,0.751,102913700,0.750,92488100,0.749,70902300,0.748,81908100,0.753,4881700,0.754,143478100,0.755,118400900,0.756,57328500,0.757,28193100,99999,99999,0
sh513130,09:47:08,1769651230405,,0.8899,3.3644,0.753,0.7536,-0.0796,5320400,4006234,0.753,0.752,77152600,0.751,103493600,0.750,92606800,0.749,70913000,0.748,81858100,0.753,13069300,0.754,141748100,0.755,120400900,0.756,56928500,0.757,28193100,99999,99999,0
sh513130,09:47:11,1769651235375,,0.8899,1.3539,0.754,0.7536,0.0531,2465100,1856219,0.753,0.753,3922900,0.752,77894900,0.751,103505600,0.750,92622300,0.749,70990700,0.754,141734100,0.755,119787700,0.756,57328500,0.757,29046700,0.758,29136900,99999,99999,0
sh513130,09:47:14,1769651237465,,0.8899,2.6841,0.753,0.7536,-0.0796,715400,538722,0.753,0.753,46616400,0.752,77734600,0.751,106341300,0.750,90236300,0.749,71012700,0.754,125475400,0.755,134782400,0.756,57329500,0.757,29872300,0.758,29147000,99999,99999,0
sh513130,09:47:17,1769651240584,,0.8899,3.5789,0.753,0.7542,-0.1591,91700,69063,0.7531,0.753,72232700,0.752,78736400,0.751,105456200,0.750,84989900,0.749,71012700,0.754,124316300,0.755,134803200,0.756,57463800,0.757,31095900,0.758,29147000,99999,99999,0
sh513130,09:47:20,1769651243600,,0.8899,3.4037,0.754,0.7542,-0.0265,989300,745867,0.7539,0.753,61007900,0.752,80026900,0.751,105609100,0.750,84504000,0.749,71539400,0.754,123781300,0.755,134743200,0.756,58453800,0.757,31519600,0.758,29147000,99999,99999,0
sh513130,09:47:23,1769651246889,,0.8899,2.4343,0.753,0.7535,-0.0664,870700,656404,0.7539,0.753,76974800,0.752,81207900,0.751,93299300,0.750,65502900,0.749,71554400,0.754,109314900,0.755,134748200,0.756,73468800,0.757,31519600,0.758,29147000,99999,99999,0
sh513130,09:47:26,1769651248616,,0.8899,3.1442,0.754,0.7542,-0.0265,354800,267504,0.754,0.753,78288700,0.752,81134000,0.751,92459200,0.750,65255400,0.749,71529100,0.754,125344500,0.755,134733500,0.756,58470300,0.757,31519600,0.758,29147000,99999,99999,0
sh513130,09:47:29,1769651252631,,0.8899,4.0102,0.754,0.7542,-0.0265,125500,94609,0.7539,0.753,79135800,0.752,81135100,0.751,93424900,0.750,65237200,0.749,70488300,0.754,109667900,0.755,134738500,0.756,74560300,0.757,31716900,0.758,29151000,99999,99999,0
sh513130,09:47:32,1769651254622,,0.8899,3.3795,0.753,0.7542,-0.1591,1027000,773445,0.7531,0.753,80522900,0.752,82280800,0.751,92454900,0.750,65662600,0.749,70401000,0.754,108443500,0.755,134754900,0.756,107552100,0.757,31702500,0.758,29151000,99999,99999,0
sh513130,09:47:35,1769651258629,,0.8899,5.3054,0.754,0.7542,-0.0265,237400,178874,0.7535,0.753,81279600,0.752,82712600,0.751,92246200,0.750,65767700,0.749,70213500,0.754,121316100,0.755,125007200,0.756,107552100,0.757,32526100,0.758,29151000,99999,99999,0
sh513130,09:47:38,1769651261641,,0.8899,3.5781,0.754,0.7542,-0.0265,130800,98619,0.754,0.753,82819000,0.752,82782300,0.751,92434900,0.750,64868200,0.749,70223500,0.754,121189600,0.755,126112000,0.756,107553900,0.757,31614700,0.758,29151000,99999,99999,0
sh513130,09:47:41,1769651264147,,0.8899,2.6165,0.753,0.7542,-0.1591,1970800,1485930,0.754,0.753,74091900,0.752,82775600,0.751,93322900,0.750,64898200,0.749,70193200,0.754,135638600,0.755,126792800,0.756,91647900,0.757,31214700,0.758,29151000,99999,99999,0
sh513130,09:47:44,1769651267628,,0.8899,3.0831,0.754,0.7542,-0.0265,146900,110726,0.7538,0.753,74158500,0.752,82777000,0.751,92353500,0.750,64916300,0.749,70135700,0.754,120425000,0.755,127659900,0.756,106536200,0.757,31627500,0.758,29151000,99999,99999,0
sh513130,09:47:47,1769651269872,,0.8899,3.4375,0.754,0.7542,-0.0265,412000,310360,0.7533,0.753,75993300,0.752,83493800,0.751,91206100,0.750,64971500,0.749,70136700,0.754,120326200,0.755,128735700,0.756,106536200,0.757,31627500,0.758,29119000,99999,99999,0
sh513130,09:47:50,1769651273651,,0.8899,2.8686,0.754,0.7542,-0.0265,158900,119810,0.754,0.753,76628000,0.752,83561500,0.751,90534600,0.750,64962900,0.749,69726400,0.754,120113600,0.755,129551200,0.756,106530900,0.757,31617200,0.758,29129000,99999,99999,0
sh513130,09:47:53,1769651275895,,0.8899,3.0243,0.754,0.7542,-0.0265,652200,491693,0.7539,0.753,77397900,0.752,83678300,0.751,90537100,0.750,64943900,0.749,69716400,0.754,114486800,0.755,130373400,0.756,111791900,0.757,31617200,0.758,29129000,99999,99999,0
sh513130,09:47:56,1769651279264,,0.8899,2.9451,0.754,0.7542,-0.0265,362700,273464,0.754,0.753,78106300,0.752,83684600,0.751,90272100,0.750,64943900,0.749,69696900,0.754,114086300,0.755,131199200,0.756,111845100,0.757,31227200,0.758,29129000,99999,99999,0
sh513130,09:47:59,1769651283203,,0.8899,0.9719,0.754,0.7542,-0.0265,1746000,1315531,0.7535,0.753,78041300,0.752,83884600,0.751,90063400,0.750,64593900,0.749,69749700,0.754,113936600,0.755,132115000,0.756,111845100,0.757,31239200,0.758,29146700,99999,99999,0
sh513130,09:48:02,1769651284977,,0.8899,1.2316,0.754,0.7542,-0.0265,751900,566731,0.7537,0.753,78177800,0.752,84042500,0.751,91050800,0.750,64600400,0.749,69689700,0.754,101508300,0.755,126815400,0.756,112861000,0.757,33639200,0.758,29154600,99999,99999,0
sh513130,09:48:05,1769651288170,,0.8899,3.9828,0.754,0.7542,-0.0265,1018000,766749,0.7532,0.753,78196500,0.752,83947200,0.751,91054300,0.750,64620900,0.749,69650200,0.754,59925500,0.755,126835400,0.756,112861000,0.757,37662800,0.758,29164600,99999,99999,0
sh513130,09:48:08,1769651291478,,0.8899,3.0532,0.754,0.7542,-0.0265,3531500,2662648,0.754,0.753,78865500,0.752,83836700,0.751,90054300,0.750,65685600,0.749,69382100,0.754,51964300,0.755,111835400,0.756,126861000,0.757,43489300,0.758,29179600,99999,99999,0
sh513130,09:48:11,1769651294268,,0.8899,5.0909,0.753,0.7548,-0.2385,2383100,1796671,0.7539,0.753,78825400,0.752,83876900,0.751,89908900,0.750,65635600,0.749,69382100,0.754,49830300,0.755,126843200,0.756,111861000,0.757,44323000,0.758,29317600,99999,99999,0
sh513130,09:48:14,1769651296495,,0.8899,4.6788,0.753,0.7548,-0.2385,909000,685352,0.754,0.753,80019600,0.752,83607500,0.751,89837600,0.750,65793500,0.749,69382100,0.754,48155500,0.755,111865200,0.756,126749600,0.757,45205300,0.758,29317600,99999,99999,0
sh513130,09:48:11,1769651297277,,0.8899,4.9593,0.753,0.7548,-0.2385,0,0,0.753,0.753,78825400,0.752,83876900,0.751,89908900,0.750,65635600,0.749,69382100,0.754,49830300,0.755,126843200,0.756,111861000,0.757,44323000,0.758,29317600,99999,99999,2
sh513130,09:48:14,1769651298281,,0.8899,5.9295,0.753,0.7548,-0.2385,0,0,0.753,0.753,80019600,0.752,83607500,0.751,89837600,0.750,65793500,0.749,69382100,0.754,48155500,0.755,111865200,0.756,126749600,0.757,45205300,0.758,29317600,99999,99999,0
sh513130,09:48:17,1769651300791,,0.8899,3.9682,0.754,0.7549,-0.1192,36009400,27150917,0.754,0.753,76505300,0.752,83660500,0.751,90881700,0.750,64882200,0.749,69370600,0.754,7655800,0.755,111906600,0.756,126650500,0.757,46123500,0.758,29415600,99999,99999,0
sh513130,09:48:20,1769651303223,,0.8899,2.7291,0.755,0.7549,0.0132,10005100,7543891,0.754,0.754,53377900,0.753,75109300,0.752,77353900,0.751,86417400,0.750,65053500,0.755,114008600,0.756,127640700,0.757,46960200,0.758,32245100,0.759,24055500,99999,99999,0
sh513130,09:48:23,1769651306237,,0.8899,3.6321,0.754,0.7548,-0.106,427600,322545,0.7543,0.754,42033000,0.753,74817000,0.752,82525500,0.751,85967400,0.750,65001400,0.755,115280800,0.756,127640700,0.757,49763800,0.758,29255100,0.759,24055600,99999,99999,0
sh513130,09:48:26,1769651309222,,0.8899,1.7809,0.754,0.7549,-0.1192,529600,399411,0.7542,0.754,20125800,0.753,75100400,0.752,82245500,0.751,86997400,0.750,65168800,0.755,130268500,0.756,112660500,0.757,50603200,0.758,29255100,0.759,24105800,99999,99999,0
sh513130,09:48:29,1769651312239,,0.8899,2.8397,0.754,0.7549,-0.1192,14467200,10909255,0.7541,0.753,77054000,0.752,84341400,0.751,87361500,0.750,65069800,0.749,69439000,0.754,2040900,0.755,129442100,0.756,113232700,0.757,48740000,0.758,29381900,99999,99999,0
sh513130,09:48:32,1769651315247,,0.8899,4.3973,0.754,0.7549,-0.1192,830200,625971,0.754,0.753,78689200,0.752,84434400,0.751,86359700,0.750,65076200,0.749,69419600,0.754,9411400,0.755,129763900,0.756,114490600,0.757,48344000,0.758,29522300,99999,99999,0
sh513130,09:48:35,1769651318252,,0.8899,3.017,0.754,0.7549,-0.1192,1316600,992696,0.754,0.753,78962200,0.752,84455800,0.751,86366400,0.750,65173600,0.749,69460800,0.754,67181000,0.755,129832700,0.756,114550600,0.757,45402400,0.758,29522300,99999,99999,0
sh513130,09:48:38,1769651320485,,0.8899,4.4529,0.754,0.7549,-0.1192,1191600,898401,0.7539,0.753,79119700,0.752,84828700,0.751,87276400,0.750,64978900,0.749,69474900,0.754,18330400,0.755,129932700,0.756,114490600,0.757,48445400,0.758,29492300,99999,99999,0
sh513130,09:48:41,1769651327010,,0.8899,1.5401,0.754,0.7549,-0.1192,530200,399771,0.754,0.753,80324600,0.752,85302600,0.751,87475700,0.750,64968900,0.749,69425900,0.754,16853100,0.755,129888800,0.756,114490600,0.757,48489300,0.758,29520200,99999,99999,0
sh513130,09:48:44,1769651327113,,0.8899,1.5401,0.754,0.7549,-0.1192,2144000,1616266,0.7539,0.753,82502900,0.752,85640600,0.751,88347900,0.750,65821700,0.749,69458600,0.754,7099000,0.755,129888800,0.756,114480600,0.757,52489300,0.758,30526700,99999,99999,0
sh513130,09:48:47,1769651330461,,0.8899,0.681,0.754,0.7555,-0.1985,1916900,1445343,0.754,0.753,83746900,0.752,85761600,0.751,88399200,0.750,65873900,0.749,69562000,0.754,62990200,0.755,129983000,0.756,114470600,0.757,47552800,0.758,30566700,99999,99999,0
sh513130,09:48:50,1769651334309,,0.8899,3.1344,0.754,0.7555,-0.1985,857500,646549,0.754,0.753,84624700,0.752,85899200,0.751,89359200,0.750,65876800,0.749,69552000,0.754,82364400,0.755,130975800,0.756,98542800,0.757,41407800,0.758,30631700,99999,99999,0
sh513130,09:48:53,1769651335537,,0.8899,3.1344,0.754,0.7548,-0.106,586600,442286,0.754,0.753,82921400,0.752,86034600,0.751,90295900,0.750,65932800,0.749,69605500,0.754,75716500,0.755,131818600,0.756,112560800,0.757,36357800,0.758,30731700,99999,99999,0
sh513130,09:48:56,1769651339538,,0.8899,0.0,0.754,0.7542,-0.0265,311600,234946,0.754,0.753,83712700,0.752,86069600,0.751,90256300,0.750,65940600,0.749,69588900,0.754,90417100,0.755,132660700,0.756,97580800,0.757,36347700,0.758,30902100,99999,99999,0
sh513130,09:48:59,1769651342798,,0.0,5.6973,0.754,0.7542,-0.0265,903600,681311,0.754,0.753,83938700,0.752,86158700,0.751,90222800,0.750,65910600,0.749,69795400,0.754,75171000,0.755,132764600,0.756,112580800,0.757,36385800,0.758,30902100,99999,99999,0
sh513130,09:49:02,1769651345550,,0.0,2.8987,0.754,0.7542,-0.0265,631200,475675,0.7536,0.753,84739900,0.752,86772600,0.751,90416900,0.750,65842600,0.749,69806100,0.754,75786600,0.755,134212100,0.756,111596100,0.757,36618300,0.758,30992100,99999,99999,0
sh513130,09:49:05,1769651348681,,0.0,2.7327,0.754,0.7542,-0.0265,734000,553369,0.7539,0.753,83956700,0.752,86687700,0.751,90439300,0.750,64910300,0.749,69716100,0.754,75858900,0.755,135037900,0.756,111596100,0.757,36618600,0.758,31002100,99999,99999,0
sh513130,09:49:08,1769651351036,,0.8899,3.5148,0.754,0.7542,-0.0265,1476800,1112493,0.7533,0.753,83073800,0.752,86711200,0.751,90429700,0.750,64999800,0.749,69616100,0.754,90176900,0.755,135896900,0.756,97631800,0.757,36647300,0.758,31008100,99999,99999,0
sh513130,09:49:11,1769651353990,,0.8899,3.5133,0.754,0.7542,-0.0265,402900,303778,0.754,0.753,73271000,0.752,86691800,0.751,90929700,0.750,68002300,0.749,69626100,0.754,91322200,0.755,136960500,0.756,96654300,0.757,36647300,0.758,31007200,99999,99999,0
sh513130,09:49:14,1769651357230,,0.8899,4.6346,0.754,0.7542,-0.0265,340100,256384,0.7538,0.753,31855200,0.752,86801300,0.751,90929700,0.750,67927000,0.749,69628100,0.754,106404400,0.755,122947300,0.756,98457300,0.757,36647300,0.758,31012200,99999,99999,0
sh513130,09:49:17,1769651360050,,0.8899,4.6948,0.753,0.7542,-0.1591,27626300,20803287,0.753,0.752,91136600,0.751,91761800,0.750,68347000,0.749,69628100,0.748,75116500,0.753,47369400,0.754,102860800,0.755,111983900,0.756,89478100,0.757,36680900,99999,99999,0
