symbol,tx_server_time,tx_local_time,index_price,fx_rate,sentiment,price,iopv,premium_rate,tick_vol,tick_amt,tick_vwap,bp1,bv1,bp2,bv2,bp3,bv3,bp4,bv4,bp5,bv5,sp1,sv1,sp2,sv2,sp3,sv3,sp4,sv4,sp5,sv5,idx_delay_ms,fut_delay_ms,data_flags
sh513130,09:29:47,1768786190717,,0.8933,0.0,0.746,0.7462,-0.0268,0,0,0.746,0.746,21904600,0.745,21176800,0.744,23180700,0.743,24079900,0.742,21477900,0.747,6859400,0.748,12961400,0.749,25052700,0.750,28672300,0.751,21565300,99999,99999,1
sh513130,09:29:50,1768786191698,,0.8933,0.0,0.746,0.7462,-0.0268,0,0,0.746,0.746,21904600,0.745,21176800,0.744,23180700,0.743,24079900,0.742,21477900,0.747,6859400,0.748,12961400,0.749,25052700,0.750,28672300,0.751,21565300,99999,99999,0
sh513130,09:29:53,1768786195712,,0.8933,0.0,0.746,0.7462,-0.0268,0,0,0.746,0.746,21904600,0.745,21176800,0.744,23180700,0.743,24079900,0.742,21477900,0.747,6859400,0.748,12961400,0.749,25052700,0.750,28672300,0.751,21565300,99999,99999,0
sh513130,09:29:56,1768786197717,,0.8933,0.0,0.746,0.7462,-0.0268,0,0,0.746,0.746,21904600,0.745,21176800,0.744,23180700,0.743,24079900,0.742,21477900,0.747,6859400,0.748,12961400,0.749,25052700,0.750,28672300,0.751,21565300,99999,99999,0
sh513130,09:29:59,1768786201722,,0.8933,0.0,0.746,0.7463,-0.0402,0,0,0.746,0.746,21904600,0.745,21176800,0.744,23180700,0.743,24079900,0.742,21477900,0.747,6859400,0.748,12961400,0.749,25052700,0.750,28672300,0.751,21565300,99999,99999,0
sh513130,09:30:02,1768786203713,,0.8933,0.2172,0.747,0.7463,0.0938,39530600,29472859,0.7456,0.746,339100,0.745,5142700,0.744,24508400,0.743,23223900,0.742,20502300,0.747,16149400,0.748,26003900,0.749,35399000,0.750,29637100,0.751,21601300,99999,99999,0
sh513130,09:30:05,1768786206715,,0.8933,3.9706,0.747,0.7456,0.1878,2776400,2072932,0.7466,0.746,368800,0.745,6427100,0.744,29423500,0.743,29106900,0.742,22700700,0.747,21386400,0.748,32356700,0.749,38389500,0.750,28005700,0.751,23614000,99999,99999,0
sh513130,09:30:08,1768786210721,5780.9,0.8933,4.3471,0.746,0.7456,0.0536,2917800,2177866,0.7464,0.745,6768800,0.744,33813200,0.743,32865500,0.742,25374400,0.741,31342600,0.746,1792400,0.747,25596100,0.748,36143800,0.749,41596100,0.750,28724100,149,99999,0
sh513130,09:30:11,1768786212717,5781.05,0.8933,4.5927,0.746,0.7469,-0.1205,1915700,1428911,0.7459,0.745,7604900,0.744,31915900,0.743,33110800,0.742,26491300,0.741,31404200,0.746,3929800,0.747,22196800,0.748,36321300,0.749,41695800,0.750,28729200,49,99999,0
sh513130,09:30:14,1768786216719,5782.91,0.8933,3.3508,0.747,0.7469,0.0134,5357300,3997509,0.7462,0.746,17332300,0.745,18036700,0.744,32439800,0.743,26821600,0.742,23569600,0.747,19453800,0.748,22975900,0.749,34739700,0.750,32175400,0.751,23718000,173,99999,0
sh513130,09:30:17,1768786220717,5787.79,0.8933,4.7391,0.746,0.7469,-0.1205,8082700,6030408,0.7461,0.746,13887500,0.745,21498200,0.744,32532700,0.743,25976200,0.742,24614500,0.747,23799700,0.748,23130900,0.749,35887100,0.750,33694500,0.751,23817700,159,99999,0
sh513130,09:30:20,1768786222720,5788.23,0.8933,6.2206,0.747,0.7469,0.0134,3791400,2828930,0.7461,0.746,14199300,0.745,23107600,0.744,32618800,0.743,25952400,0.742,24794100,0.747,21199300,0.748,22500200,0.749,34241100,0.750,31184200,0.751,24176400,129,99999,0
sh513130,09:30:23,1768786225720,5787.52,0.8933,3.382,0.746,0.7469,-0.1205,4122800,3077682,0.7465,0.746,10301700,0.745,27161000,0.744,32914100,0.743,28205000,0.742,26638800,0.747,20199100,0.748,19783000,0.749,32100500,0.750,34892700,0.751,24205200,77,99999,0
sh513130,09:30:26,1768786228713,5790.94,0.8933,2.3206,0.746,0.7482,-0.294,7579000,5660780,0.7469,0.746,16263100,0.745,28078500,0.744,32412900,0.743,30187100,0.742,26799800,0.747,14974400,0.748,20066100,0.749,31191800,0.750,35736700,0.751,24520400,125,99999,0
sh513130,09:30:29,1768786232727,5786.58,0.8933,2.0171,0.746,0.7482,-0.294,7211600,5386588,0.7469,0.746,22909600,0.745,25446700,0.744,32960700,0.743,28461700,0.742,25923800,0.747,9428900,0.748,20334900,0.749,31250800,0.750,38726900,0.751,26159700,126,99999,0
sh513130,09:30:32,1768786234718,5790.08,0.8933,2.8641,0.747,0.7482,-0.1604,11139900,8321453,0.747,0.747,8507800,0.746,27711100,0.745,24528800,0.744,34158600,0.743,30966100,0.748,20274600,0.749,28599300,0.750,45918200,0.751,26399700,0.752,17414200,148,99999,0
sh513130,09:30:35,1768786236726,5789.04,0.8933,4.2157,0.747,0.7482,-0.1604,1537300,1148585,0.7471,0.747,17140400,0.746,33225300,0.745,24242400,0.744,30096500,0.743,31215900,0.748,20191900,0.749,36875300,0.750,50658200,0.751,29455700,0.752,17976500,109,99999,0
sh513130,09:30:38,1768786239718,5789.09,0.8933,5.178,0.747,0.7482,-0.1604,3458200,2583340,0.747,0.747,5898100,0.746,36290500,0.745,24640000,0.744,31484800,0.743,32356500,0.748,20435400,0.749,36903300,0.750,43128200,0.751,29900300,0.752,17967500,1060,99999,0
sh513130,09:30:41,1768786243713,5790.36,0.8933,4.0211,0.747,0.7482,-0.1604,3416300,2552665,0.7472,0.747,17467300,0.746,38833500,0.745,24580800,0.744,31582800,0.743,28412600,0.748,17211200,0.749,41722200,0.750,46224600,0.751,29900100,0.752,18050100,722,99999,0
sh513130,09:30:44,1768786246705,5786.54,0.8933,3.1554,0.748,0.7476,0.0535,553000,413268,0.7473,0.747,25857000,0.746,40568600,0.745,27699000,0.744,32236100,0.743,28486700,0.748,17725600,0.749,42632800,0.750,50584000,0.751,30978800,0.752,18225900,147,99999,0
sh513130,09:30:47,1768786249705,5784.46,0.8933,3.4163,0.747,0.7476,-0.0803,2180900,1630323,0.7475,0.747,15840000,0.746,50229200,0.745,36297900,0.744,32347600,0.743,28563800,0.748,17249400,0.749,42634800,0.750,50633000,0.751,30798800,0.752,18250900,180,99999,0
sh513130,09:30:50,1768786251699,5782.14,0.8933,2.8254,0.748,0.7476,0.0535,1903700,1422559,0.7473,0.747,13768500,0.746,48077200,0.745,36333100,0.744,32354600,0.743,30572100,0.748,38932100,0.749,40983800,0.750,45990300,0.751,28607800,0.752,18168100,842,99999,0
sh513130,09:30:53,1768786254700,5783.65,0.8933,2.9563,0.748,0.7476,0.0535,1064600,795942,0.7476,0.747,13651600,0.746,49270900,0.745,35769500,0.744,32383600,0.743,30682300,0.748,38670700,0.749,41077500,0.750,46056900,0.751,28561200,0.752,18167600,63,99999,0
sh513130,09:30:50,1768786255712,5783.65,0.8933,4.0988,0.748,0.7476,0.0535,0,0,0.748,0.747,13768500,0.746,48077200,0.745,36333100,0.744,32354600,0.743,30572100,0.748,38932100,0.749,40983800,0.750,45990300,0.751,28607800,0.752,18168100,1075,99999,2
sh513130,09:30:53,1768786256726,5781.36,0.8933,4.0991,0.748,0.7476,0.0535,0,0,0.748,0.747,13651600,0.746,49270900,0.745,35769500,0.744,32383600,0.743,30682300,0.748,38670700,0.749,41077500,0.750,46056900,0.751,28561200,0.752,18167600,114,99999,0
sh513130,09:30:56,1768786257718,5781.36,0.8933,3.5677,0.748,0.7469,0.1473,997400,745677,0.7476,0.747,13658600,0.746,50760100,0.745,36586600,0.744,33326000,0.743,30716500,0.748,38574200,0.749,41221000,0.750,46067900,0.751,28581200,0.752,18186900,1103,99999,0
sh513130,09:30:59,1768786261722,5774.78,0.8933,0.1518,0.747,0.7469,0.0134,15769300,11780303,0.747,0.746,40355000,0.745,39180900,0.744,41136000,0.743,30829900,0.742,27491300,0.747,16985300,0.748,31782300,0.749,31051400,0.750,34370700,0.751,25581500,1076,99999,0
sh513130,09:31:02,1768786264723,5776.66,0.8933,5.513,0.747,0.7469,0.0134,338300,252710,0.747,0.746,38292000,0.745,36629900,0.744,41136000,0.743,31329900,0.742,30551300,0.747,22477000,0.748,32014800,0.749,36154700,0.750,34636200,0.751,25581500,2130,99999,0
sh513130,09:31:05,1768786267716,5775.96,0.8933,3.9318,0.747,0.7463,0.0938,562600,420242,0.747,0.746,47878900,0.745,39307800,0.744,33625300,0.743,31339200,0.742,27554300,0.747,4289300,0.748,35577200,0.749,48153600,0.750,37591100,0.751,25588600,773,99999,0
sh513130,09:31:08,1768786270703,5780.38,0.8933,5.9167,0.747,0.7463,0.0938,6791200,5073134,0.747,0.747,281700,0.746,48922300,0.745,39410800,0.744,33626300,0.743,31369200,0.748,35496100,0.749,48919400,0.750,37592100,0.751,25618600,0.752,17816100,156,99999,0
sh513130,09:31:11,1768786273712,5781.35,0.8933,4.5271,0.747,0.7469,0.0134,484600,362080,0.7472,0.747,17760200,0.746,51500400,0.745,39329500,0.744,33639800,0.743,29381400,0.748,35852300,0.749,49762100,0.750,37592100,0.751,25817800,0.752,17899700,254,99999,0
sh513130,09:31:14,1768786275716,5779.86,0.8933,3.9171,0.747,0.7469,0.0134,301500,225294,0.7472,0.747,8733400,0.746,53983700,0.745,39573400,0.744,33612900,0.743,29883300,0.748,35967900,0.749,50565700,0.750,37592100,0.751,25817800,0.752,17899700,88,99999,0
sh513130,09:31:17,1768786279714,5780.84,0.8933,3.902,0.747,0.7469,0.0134,1423400,1064383,0.7478,0.747,20862100,0.746,54950000,0.745,39922900,0.744,33612900,0.743,29983100,0.748,35257200,0.749,51962200,0.750,37620200,0.751,25817800,0.752,17899700,1071,99999,0
sh513130,09:31:20,1768786283711,5779.17,0.8933,5.125,0.748,0.7464,0.2144,306800,229462,0.7479,0.747,21860900,0.746,53140200,0.745,40146800,0.744,33625900,0.743,31983100,0.748,37130600,0.749,52798400,0.750,37756600,0.751,25817800,0.752,17899700,1051,99999,0
sh513130,09:31:23,1768786284699,5780.97,0.8933,6.257,0.747,0.7464,0.0804,206900,154727,0.7478,0.747,22534200,0.746,53393900,0.745,40204500,0.744,32769400,0.743,30988100,0.748,37569600,0.749,52793600,0.750,37826600,0.751,26740200,0.752,18394900,79,99999,0
sh513130,09:31:26,1768786287698,5782.2,0.8933,5.4243,0.748,0.7464,0.2144,229600,171687,0.7478,0.747,22801800,0.746,56594200,0.745,40578300,0.744,32776400,0.743,28100100,0.748,23423600,0.749,53628300,0.750,56386800,0.751,26720200,0.752,18494900,1132,99999,0
sh513130,09:31:29,1768786291702,5782.72,0.8933,4.1558,0.748,0.7471,0.1205,833700,623067,0.7474,0.747,23523700,0.746,58561700,0.745,41729700,0.744,33820400,0.743,29103100,0.748,22159500,0.749,52845100,0.750,56496600,0.751,27772200,0.752,18514900,850,99999,0
sh513130,09:31:32,1768786294685,5784.18,0.8933,4.7536,0.748,0.7471,0.1205,1096000,819108,0.7474,0.747,23725500,0.746,59264800,0.745,41744600,0.744,33920700,0.743,29144600,0.748,21891000,0.749,50780500,0.750,58750400,0.751,27772200,0.752,19014900,32,99999,0
sh513130,09:31:35,1768786298693,5783.42,0.8933,5.6581,0.748,0.7471,0.1205,191300,143034,0.7477,0.747,26676800,0.746,59504300,0.745,41801100,0.744,33926300,0.743,29234600,0.748,22062400,0.749,44090600,0.750,58800400,0.751,27792200,0.752,19020300,97,99999,0
sh513130,09:31:38,1768786300684,5784.67,0.8933,5.6381,0.747,0.7471,-0.0134,2749800,2054839,0.7473,0.747,28329100,0.746,60498300,0.745,42030000,0.744,33926300,0.743,29247200,0.748,42383800,0.749,44190600,0.750,46801600,0.751,26892200,0.752,19030300,81,99999,0
sh513130,09:31:41,1768786302700,5783.27,0.8933,6.1529,0.747,0.7471,-0.0134,500600,374046,0.7472,0.747,28629700,0.746,61654400,0.745,42093000,0.744,33966300,0.743,29269200,0.748,23283800,0.749,45025300,0.750,58805400,0.751,26892200,0.752,19277100,92,99999,0
sh513130,09:31:44,1768786306690,5784.9,0.8933,5.3923,0.747,0.7471,-0.0134,891000,666105,0.7476,0.747,28545100,0.746,63488800,0.745,42205300,0.744,33958700,0.743,29269200,0.748,22347900,0.749,44190600,0.750,58806400,0.751,27892200,0.752,19277100,94,99999,0
sh513130,09:31:47,1768786309704,5785.87,0.8933,4.3879,0.748,0.7471,0.1205,1575200,1176887,0.7471,0.747,30474400,0.746,65646200,0.745,42266300,0.744,33858700,0.743,29368600,0.748,23235300,0.749,44211900,0.750,58806400,0.751,27892200,0.752,19297100,1069,99999,0
sh513130,09:31:50,1768786312682,5787.29,0.8933,7.3521,0.747,0.7471,-0.0134,362500,271110,0.7479,0.747,38859200,0.746,65746300,0.745,34997500,0.744,33861300,0.743,29368600,0.748,23181900,0.749,44241900,0.750,58906400,0.751,27956200,0.752,19301100,48,99999,0
sh513130,09:31:53,1768786315686,5786.99,0.8933,3.178,0.748,0.7471,0.1205,1320900,987605,0.7477,0.747,44033800,0.746,65784300,0.745,35835000,0.744,30578300,0.743,29369600,0.748,22450300,0.749,44263800,0.750,59740000,0.751,28023500,0.752,19301100,875,99999,0
sh513130,09:31:56,1768786317692,5785.13,0.8933,2.9388,0.748,0.7477,0.0401,641300,479117,0.7471,0.747,31851400,0.746,66043600,0.745,44705700,0.744,33578300,0.743,29369600,0.748,22992600,0.749,44263800,0.750,60573600,0.751,28024500,0.752,19301100,721,99999,0
sh513130,09:31:59,1768786321684,5785.21,0.8933,4.0321,0.748,0.7477,0.0401,1503500,1124415,0.7479,0.747,31680100,0.746,66014200,0.745,45786700,0.744,33578300,0.743,29361600,0.748,41477300,0.749,44263800,0.750,48274800,0.751,28012500,0.752,19511700,374,99999,0
sh513130,09:32:02,1768786324685,5783.02,0.8933,3.6288,0.747,0.7477,-0.0936,267300,199918,0.7479,0.747,32886100,0.746,66421300,0.745,45987800,0.744,33578300,0.743,29361600,0.748,39578000,0.749,44290400,0.750,48421000,0.751,27052700,0.752,19511700,82,99999,0
sh513130,09:32:05,1768786327695,5781.44,0.8933,3.1435,0.748,0.7471,0.1205,289800,216752,0.7479,0.747,32730300,0.746,65379300,0.745,46859800,0.744,33563700,0.743,29312500,0.748,42449000,0.749,45232600,0.750,48421000,0.751,27052700,0.752,19821700,991,99999,0
sh513130,09:32:08,1768786330689,5781.94,0.8933,2.7975,0.747,0.7471,-0.0134,459100,343404,0.748,0.747,32771900,0.746,66511500,0.745,47919000,0.744,33615000,0.743,29412500,0.748,40054400,0.749,45595500,0.750,48443000,0.751,27052700,0.752,19821700,49,99999,0
sh513130,09:32:11,1768786333688,5781.82,0.8933,6.7377,0.747,0.7471,-0.0134,137800,103008,0.7475,0.747,32419600,0.746,66545100,0.745,49096200,0.744,33645000,0.743,29417500,0.748,43102200,0.749,46430100,0.750,48443000,0.751,27052700,0.752,19821800,1047,99999,0
sh513130,09:32:14,1768786336693,5779.61,0.8933,4.2501,0.748,0.7471,0.1205,287000,214561,0.7476,0.747,32428000,0.746,68541100,0.745,50131300,0.744,33197700,0.743,29417500,0.748,44093200,0.749,47192200,0.750,48458400,0.751,27056700,0.752,19941800,48,99999,0
sh513130,09:32:17,1768786338685,5778.84,0.8933,3.5158,0.748,0.7471,0.1205,436500,326085,0.747,0.747,29699900,0.746,64542100,0.745,51098100,0.744,33197700,0.743,32367500,0.748,44804000,0.749,48126800,0.750,48334300,0.751,27056700,0.752,19955700,49,99999,0
sh513130,09:32:20,1768786342711,5776.79,0.8933,5.1377,0.748,0.7464,0.2144,225400,168547,0.7478,0.747,18353900,0.746,61173000,0.745,52247700,0.744,33198200,0.743,32384400,0.748,50528600,0.749,48981500,0.750,49569300,0.751,28046700,0.752,19955700,124,99999,0
sh513130,09:32:23,1768786345702,5776.11,0.8933,5.7333,0.747,0.7464,0.0804,18503900,13822432,0.747,0.746,52237000,0.745,53148200,0.744,42188200,0.743,32394200,0.742,27455600,0.747,1244900,0.748,48651600,0.749,49944900,0.750,49706000,0.751,26999300,490,99999,0
sh513130,09:32:26,1768786349712,5775.12,0.8933,4.5309,0.747,0.7464,0.0804,307400,229615,0.747,0.746,53132000,0.745,54134900,0.744,42190400,0.743,32394200,0.742,27455600,0.747,6634100,0.748,45609300,0.749,49944900,0.750,49706000,0.751,26999300,156,99999,0
sh513130,09:32:29,1768786352728,5773.74,0.8933,6.1791,0.747,0.7464,0.0804,5454400,4074436,0.747,0.747,158500,0.746,59350000,0.745,54983700,0.744,35785600,0.743,32394200,0.748,50542800,0.749,50015400,0.750,49748000,0.751,26999300,0.752,20243100,111,99999,0
sh513130,09:32:32,1768786354724,5775.64,0.8933,6.065,0.747,0.7464,0.0804,3608100,2695039,0.7469,0.746,51001000,0.745,55223500,0.744,36806900,0.743,32394200,0.742,27453600,0.747,5379800,0.748,51964700,0.749,50896200,0.750,48718000,0.751,26999300,126,99999,0
sh513130,09:32:35,1768786357716,5774.81,0.8933,3.9154,0.747,0.7464,0.0804,2159400,1613110,0.747,0.746,51073000,0.745,55295300,0.744,45647600,0.743,32244500,0.742,27453600,0.747,4394300,0.748,56047700,0.749,51649500,0.750,48732400,0.751,26999300,1074,99999,0
sh513130,09:32:38,1768786360709,5774.83,0.8933,3.4847,0.747,0.7464,0.0804,611600,456633,0.7466,0.746,50888000,0.745,55223900,0.744,46494800,0.743,32247500,0.742,27673600,0.747,7204700,0.748,50723900,0.749,52484100,0.750,45816500,0.751,27899300,63,99999,0
sh513130,09:32:41,1768786364715,5772.96,0.8933,2.8626,0.747,0.7464,0.0804,300700,224570,0.7468,0.746,50849500,0.745,55672300,0.744,47331500,0.743,32208400,0.742,27671100,0.747,10371200,0.748,50339200,0.749,52538200,0.750,45381800,0.751,27940600,127,99999,0
sh513130,09:32:44,1768786366715,5773.73,0.8933,2.0742,0.747,0.7464,0.0804,328900,245636,0.7468,0.746,51215300,0.745,55520800,0.744,48171700,0.743,32715400,0.742,27671100,0.747,11165000,0.748,51760700,0.749,53572800,0.750,45381800,0.751,27940600,93,99999,0
sh513130,09:32:47,1768786369718,5773.93,0.8933,2.9202,0.747,0.7464,0.0804,1454100,1084866,0.7461,0.746,50114400,0.745,55618200,0.744,49151100,0.743,32698500,0.742,27671100,0.747,8845500,0.748,52406300,0.749,54563400,0.750,48313100,0.751,27940600,563,99999,0
sh513130,09:32:50,1768786372699,5776.31,0.8933,3.6505,0.747,0.7464,0.0804,450200,336069,0.7465,0.746,50216400,0.745,55720700,0.744,41998300,0.743,32679500,0.742,27671100,0.747,2508100,0.748,57154400,0.749,54563400,0.750,48221100,0.751,27940600,62,99999,0
sh513130,09:32:53,1768786375699,5776.79,0.8933,5.4224,0.747,0.7464,0.0804,3569900,2666546,0.747,0.747,3300900,0.746,62516300,0.745,55648100,0.744,41158700,0.743,30681500,0.748,55173800,0.749,55405500,0.750,48397300,0.751,27940600,0.752,20298100,12,99999,0
sh513130,09:32:56,1768786377700,5775.76,0.8933,5.3997,0.747,0.7457,0.1743,1406300,1050500,0.747,0.746,49783000,0.745,55728600,0.744,49159200,0.743,32681000,0.742,27722600,0.747,22470900,0.748,52062600,0.749,46446800,0.750,41687000,0.751,27940700,1141,99999,0
sh513130,09:32:59,1768786381713,5775.4,0.8933,4.9076,0.747,0.7464,0.0804,157400,117576,0.747,0.746,51895900,0.745,56059700,0.744,49159200,0.743,32681500,0.742,27722600,0.747,28668700,0.748,46448900,0.749,46446800,0.750,42690000,0.751,27940700,1061,99999,0
sh513130,09:33:02,1768786384724,5773.9,0.8933,2.8103,0.747,0.7464,0.0804,303500,226588,0.7466,0.746,51814900,0.745,55961900,0.744,50839600,0.743,32681500,0.742,27724200,0.747,34558300,0.748,46840400,0.749,46413800,0.750,41674600,0.751,27941700,110,99999,0
sh513130,09:33:05,1768786387720,5773.84,0.8933,4.5905,0.746,0.7464,-0.0536,770200,574916,0.7465,0.746,52181100,0.745,55992400,0.744,51704900,0.743,32686500,0.742,27724200,0.747,36287200,0.748,46824600,0.749,46593000,0.750,41674600,0.751,27861700,1095,99999,0
sh513130,09:33:08,1768786389711,5773.01,0.8933,4.4157,0.746,0.7464,-0.0536,4510200,3364889,0.7461,0.746,25590500,0.745,64801200,0.744,55407400,0.743,32686500,0.742,27723800,0.747,38096300,0.748,46814500,0.749,46593500,0.750,41674600,0.751,27859700,964,99999,0
sh513130,09:33:11,1768786393699,5769.74,0.8933,0.8401,0.747,0.7457,0.1743,9970100,7438004,0.746,0.746,14008100,0.745,64889400,0.744,57099000,0.743,40747100,0.742,27723800,0.747,41393600,0.748,48038400,0.749,46654200,0.750,40674100,0.751,27873700,599,99999,0
sh513130,09:33:14,1768786396690,5768.59,0.8933,2.9897,0.746,0.7457,0.0402,6947800,5183128,0.746,0.746,9162100,0.745,63690100,0.744,57113600,0.743,41737100,0.742,26914500,0.747,43312000,0.748,48047300,0.749,46594200,0.750,40732500,0.751,27873700,66,99999,0
sh513130,09:33:17,1768786400684,5767.65,0.8933,4.7603,0.747,0.7457,0.1743,8145200,6076838,0.7461,0.746,4090100,0.745,61673600,0.744,57932100,0.743,33751000,0.742,27912700,0.747,43060600,0.748,48264400,0.749,42214200,0.750,40732500,0.751,27674500,89,99999,0
sh513130,09:33:20,1768786402682,5766.79,0.8933,3.8689,0.746,0.7451,0.1208,5345100,3987589,0.746,0.745,55191900,0.744,57959800,0.743,42593700,0.742,26912700,0.741,35751200,0.746,572900,0.747,42394300,0.748,48999100,0.749,39114200,0.750,35729500,95,99999,0
sh513130,09:33:23,1768786405682,5768.55,0.8933,2.3093,0.746,0.7451,0.1208,887800,662215,0.7459,0.745,52403200,0.744,57959800,0.743,43437100,0.742,29912700,0.741,35751300,0.746,6168100,0.747,37925800,0.748,46028900,0.749,38006600,0.750,33082400,1083,99999,0
sh513130,09:33:26,1768786407684,5767.59,0.8933,3.586,0.746,0.7451,0.1208,1281800,955108,0.7451,0.745,51926900,0.744,57213800,0.743,43452100,0.742,29876700,0.741,35751300,0.746,12157300,0.747,38348400,0.748,46019900,0.749,29998400,0.750,33082400,1049,99999,0
sh513130,09:33:29,1768786411700,5766.37,0.8933,5.2389,0.746,0.7451,0.1208,1251100,932191,0.7451,0.745,48958300,0.744,57226800,0.743,44309500,0.742,29907700,0.741,35828500,0.746,21437400,0.747,35806000,0.748,46091700,0.749,29986500,0.750,33082400,1069,99999,0
sh513130,09:33:32,1768786414689,5765.37,0.8933,5.5055,0.746,0.7451,0.1208,449400,334902,0.7452,0.745,47704700,0.744,57226800,0.743,45152400,0.742,29907900,0.741,35828500,0.746,24419900,0.747,37353800,0.748,41892200,0.749,27167700,0.750,33082400,66,99999,0
sh513130,09:33:35,1768786417695,5765.42,0.8933,5.6948,0.746,0.7451,0.1208,1724900,1285599,0.7453,0.745,46512200,0.744,57226800,0.743,46000800,0.742,29936900,0.741,35882200,0.746,33228200,0.747,37998400,0.748,34395700,0.749,27121500,0.750,33346200,665,99999,0
sh513130,09:33:38,1768786420722,5766.17,0.8933,4.8297,0.746,0.7451,0.1208,676800,504731,0.7458,0.745,46107800,0.744,57241800,0.743,46842200,0.742,29937000,0.741,35887200,0.746,32872400,0.747,38713100,0.748,34488900,0.749,27121500,0.750,33346200,155,99999,0
sh513130,09:33:41,1768786424718,5765.88,0.8933,5.2413,0.746,0.7444,0.2149,2032500,1514926,0.7454,0.745,45024500,0.744,57305100,0.743,47784600,0.742,29975500,0.741,35897400,0.746,27707400,0.747,46161200,0.748,34862600,0.749,27121700,0.750,33349500,97,99999,0
sh513130,09:33:44,1768786426726,5765.79,0.8933,3.8471,0.746,0.7444,0.2149,1844000,1375379,0.7459,0.745,45724400,0.744,57305200,0.743,48621700,0.742,29995500,0.741,35901800,0.746,26074500,0.747,46771700,0.748,35146000,0.749,26652100,0.750,33464100,142,99999,0
sh513130,09:33:47,1768786429731,5766.5,0.8933,3.9582,0.745,0.7444,0.0806,676100,504041,0.7455,0.745,44803100,0.744,58636600,0.743,49488000,0.742,29971800,0.741,35902000,0.746,23126600,0.747,46692100,0.748,35060500,0.749,29544200,0.750,33464100,1091,99999,0
sh513130,09:33:50,1768786431742,5765.6,0.8933,5.2696,0.746,0.7444,0.2149,2265100,1688502,0.7454,0.745,50310000,0.744,62644600,0.743,55389800,0.742,29972600,0.741,35902000,0.746,34433700,0.747,45606700,0.748,40060200,0.749,28558000,0.750,33486500,1155,99999,0
sh513130,09:33:53,1768786434722,5765.47,0.8933,6.7615,0.746,0.7444,0.2149,1223900,911896,0.7451,0.745,49345400,0.744,62683400,0.743,56244700,0.742,29990600,0.741,35926500,0.746,30121500,0.747,49835100,0.748,40154500,0.749,26665900,0.750,33250200,141,99999,0
sh513130,09:33:56,1768786437713,5765.36,0.8933,4.7872,0.745,0.7444,0.0806,1179900,879184,0.7451,0.745,51938800,0.744,62798100,0.743,56961900,0.742,30493700,0.741,35926500,0.746,36342600,0.747,43266500,0.748,39770900,0.749,26690900,0.750,33250200,1084,99999,0
sh513130,09:33:59,1768786440713,5765.48,0.8933,4.5789,0.746,0.7444,0.2149,848300,632127,0.7452,0.745,48466000,0.744,62818300,0.743,56961900,0.742,31363100,0.741,35929500,0.746,37305600,0.747,43938600,0.748,39790900,0.749,26690900,0.750,33270200,94,99999,0
sh513130,09:34:02,1768786444701,5763.47,0.8933,5.5095,0.745,0.7444,0.0806,456800,340345,0.7451,0.745,45236600,0.744,74966100,0.743,61710700,0.742,32358800,0.741,35959500,0.746,37536900,0.747,44522200,0.748,39779300,0.749,25700900,0.750,33300300,9,99999,0
sh513130,09:34:05,1768786446692,5762.45,0.8933,5.5672,0.746,0.7444,0.2149,396100,295274,0.7455,0.745,29188300,0.744,74986100,0.743,61770600,0.742,33221300,0.741,35980500,0.746,37658100,0.747,45585700,0.748,39779300,0.749,25700900,0.750,33308000,1,99999,0
sh513130,09:34:08,1768786449694,5762.99,0.8933,6.4064,0.745,0.7444,0.0806,555700,414213,0.7454,0.745,34062800,0.744,74988100,0.743,61775400,0.742,34074200,0.741,36179800,0.746,38578300,0.747,52050600,0.748,39776500,0.749,25700900,0.750,33208000,1079,99999,0
sh513130,09:34:11,1768786453684,5763.94,0.8933,3.5386,0.746,0.7444,0.2149,136300,101551,0.7451,0.745,50794300,0.744,75753400,0.743,61775400,0.742,34923100,0.741,36179800,0.746,33805800,0.747,51857700,0.748,39687600,0.749,27593000,0.750,33207900,1109,99999,0
sh513130,09:34:14,1768786456677,5765.87,0.8933,4.7077,0.746,0.7444,0.2149,216600,161528,0.7457,0.745,50892000,0.744,75826700,0.743,61805400,0.742,35779000,0.741,36222400,0.746,40456500,0.747,47144600,0.748,39694600,0.749,26690900,0.750,33097800,9,99999,0
sh513130,09:34:17,1768786459665,5765.24,0.8933,3.5029,0.745,0.7444,0.0806,2023300,1508035,0.7453,0.745,54610500,0.744,75873600,0.743,62040000,0.742,35879400,0.741,36222800,0.746,33262500,0.747,53914900,0.748,39592200,0.749,28583000,0.750,33123900,1082,99999,0
sh513130,09:34:20,1768786462675,5763.89,0.8933,3.5106,0.746,0.7444,0.2149,703200,523928,0.7451,0.745,53980300,0.744,75874100,0.743,62533800,0.742,35879400,0.741,36233300,0.746,40276400,0.747,48414900,0.748,40411400,0.749,28583000,0.750,33123900,32,99999,0
sh513130,09:34:23,1768786465669,5763.98,0.8933,2.9242,0.746,0.7444,0.2149,165100,123044,0.7453,0.745,53925700,0.744,75892100,0.743,62535800,0.742,35879400,0.741,36233300,0.746,42578600,0.747,48419900,0.748,40071200,0.749,21686000,0.750,33123900,712,99999,0
sh513130,09:34:26,1768786467675,5764.55,0.8933,4.8941,0.746,0.7444,0.2149,394800,294220,0.7452,0.745,54366300,0.744,76964100,0.743,62538800,0.742,35819400,0.741,36290300,0.746,42691500,0.747,48710500,0.748,40071200,0.749,23575100,0.750,33123900,549,99999,0
sh513130,09:34:29,1768786471666,5765.26,0.8933,4.5026,0.745,0.7444,0.0806,974600,726474,0.7454,0.745,54507900,0.744,75995100,0.743,62542800,0.742,35831900,0.741,37800300,0.746,39309500,0.747,54416400,0.748,40015800,0.749,23575100,0.750,33107700,206,99999,0
sh513130,09:34:32,1768786473669,5765.06,0.8933,6.1171,0.746,0.7444,0.2149,1336400,996793,0.7459,0.745,54406500,0.744,76012100,0.743,62724800,0.742,35831900,0.741,37847800,0.746,45592100,0.747,55936600,0.748,40015800,0.749,23562100,0.750,33120700,33,99999,0
sh513130,09:34:35,1768786476675,5764.69,0.8933,5.0633,0.746,0.7451,0.1208,1103800,822452,0.7451,0.745,53900800,0.744,76058100,0.743,62797000,0.742,35874200,0.741,37867800,0.746,49664300,0.747,55581000,0.748,47002500,0.749,23562100,0.750,33102100,96,99999,0
sh513130,09:34:38,1768786480665,5764.41,0.8933,5.3594,0.745,0.7451,-0.0134,1515300,1130015,0.7457,0.745,53977700,0.744,76076800,0.743,62817000,0.742,35924200,0.741,37887800,0.746,50546100,0.747,55492300,0.748,47131100,0.749,23562100,0.750,33086500,79,99999,0
sh513130,09:34:41,1768786483669,5762.34,0.8933,6.3511,0.745,0.7451,-0.0134,515000,383948,0.7455,0.745,54080500,0.744,76101100,0.743,62840800,0.742,35928300,0.741,37943100,0.746,56666800,0.747,49907600,0.748,47138700,0.749,22571500,0.750,33086500,1017,99999,0
sh513130,09:34:44,1768786486679,5761.75,0.8933,5.3786,0.746,0.7451,0.1208,1272000,947772,0.7451,0.745,45323700,0.744,76106500,0.743,62941800,0.742,35961700,0.741,37956300,0.746,59406700,0.747,50824700,0.748,48758100,0.749,20683600,0.750,32976500,78,99999,0
sh513130,09:34:47,1768786488676,5762.17,0.8933,3.9284,0.746,0.7451,0.1208,1710000,1273998,0.745,0.745,47172600,0.744,76217200,0.743,62965500,0.742,41018400,0.741,37967000,0.746,59448500,0.747,51825000,0.748,48735300,0.749,20702300,0.750,32509500,97,99999,0
sh513130,09:34:50,1768786492673,5760.84,0.8933,3.2932,0.745,0.7438,0.1613,535100,398766,0.7452,0.745,22272900,0.744,73900900,0.743,63005800,0.742,49031800,0.741,37978700,0.746,60572900,0.747,51825400,0.748,48737600,0.749,20701300,0.750,32529500,78,99999,0
sh513130,09:34:53,1768786494681,5761.17,0.8933,3.8271,0.746,0.7438,0.2958,1377300,1026299,0.7452,0.745,20405000,0.744,64007900,0.743,63420800,0.742,49032800,0.741,37998700,0.746,61670700,0.747,51812700,0.748,48725300,0.749,20698300,0.750,32529500,95,99999,0
sh513130,09:34:56,1768786499688,5759.62,0.8933,6.9025,0.745,0.7438,0.1613,4677200,3484599,0.745,0.745,15949700,0.744,62674400,0.743,63372800,0.742,50872300,0.741,37649200,0.746,61171600,0.747,51749000,0.748,48751000,0.749,20798300,0.750,32569500,1127,99999,0
sh513130,09:34:59,1768786501689,5759.77,0.8933,6.466,0.745,0.7438,0.1613,16480700,12278238,0.745,0.744,61986700,0.743,63419700,0.742,51712300,0.741,37645200,0.740,42809400,0.745,22868700,0.746,58762900,0.747,46372600,0.748,43751500,0.749,20804300,1096,99999,0
sh513130,09:35:02,1768786505696,5759.34,0.8933,3.8833,0.745,0.7438,0.1613,820700,611422,0.745,0.744,64986100,0.743,64633800,0.742,52573400,0.741,40623600,0.740,43308100,0.745,28005400,0.746,60038100,0.747,46342600,0.748,40303700,0.749,20804300,1099,99999,0
sh513130,09:35:05,1768786506697,5759.34,0.8933,5.3421,0.745,0.7438,0.1613,1067900,795196,0.7446,0.744,90367000,0.743,86932900,0.742,53414500,0.741,37623600,0.740,43303100,0.745,47600300,0.746,58991800,0.747,41606700,0.748,30270900,0.749,20834300,75,99999,0
sh513130,09:35:08,1768786510681,5757.88,0.8933,5.3203,0.744,0.7438,0.0269,6063200,4516572,0.7449,0.744,89306400,0.743,86933000,0.742,54279700,0.741,38621600,0.740,43272500,0.745,42879800,0.746,55512900,0.747,41348900,0.748,28334800,0.749,20853000,14,99999,0
sh513130,09:35:11,1768786513686,5757.96,0.8933,2.3,0.745,0.7438,0.1613,8515700,6343480,0.7449,0.744,100010300,0.743,86971300,0.742,46981400,0.741,37579800,0.740,43292600,0.745,1032900,0.746,62291100,0.747,50848900,0.748,29334300,0.749,20853000,826,99999,0
sh513130,09:35:14,1768786516693,5761.44,0.8933,7.3449,0.745,0.7445,0.0672,7299800,5438377,0.745,0.745,81605000,0.744,96395300,0.743,86020200,0.742,39048400,0.741,37581800,0.746,64367200,0.747,63847700,0.748,30261100,0.749,20853000,0.750,32583300,174,99999,0
sh513130,09:35:17,1768786518688,5761.31,0.8933,6.1744,0.745,0.7445,0.0672,10493800,7817886,0.745,0.745,75712600,0.744,97439700,0.743,86413100,0.742,34069600,0.741,37582200,0.746,64427900,0.747,63869000,0.748,35261100,0.749,20853000,0.750,32583300,79,99999,0
sh513130,09:35:20,1768786522683,5762.14,0.8933,4.0309,0.745,0.7445,0.0672,601600,448192,0.745,0.745,76427900,0.744,98266800,0.743,86413100,0.742,34073600,0.741,37607200,0.746,58736900,0.747,68579200,0.748,35321100,0.749,20875000,0.750,32583300,80,99999,0
sh513130,09:35:23,1768786524692,5763.06,0.8933,4.2075,0.745,0.7445,0.0672,1561500,1163353,0.745,0.745,74465600,0.744,99202600,0.743,86524000,0.742,37202200,0.741,37607200,0.746,67754200,0.747,63082400,0.748,35213000,0.749,20875000,0.750,32583300,98,99999,0
sh513130,09:35:26,1768786528694,5762.64,0.8933,4.6893,0.746,0.7445,0.2015,468800,349360,0.7452,0.745,56649000,0.744,100233900,0.743,86636400,0.742,37237000,0.741,37612400,0.746,69719400,0.747,62082400,0.748,35210700,0.749,20875000,0.750,32583300,75,99999,0
sh513130,09:35:29,1768786530687,5760.82,0.8933,4.5653,0.746,0.7445,0.2015,250800,186980,0.7455,0.745,37107200,0.744,99329900,0.743,86636500,0.742,37328100,0.741,37762400,0.746,71956500,0.747,62139800,0.748,36175700,0.749,20875000,0.750,32583300,34,99999,0
sh513130,09:35:32,1768786534681,5762.15,0.8933,2.6395,0.746,0.7445,0.2015,525300,391699,0.7457,0.745,70239700,0.744,109717000,0.743,86988700,0.742,42379300,0.741,37893400,0.746,71769900,0.747,62160100,0.748,36412700,0.749,20877000,0.750,32645800,44,99999,0
sh513130,09:35:35,1768786536696,5761.79,0.8933,3.2518,0.745,0.7438,0.1613,693400,516870,0.7454,0.745,81463200,0.744,104991300,0.743,87055200,0.742,39466300,0.741,37913500,0.746,73521200,0.747,62181100,0.748,37717100,0.749,20898000,0.750,32645800,65,99999,0
sh513130,09:35:38,1768786540700,5762.19,0.8933,3.8029,0.746,0.7438,0.2958,574600,428613,0.7459,0.745,77256700,0.744,111543600,0.743,87215100,0.742,37546300,0.741,37913700,0.746,73030100,0.747,63197100,0.748,36599100,0.749,20903000,0.750,32693800,94,99999,0
sh513130,09:35:41,1768786542698,5759.46,0.8933,3.4557,0.745,0.7445,0.0672,13998900,10429652,0.745,0.744,96665800,0.743,88254500,0.742,50579400,0.741,37934700,0.740,43981700,0.745,47976200,0.746,65228100,0.747,40771900,0.748,36629100,0.749,21053000,49,99999,0
sh513130,09:35:44,1768786546705,5760.59,0.8933,2.9977,0.746,0.7445,0.2015,5145600,3833482,0.745,0.745,19439300,0.744,96983200,0.743,88384500,0.742,50581900,0.741,37935000,0.746,75830000,0.747,63657300,0.748,36627100,0.749,21053000,0.750,32635300,95,99999,0
sh513130,09:35:47,1768786548701,5760.93,0.8933,3.2377,0.745,0.7445,0.0672,1386800,1033642,0.7453,0.745,74995600,0.744,106215000,0.743,88409000,0.742,37631900,0.741,37935500,0.746,76064200,0.747,63657300,0.748,37524200,0.749,21053000,0.750,32635300,111,99999,0
sh513130,09:35:50,1768786552688,5759.7,0.8933,4.6259,0.746,0.7438,0.2958,881200,656627,0.7452,0.745,78214100,0.744,98532700,0.743,88414000,0.742,46455000,0.741,38021000,0.746,77432700,0.747,63717300,0.748,38360000,0.749,21186000,0.750,32628800,97,99999,0
sh513130,09:35:53,1768786554705,5759.04,0.8933,4.2589,0.746,0.7438,0.2958,549000,409129,0.7452,0.745,18254400,0.744,98588200,0.743,87879100,0.742,52311000,0.741,38022800,0.746,77872300,0.747,64118900,0.748,39150800,0.749,21222600,0.750,32678800,109,99999,0
sh513130,09:35:56,1768786559701,5758.74,0.8933,5.8733,0.745,0.7438,0.1613,16781000,12501852,0.745,0.744,98019600,0.743,89279100,0.742,53167200,0.741,38044400,0.740,44326100,0.745,27815700,0.746,71272900,0.747,53243600,0.748,38096600,0.749,21222600,1038,99999,0
sh513130,09:35:59,1768786560704,5759.41,0.8933,5.7844,0.746,0.7438,0.2958,6559200,4886626,0.745,0.745,87499500,0.744,106306200,0.743,89326200,0.742,49455800,0.741,38054400,0.746,78880600,0.747,64512600,0.748,40156600,0.749,21233600,0.750,32629000,63,99999,0
sh513130,09:36:02,1768786564701,5760.29,0.8933,3.4848,0.746,0.7438,0.2958,192800,143685,0.7453,0.745,98771100,0.744,100867000,0.743,89497900,0.742,41093400,0.741,41584700,0.746,79667500,0.747,64512600,0.748,40242600,0.749,21232100,0.750,32760600,46,99999,0
sh513130,09:36:05,1768786567703,5760.93,0.8933,4.6517,0.746,0.7438,0.2958,540400,402650,0.7451,0.745,99249300,0.744,101487800,0.743,89131700,0.742,41094400,0.741,41584700,0.746,80457500,0.747,64612600,0.748,40282600,0.749,21232100,0.750,32756000,317,99999,0
sh513130,09:36:08,1768786571708,5755.99,0.8933,5.0412,0.745,0.7438,0.1613,12815200,9548325,0.7451,0.744,97991200,0.743,89132000,0.742,49857200,0.741,41594700,0.740,44495300,0.745,51631300,0.746,61644500,0.747,42578000,0.748,34230400,0.749,21232100,1124,99999,0
sh513130,09:36:11,1768786573701,5756.03,0.8933,4.45,0.745,0.7445,0.0672,948300,706484,0.745,0.744,96471100,0.743,89192300,0.742,56995400,0.741,44606500,0.740,44492500,0.745,53726200,0.746,63032700,0.747,43128000,0.748,29314300,0.749,21232100,1061,99999,0
sh513130,09:36:14,1768786576701,5757.2,0.8933,5.231,0.745,0.7438,0.1613,2244200,1671496,0.7448,0.744,99313000,0.743,89272500,0.742,57008900,0.741,41606500,0.740,44571200,0.745,52140500,0.746,63912800,0.747,43128000,0.748,29314300,0.749,21227100,134,99999,0
sh513130,09:36:17,1768786578704,5756.6,0.8933,6.2739,0.745,0.7438,0.1613,7909400,5892485,0.745,0.745,60228600,0.744,99618300,0.743,89346500,0.742,56875500,0.741,41606500,0.746,81228600,0.747,54869400,0.748,34314300,0.749,21227100,0.750,32874200,80,99999,0
sh513130,09:36:20,1768786582718,5754.87,0.8933,4.9379,0.745,0.7438,0.1613,8936100,6657375,0.745,0.744,97395900,0.743,89369300,0.742,58969100,0.741,42881600,0.740,44593300,0.745,44802900,0.746,65307800,0.747,39260400,0.748,34314300,0.749,21803600,78,99999,0
sh513130,09:36:23,1768786584713,5754.6,0.8933,4.8498,0.745,0.7438,0.1613,948400,706552,0.745,0.744,93607500,0.743,89391400,0.742,59816700,0.741,44883200,0.740,44653300,0.745,46572900,0.746,64407200,0.747,39260400,0.748,34314300,0.749,21803600,175,99999,0
sh513130,09:36:26,1768786587717,5754.72,0.8933,4.4107,0.745,0.7438,0.1613,997300,742961,0.745,0.744,97487600,0.743,89396400,0.742,60624900,0.741,41883200,0.740,44753300,0.745,47774500,0.746,60948600,0.747,38260400,0.748,34314300,0.749,21815800,742,99999,0
sh513130,09:36:29,1768786591721,5755.64,0.8933,6.5173,0.745,0.7438,0.1613,429600,320023,0.7449,0.744,99456500,0.743,89423100,0.742,60647600,0.741,42746400,0.740,44777900,0.745,34510400,0.746,68434300,0.747,38280400,0.748,34334300,0.749,21565800,374,99999,0
sh513130,09:36:32,1768786594727,5756.88,0.8933,5.7078,0.745,0.7438,0.1613,9097100,6777342,0.745,0.745,35191300,0.744,101318000,0.743,89611100,0.742,60648100,0.741,41902700,0.746,76014900,0.747,51411200,0.748,34336300,0.749,21577800,0.750,33332800,135,99999,0
sh513130,09:36:35,1768786597728,5757.14,0.8933,5.6497,0.745,0.7438,0.1613,1014200,755607,0.745,0.745,20938200,0.744,104607400,0.743,89636100,0.742,59665300,0.741,41942700,0.746,76407000,0.747,52048200,0.748,34349800,0.749,21577800,0.750,33332800,1091,99999,0
sh513130,09:36:38,1768786599741,5757.94,0.8933,3.9048,0.745,0.7438,0.1613,434900,324150,0.7453,0.745,12602700,0.744,105236400,0.743,89916400,0.742,59665300,0.741,41942700,0.746,75660400,0.747,52875200,0.748,35339800,0.749,21577800,0.750,33332800,1186,99999,0
sh513130,09:36:41,1768786602733,5754.7,0.8933,0.9942,0.745,0.7438,0.1613,14426300,10747594,0.745,0.744,104315800,0.743,89931400,0.742,60695500,0.741,43206400,0.740,45293400,0.745,46459900,0.746,64120300,0.747,38339700,0.748,34349800,0.749,21577800,157,99999,0
sh513130,09:36:44,1768786605714,5755.16,0.8933,5.5199,0.745,0.7438,0.1613,376900,280764,0.7449,0.744,104945300,0.743,89983400,0.742,60697100,0.741,44053600,0.740,45293800,0.745,55834200,0.746,58589100,0.747,38339700,0.748,34333800,0.749,21577800,1125,99999,0
sh513130,09:36:41,1768786606721,5754.74,0.8933,5.5441,0.745,0.7438,0.1613,0,0,0.745,0.744,104315800,0.743,89931400,0.742,60695500,0.741,43206400,0.740,45293400,0.745,46459900,0.746,64120300,0.747,38339700,0.748,34349800,0.749,21577800,79,99999,2
sh513130,09:36:44,1768786607715,5754.74,0.8933,5.4212,0.745,0.7438,0.1613,0,0,0.745,0.744,104945300,0.743,89983400,0.742,60697100,0.741,44053600,0.740,45293800,0.745,55834200,0.746,58589100,0.747,38339700,0.748,34333800,0.749,21577800,1075,99999,0
sh513130,09:36:47,1768786609720,5754.11,0.8933,4.8333,0.744,0.7438,0.0269,168700,125675,0.745,0.744,96622400,0.743,95404000,0.742,60817100,0.741,47737700,0.740,45298900,0.745,59640500,0.746,58059800,0.747,38319600,0.748,29343800,0.749,21577800,897,99999,0
sh513130,09:36:50,1768786612714,5755.42,0.8933,5.0362,0.744,0.7438,0.0269,726800,541316,0.7448,0.744,105195300,0.743,90491500,0.742,60823100,0.741,44774100,0.740,45304000,0.745,57950800,0.746,57623200,0.747,38319600,0.748,29343800,0.749,21577800,127,99999,0
sh513130,09:36:53,1768786615710,5755.78,0.8933,4.9573,0.745,0.7438,0.1613,312100,232404,0.7446,0.744,105359500,0.743,90491500,0.742,60675100,0.741,45575800,0.740,45304500,0.745,49133500,0.746,62821200,0.747,39256500,0.748,29353800,0.749,21577800,348,99999,0
sh513130,09:36:56,1768786618699,5757.02,0.8933,2.824,0.745,0.7438,0.1613,173900,129411,0.7442,0.744,105470200,0.743,90549600,0.742,60677300,0.741,46419500,0.740,45306500,0.745,60754400,0.746,57190900,0.747,38417600,0.748,28963800,0.749,21949900,128,99999,0
sh513130,09:36:59,1768786620701,5756.43,0.8933,1.3878,0.745,0.7438,0.1613,403600,300501,0.7446,0.744,105654300,0.743,91608800,0.742,60677000,0.741,47363500,0.740,45591300,0.745,19785600,0.746,75474800,0.747,50416400,0.748,28963800,0.749,21959900,125,99999,0
sh513130,09:37:02,1768786624686,5757.81,0.8933,1.0747,0.745,0.7438,0.1613,13183700,9821856,0.745,0.745,41534100,0.744,105280100,0.743,90630900,0.742,59688000,0.741,42420500,0.746,75333300,0.747,51026400,0.748,33963800,0.749,21959900,0.750,34502300,63,99999,0
sh513130,09:37:05,1768786627695,5757.6,0.8933,2.2267,0.745,0.7438,0.1613,6454600,4808680,0.745,0.745,2160500,0.744,106364700,0.743,90723900,0.742,59678000,0.741,42809400,0.746,77593100,0.747,51863300,0.748,33963800,0.749,21959900,0.750,34494300,1147,99999,0
sh513130,09:37:08,1768786629695,5758.4,0.8933,3.6626,0.745,0.7438,0.1613,501800,373843,0.745,0.745,64324500,0.744,114297100,0.743,91142000,0.742,51629100,0.741,42831100,0.746,76667900,0.747,52700200,0.748,33963800,0.749,21959900,0.750,34504300,1111,99999,0
sh513130,09:37:11,1768786633711,5757.57,0.8933,3.2383,0.745,0.7438,0.1613,2438400,1816622,0.745,0.745,7611000,0.744,106456900,0.743,91195000,0.742,59632000,0.741,43038500,0.746,77270400,0.747,53332100,0.748,33970700,0.749,21954900,0.750,34669200,931,99999,0
sh513130,09:37:14,1768786636721,5758.94,0.8933,3.4409,0.745,0.7438,0.1613,179900,134058,0.7452,0.745,40238500,0.744,106644000,0.743,91214100,0.742,59923400,0.741,43063500,0.746,77388100,0.747,54147800,0.748,34932600,0.749,21952900,0.750,34669200,174,99999,0
sh513130,09:37:17,1768786639725,5759.52,0.8933,2.9825,0.746,0.7438,0.2958,1121300,835440,0.7451,0.745,57702800,0.744,107160300,0.743,91389700,0.742,54933400,0.741,43134500,0.746,76776300,0.747,54984700,0.748,34989600,0.749,21952900,0.750,34669200,409,99999,0
sh513130,09:37:20,1768786642726,5758.19,0.8933,3.8115,0.746,0.7438,0.2958,187900,140094,0.7456,0.745,13176700,0.744,107243100,0.743,91664800,0.742,55013000,0.741,43186600,0.746,77948300,0.747,55578800,0.748,35189600,0.749,21952900,0.750,34673600,173,99999,0
sh513130,09:37:23,1768786645757,5757.58,0.8933,3.4032,0.745,0.7438,0.1613,13614800,10143042,0.745,0.744,107478900,0.743,92764800,0.742,55023000,0.741,43990900,0.740,46951100,0.745,41543400,0.746,63192200,0.747,40844900,0.748,35189600,0.749,21952900,1214,99999,0
sh513130,09:37:26,1768786648767,5755.29,0.8933,3.5136,0.745,0.7444,0.0806,567100,422490,0.745,0.744,101578900,0.743,97388400,0.742,59022300,0.741,47735700,0.740,46490600,0.745,47411400,0.746,64244700,0.747,38377000,0.748,29199600,0.749,22152900,221,99999,0
sh513130,09:37:29,1768786651764,5755.74,0.8933,3.7773,0.745,0.7438,0.1613,549400,409236,0.7449,0.744,100926000,0.743,97401400,0.742,60042700,0.741,48640400,0.740,46494600,0.745,49123200,0.746,66337500,0.747,38377000,0.748,29229600,0.749,22202900,1203,99999,0
sh513130,09:37:32,1768786653764,5753.12,0.8933,5.9213,0.744,0.7438,0.0269,946600,704850,0.7446,0.744,99582800,0.743,99880200,0.742,90098600,0.741,48643400,0.740,46492600,0.745,49188500,0.746,66397700,0.747,37384000,0.748,29248800,0.749,22202900,1208,99999,0
sh513130,09:37:35,1768786657766,5753.44,0.8933,4.943,0.745,0.7431,0.2557,450100,335193,0.7447,0.744,99671000,0.743,92613800,0.742,90158600,0.741,57453100,0.740,46492600,0.745,49975000,0.746,65880700,0.747,37384000,0.748,29228800,0.749,22202900,1001,99999,0
sh513130,09:37:38,1768786661763,5753.71,0.8933,4.9194,0.745,0.7431,0.2557,456700,340091,0.7447,0.744,99691500,0.743,92634700,0.742,90183500,0.741,58384600,0.740,46535700,0.745,50889200,0.746,65386600,0.747,37451500,0.748,29228800,0.749,22202900,646,99999,0
sh513130,09:37:41,1768786663773,5754.83,0.8933,5.2186,0.745,0.7431,0.2557,274000,204013,0.7446,0.744,106973200,0.743,95077700,0.742,90213800,0.741,50231300,0.740,46536700,0.745,52361900,0.746,65375100,0.747,37452900,0.748,29232800,0.749,22406800,455,99999,0
sh513130,09:37:44,1768786666782,5755.15,0.8933,7.5501,0.744,0.7431,0.1211,1287600,958123,0.7441,0.744,109057300,0.743,95955000,0.742,90253800,0.741,48229900,0.740,46578700,0.745,54658700,0.746,63819600,0.747,37501000,0.748,29232800,0.749,22407800,209,99999,0
sh513130,09:37:47,1768786668782,5755.15,0.8933,6.854,0.745,0.7431,0.2557,3766300,2805885,0.745,0.744,110472300,0.743,96801400,0.742,90306800,0.741,49269900,0.740,48559400,0.745,54135500,0.746,63420000,0.747,39481000,0.748,31405900,0.749,22407800,173,99999,0
sh513130,09:37:50,1768786672774,5755.61,0.8933,5.0583,0.745,0.7438,0.1613,372300,277134,0.7444,0.744,109324800,0.743,97736000,0.742,90319800,0.741,51302900,0.740,50074500,0.745,55074800,0.746,63417600,0.747,39511000,0.748,31396000,0.749,22258300,208,99999,0
sh513130,09:37:53,1768786676787,5754.84,0.8933,2.5203,0.745,0.7438,0.1613,271700,202206,0.7442,0.744,102383700,0.743,104269400,0.742,90377800,0.741,52377900,0.740,50162500,0.745,55177900,0.746,63441300,0.747,39511000,0.748,31396000,0.749,22258300,97,99999,0
sh513130,09:37:56,1768786679785,5756.04,0.8933,5.01,0.744,0.7431,0.1211,963000,716751,0.7443,0.744,109896500,0.743,99567800,0.742,90378800,0.741,50387900,0.740,50310200,0.745,57350700,0.746,63168900,0.747,39555600,0.748,31396000,0.749,22258300,1133,99999,0
sh513130,09:37:59,1768786680791,5755.69,0.8933,4.1059,0.745,0.7431,0.2557,386000,287453,0.7447,0.744,101642200,0.743,106009200,0.742,90382600,0.741,52458000,0.740,50372000,0.745,59973900,0.746,62742000,0.747,39429900,0.748,31396000,0.749,22108300,7,99999,0
sh513130,09:38:02,1768786684787,5754.1,0.8933,3.1433,0.745,0.7431,0.2557,144100,107274,0.7444,0.744,89388900,0.743,98848800,0.742,90412600,0.741,60473000,0.740,50499600,0.745,61609600,0.746,61698700,0.747,39429900,0.748,31396000,0.749,22108300,196,99999,0
sh513130,09:38:05,1768786687781,5754.05,0.8933,4.2119,0.745,0.7431,0.2557,1077200,801527,0.7441,0.744,99978400,0.743,100449800,0.742,90404700,0.741,52500300,0.740,50513300,0.745,66032800,0.746,60528100,0.747,39429900,0.748,31326700,0.749,22108300,455,99999,0
sh513130,09:38:08,1768786690812,5753.88,0.8933,5.1364,0.745,0.7431,0.2557,113900,84820,0.7447,0.744,71048700,0.743,92508000,0.742,90431300,0.741,61344000,0.740,50508200,0.745,66175500,0.746,60533100,0.747,39772300,0.748,31319800,0.749,22108300,168,99999,0
sh513130,09:38:11,1768786692802,5753.29,0.8933,3.9287,0.745,0.7431,0.2557,2306200,1715968,0.7441,0.744,52981700,0.743,93025000,0.742,90461300,0.741,67189400,0.740,50618800,0.745,66491300,0.746,60533100,0.747,39779000,0.748,31319800,0.749,22108300,179,99999,0
sh513130,09:38:14,1768786696791,5752.18,0.8933,3.4365,0.745,0.7431,0.2557,284400,211740,0.7445,0.744,47920100,0.743,93545000,0.742,90515300,0.741,68033100,0.740,51198500,0.745,67641700,0.746,60533100,0.747,39929000,0.748,31319800,0.749,22108300,154,99999,0
sh513130,09:38:17,1768786698799,5751.7,0.8933,3.8676,0.745,0.7431,0.2557,226800,168954,0.7449,0.744,46738200,0.743,93555100,0.742,91167000,0.741,68886800,0.740,51207700,0.745,73011700,0.746,60478100,0.747,34907600,0.748,31319800,0.749,22108300,251,99999,0
sh513130,09:38:20,1768786703800,5752.05,0.8933,6.2755,0.745,0.7431,0.2557,425600,317035,0.7449,0.744,46503900,0.743,94151000,0.742,91173000,0.741,69734500,0.740,52245600,0.745,73185700,0.746,60484800,0.747,34907600,0.748,31319800,0.749,22108300,1196,99999,0
sh513130,09:38:23,1768786704799,5750.12,0.8933,6.1852,0.744,0.7431,0.1211,43424200,32307661,0.744,0.743,95795500,0.742,91224100,0.741,70585800,0.740,52319700,0.739,27369800,0.744,40316100,0.745,59859000,0.746,42463300,0.747,30087100,0.748,31340000,34,99999,0
sh513130,09:38:26,1768786708797,5750.73,0.8933,2.8917,0.744,0.7431,0.1211,627100,466562,0.744,0.743,96722100,0.742,91681800,0.741,70662800,0.740,53174500,0.739,29404200,0.744,29137200,0.745,59642900,0.746,42564100,0.747,30087100,0.748,30898000,220,99999,0
sh513130,09:38:29,1768786711789,5750.68,0.8933,2.6205,0.744,0.7431,0.1211,492500,366415,0.744,0.743,97377800,0.742,88308800,0.741,67235000,0.740,52645900,0.739,25982200,0.744,32678500,0.745,61383900,0.746,37155400,0.747,30087100,0.748,30900000,512,99999,0
sh513130,09:38:32,1768786714798,5748.39,0.8933,1.2273,0.744,0.7431,0.1211,15442100,11488867,0.744,0.743,98097000,0.742,88318800,0.741,67303000,0.740,52026000,0.739,26992200,0.744,28538600,0.745,57878300,0.746,38127800,0.747,29687100,0.748,30900000,238,99999,0
sh513130,09:38:35,1768786717789,5749.33,0.8933,4.6376,0.744,0.7431,0.1211,610800,454297,0.7438,0.743,100130400,0.742,89323300,0.741,67453000,0.740,54090800,0.739,27039200,0.744,44250800,0.745,50509400,0.746,37751000,0.747,29639000,0.748,31938100,1226,99999,0
sh513130,09:38:38,1768786720799,5747.94,0.8933,2.8187,0.744,0.7431,0.1211,1428400,1061384,0.7431,0.743,98406100,0.742,91371600,0.741,71441500,0.740,56925400,0.739,27039200,0.744,53810000,0.745,47616400,0.746,37688300,0.747,24726700,0.748,31938100,252,99999,0
sh513130,09:38:41,1768786722799,5746.95,0.8933,2.9295,0.743,0.7425,0.0673,470600,349841,0.7434,0.743,97700900,0.742,73374200,0.741,71454900,0.740,67822700,0.739,27039400,0.744,56748300,0.745,46464700,0.746,36512300,0.747,26769300,0.748,32038100,191,99999,0
sh513130,09:38:44,1768786725793,5746.89,0.8933,2.578,0.744,0.7425,0.202,2262400,1682742,0.7438,0.743,98018700,0.742,81525400,0.741,71484800,0.740,61034600,0.739,27070400,0.744,56303300,0.745,46084900,0.746,36516000,0.747,27097500,0.748,32278100,1209,99999,0
sh513130,09:38:47,1768786728791,5747.32,0.8933,2.6171,0.743,0.7425,0.0673,1177000,875148,0.7435,0.743,98756500,0.742,81550000,0.741,71649400,0.740,60395300,0.739,27071400,0.744,56388100,0.745,45092200,0.746,36474100,0.747,27040100,0.748,32193500,32,99999,0
sh513130,09:38:50,1768786732792,5749.52,0.8933,6.5234,0.744,0.7425,0.202,1648800,1225264,0.7431,0.743,98463100,0.742,82471600,0.741,71654400,0.740,59403300,0.739,27076400,0.744,45382800,0.745,50159200,0.746,36521100,0.747,27020100,0.748,32193500,233,99999,0
sh513130,09:38:53,1768786735797,5750.85,0.8933,8.6548,0.744,0.7425,0.202,18628500,13859485,0.744,0.744,75381900,0.743,102820200,0.742,82694000,0.741,62773500,0.740,54450300,0.745,60279600,0.746,49864200,0.747,26843700,0.748,32132200,0.749,22277200,495,99999,0
sh513130,09:38:56,1768786737790,5751.3,0.8933,7.3871,0.744,0.7425,0.202,505100,375794,0.744,0.744,74581700,0.743,94888400,0.742,83803600,0.741,62797000,0.740,54477100,0.745,60524900,0.746,49984700,0.747,27833700,0.748,32183600,0.749,22277200,307,99999,0
sh513130,09:38:59,1768786741785,5752.47,0.8933,4.9347,0.744,0.7431,0.1211,1547900,1151651,0.744,0.744,86463800,0.743,102109000,0.742,84000000,0.741,49904200,0.740,54462000,0.745,62771100,0.746,51784500,0.747,27668300,0.748,32284000,0.749,22277200,1218,99999,0
sh513130,09:39:02,1768786744789,5754.11,0.8933,4.2687,0.745,0.7431,0.2557,2307500,1716931,0.7441,0.744,82489800,0.743,103301500,0.742,84001200,0.741,49905500,0.740,54486000,0.745,68333700,0.746,46249500,0.747,27668300,0.748,32150000,0.749,22278000,174,99999,0
sh513130,09:39:05,1768786746789,5754.99,0.8933,4.5052,0.744,0.7431,0.1211,209200,155801,0.7447,0.744,88023300,0.743,106210100,0.742,83232700,0.741,50092500,0.740,54806900,0.745,45355100,0.746,54969000,0.747,39682600,0.748,32150500,0.749,22278600,176,99999,0
sh513130,09:39:08,1768786750806,5754.59,0.8933,3.3199,0.744,0.7431,0.1211,224000,166692,0.7442,0.744,88925700,0.743,106801200,0.742,84765500,0.741,50094900,0.740,55201200,0.745,66726100,0.746,51674900,0.747,32724800,0.748,32150500,0.749,22278600,232,99999,0
sh513130,09:39:11,1768786752819,5755.17,0.8933,4.2503,0.745,0.7431,0.2557,420600,312944,0.744,0.744,88677200,0.743,108186800,0.742,85127000,0.741,50117400,0.740,55374000,0.745,68475900,0.746,51843100,0.747,32724800,0.748,32150500,0.749,22278600,53,99999,0
sh513130,09:39:14,1768786755808,5756.03,0.8933,3.7878,0.745,0.7431,0.2557,1838700,1368081,0.744,0.744,89179100,0.743,109284100,0.742,84277000,0.741,50032400,0.740,55477600,0.745,48267700,0.746,56454900,0.747,44857600,0.748,37074000,0.749,22278600,868,99999,0
sh513130,09:39:17,1768786759822,5756.85,0.8933,4.6983,0.745,0.7431,0.2557,63700,47430,0.7446,0.744,90184800,0.743,110720000,0.742,84283000,0.741,50034400,0.740,55507600,0.745,49459300,0.746,56458900,0.747,44862600,0.748,37084000,0.749,22278600,524,99999,0
sh513130,09:39:20,1768786762822,5755.81,0.8933,4.1606,0.745,0.7438,0.1613,464500,345659,0.7442,0.744,87278000,0.743,110952400,0.742,84410000,0.741,53049100,0.740,54631600,0.745,73613200,0.746,46131200,0.747,32863800,0.748,37084000,0.749,22278600,245,99999,0
sh513130,09:39:23,1768786765840,5755.72,0.8933,6.1469,0.744,0.7438,0.0269,409800,305240,0.7449,0.744,86057000,0.743,111988400,0.742,85456600,0.741,53049100,0.740,54635600,0.745,75903800,0.746,46444200,0.747,32903800,0.748,32102800,0.749,22272300,10,99999,0
sh513130,09:39:26,1768786767844,5755.85,0.8933,5.3897,0.744,0.7438,0.0269,518300,385762,0.7443,0.744,90856300,0.743,113963500,0.742,84476600,0.741,50537100,0.740,54759400,0.745,67983200,0.746,53012200,0.747,32906900,0.748,32102800,0.749,22272300,1231,99999,0
sh513130,09:39:29,1768786771850,5756.75,0.8933,3.6064,0.745,0.7438,0.1613,320000,238120,0.7441,0.744,93638300,0.743,114866300,0.742,84466600,0.741,50617100,0.740,55012200,0.745,51785400,0.746,58468100,0.747,45105700,0.748,32125300,0.749,22273100,1254,99999,0
sh513130,09:39:32,1768786774865,5757.92,0.8933,6.0477,0.744,0.7438,0.0269,1042900,776062,0.7441,0.744,94656200,0.743,115917300,0.742,84461600,0.741,50752100,0.740,55139900,0.745,53514200,0.746,57274500,0.747,45136300,0.748,32165300,0.749,22273100,221,99999,0
sh513130,09:39:35,1768786777864,5757.45,0.8933,4.97,0.745,0.7438,0.1613,3673300,2736557,0.745,0.744,97428600,0.743,116837900,0.742,84460600,0.741,50752100,0.740,54173400,0.745,46516700,0.746,59974800,0.747,47096300,0.748,32168300,0.749,22362400,1143,99999,0
sh513130,09:39:38,1768786780863,5757.49,0.8933,4.05,0.744,0.7438,0.0269,2021200,1505357,0.7448,0.744,97903100,0.743,116757900,0.742,84495600,0.741,50986000,0.740,54220400,0.745,50415700,0.746,59991100,0.747,47096300,0.748,32100200,0.749,22362400,290,99999,0
sh513130,09:39:41,1768786783866,5757.35,0.8933,4.8815,0.744,0.7438,0.0269,5063700,3768421,0.7442,0.744,97404900,0.743,116861600,0.742,84555600,0.741,50985100,0.740,54222900,0.745,62059900,0.746,58802500,0.747,35084900,0.748,32500300,0.749,22362400,618,99999,0
sh513130,09:39:44,1768786785878,5756.68,0.8933,5.4318,0.745,0.7431,0.2557,360500,268481,0.7447,0.744,97991000,0.743,116773500,0.742,84679100,0.741,50983100,0.740,54442600,0.745,49793200,0.746,59978400,0.747,47083700,0.748,32515400,0.749,22362400,450,99999,0
sh513130,09:39:47,1768786790893,5757.74,0.8933,3.4072,0.745,0.7431,0.2557,1674700,1246981,0.7446,0.744,98234100,0.743,116870800,0.742,85532200,0.741,50978100,0.740,54484700,0.745,46823100,0.746,59989700,0.747,47083800,0.748,32515400,0.749,22362400,308,99999,0
sh513130,09:39:50,1768786791879,5757.74,0.8933,2.6663,0.745,0.7438,0.1613,4595800,3419871,0.7441,0.744,94916300,0.743,117302100,0.742,85536700,0.741,51145100,0.740,54481700,0.745,44776100,0.746,59955600,0.747,47083800,0.748,32495400,0.749,22362400,1295,99999,0
sh513130,09:39:53,1768786795879,5758.74,0.8933,3.8517,0.744,0.7438,0.0269,260700,194133,0.7447,0.744,96648800,0.743,117321400,0.742,86391900,0.741,51178800,0.740,54792800,0.745,39144200,0.746,62954100,0.747,47083800,0.748,37505400,0.749,22382400,1300,99999,0
sh513130,09:39:56,1768786798863,5758.6,0.8933,3.2775,0.745,0.7438,0.1613,1054500,785590,0.745,0.744,98445300,0.743,117418500,0.742,87257600,0.741,51279300,0.740,55067200,0.745,60446900,0.746,61845800,0.747,35085000,0.748,37505400,0.749,22382400,314,99999,0
sh513130,09:39:59,1768786801863,5758.81,0.8933,3.9258,0.745,0.7438,0.1613,553400,412157,0.7448,0.744,99272200,0.743,117463400,0.742,87258500,0.741,51299400,0.740,55098400,0.745,47628600,0.746,62135700,0.747,47374200,0.748,37505400,0.749,22382400,1154,99999,0
sh513130,09:40:02,1768786803866,5757.83,0.8933,3.3018,0.745,0.7438,0.1613,34828600,25947294,0.745,0.745,45943100,0.744,100480000,0.743,99783800,0.742,69274800,0.741,51296900,0.746,67346700,0.747,48728300,0.748,37555400,0.749,22403400,0.750,34745500,713,99999,0
sh513130,09:40:05,1768786807883,5763.48,0.8933,6.0069,0.746,0.7438,0.2958,38900,28980,0.745,0.745,75963500,0.744,103856700,0.743,99828800,0.742,58271400,0.741,45269800,0.746,41253900,0.747,55493100,0.748,50544200,0.749,22403400,0.750,34745500,632,99999,0
sh513130,09:40:08,1768786811870,5765.35,0.8933,5.0607,0.746,0.7438,0.2958,542000,404148,0.7457,0.745,84878500,0.744,104843300,0.743,98961700,0.742,53306300,0.741,45274800,0.746,42245900,0.747,54299500,0.748,50544200,0.749,22403400,0.750,34865500,249,99999,0
sh513130,09:40:11,1768786813849,5766.0,0.8933,4.1137,0.746,0.7445,0.2015,109300,81536,0.746,0.745,85111400,0.744,105293300,0.743,98972100,0.742,53364300,0.741,45274800,0.746,40823300,0.747,55605900,0.748,50544200,0.749,22403400,0.750,34865500,45,99999,0
sh513130,09:40:14,1768786816847,5766.15,0.8933,4.2949,0.746,0.7445,0.2015,535100,399185,0.746,0.745,85395100,0.744,106463100,0.743,99134400,0.742,53367000,0.741,45324800,0.746,39645600,0.747,58034800,0.748,50564200,0.749,27403400,0.750,34865500,205,99999,0
sh513130,09:40:17,1768786819839,5766.3,0.8933,4.796,0.746,0.7445,0.2015,4356300,3249745,0.746,0.745,85545600,0.744,105780600,0.743,99332500,0.742,53361900,0.741,45353100,0.746,36952300,0.747,56407800,0.748,50564200,0.749,27403400,0.750,34865500,1218,99999,0
sh513130,09:40:20,1768786821844,5766.05,0.8933,4.3855,0.746,0.7445,0.2015,3297000,2459144,0.7459,0.745,84119800,0.744,105695100,0.743,99369200,0.742,53331900,0.741,45451900,0.746,56590100,0.747,48450000,0.748,38595400,0.749,27403400,0.750,34885500,1273,99999,0
sh513130,09:40:23,1768786825819,5764.77,0.8933,3.9526,0.746,0.7445,0.2015,612000,456552,0.746,0.745,83774500,0.744,106737200,0.743,100422900,0.742,53395700,0.741,45451900,0.746,51101500,0.747,57553800,0.748,38548000,0.749,22403400,0.750,34885500,1115,99999,0
sh513130,09:40:26,1768786828802,5766.6,0.8933,3.7349,0.745,0.7445,0.0672,503800,375788,0.7459,0.745,86202600,0.744,107833300,0.743,99463400,0.742,53374400,0.741,45451900,0.746,25788200,0.747,58449200,0.748,50618000,0.749,22403400,0.750,35895500,181,99999,0
sh513130,09:40:29,1768786830827,5767.83,0.8933,4.3186,0.746,0.7445,0.2015,20792500,15511170,0.746,0.746,59874400,0.745,88754300,0.744,90868700,0.743,73445800,0.742,53359900,0.747,62659500,0.748,51633000,0.749,27418100,0.750,35946500,0.751,23434100,228,99999,0
sh513130,09:40:32,1768786833805,5767.35,0.8933,2.8529,0.746,0.7445,0.2015,310000,231260,0.746,0.746,44181100,0.745,81169300,0.744,90912200,0.743,81505600,0.742,48961700,0.747,62890600,0.748,51633000,0.749,28411100,0.750,35956500,0.751,23434100,405,99999,0
sh513130,09:40:35,1768786837818,5768.38,0.8933,3.6996,0.746,0.7451,0.1208,78200,58350,0.7462,0.746,58131300,0.745,82489600,0.744,92877300,0.743,81438200,0.742,49001700,0.747,63152800,0.748,51633000,0.749,28633100,0.750,35956500,0.751,23419100,60,99999,0
sh513130,09:40:38,1768786840825,5769.09,0.8933,3.7576,0.746,0.7451,0.1208,320000,238751,0.7461,0.746,65083200,0.745,90937400,0.744,94762100,0.743,73448700,0.742,48974900,0.747,63255400,0.748,51643100,0.749,28633100,0.750,36056700,0.751,23494500,204,99999,0
sh513130,09:40:41,1768786843826,5768.33,0.8933,2.5516,0.746,0.7451,0.1208,518600,387295,0.7468,0.746,49471600,0.745,83918300,0.744,95200100,0.743,81582900,0.742,48976300,0.747,63037800,0.748,51708400,0.749,28643100,0.750,36056700,0.751,23494500,1267,99999,0
sh513130,09:40:44,1768786846803,5767.99,0.8933,2.8449,0.746,0.7451,0.1208,159900,119351,0.7464,0.746,49644400,0.745,84020100,0.744,95819000,0.743,81628800,0.742,48991300,0.747,63684600,0.748,52118900,0.749,28643100,0.750,36059700,0.751,23494500,211,99999,0
sh513130,09:40:47,1768786849812,5767.49,0.8933,2.5336,0.746,0.7451,0.1208,186900,139517,0.7465,0.746,18635200,0.745,84754200,0.744,96089700,0.743,82078300,0.742,48991300,0.747,64691600,0.748,52118900,0.749,27913100,0.750,36059700,0.751,23482500,1128,99999,0
sh513130,09:40:50,1768786851807,5766.99,0.8933,3.9293,0.746,0.7451,0.1208,14486600,10807033,0.746,0.745,83396300,0.744,96914800,0.743,81925400,0.742,48995500,0.741,45485300,0.746,83322900,0.747,53898700,0.748,39152500,0.749,28903100,0.750,36158900,936,99999,0
sh513130,09:40:53,1768786855804,5766.09,0.8933,2.8223,0.746,0.7451,0.1208,444900,331885,0.746,0.745,85033000,0.744,97930100,0.743,82610500,0.742,49811900,0.741,45485300,0.746,39078300,0.747,65548500,0.748,50764300,0.749,27913100,0.750,36570300,549,99999,0
sh513130,09:40:56,1768786858790,5763.78,0.8933,3.93,0.746,0.7451,0.1208,1269800,947271,0.746,0.745,84865000,0.744,97336000,0.743,82814200,0.742,50657500,0.741,45551300,0.746,69793800,0.747,55465700,0.748,39770400,0.749,28069200,0.750,36570300,188,99999,0
sh513130,09:40:59,1768786861788,5764.0,0.8933,2.7584,0.746,0.7444,0.2149,377300,281419,0.7459,0.745,84755900,0.744,87315800,0.743,83049600,0.742,52515500,0.741,45551300,0.746,76876600,0.747,55134400,0.748,39809400,0.749,23069200,0.750,36570800,18,99999,0
sh513130,09:41:02,1768786864788,5763.96,0.8933,4.0572,0.746,0.7444,0.2149,452600,337529,0.7458,0.745,86360300,0.744,88215300,0.743,83079600,0.742,51514800,0.741,45614400,0.746,76645100,0.747,55232300,0.748,39909400,0.749,23069200,0.750,36573800,224,99999,0
sh513130,09:41:05,1768786866792,5762.05,0.8933,5.2606,0.746,0.7444,0.2149,142000,105915,0.7459,0.745,51777400,0.744,97343100,0.743,83074800,0.742,62514800,0.741,45614500,0.746,76641900,0.747,55037700,0.748,39909400,0.749,23169200,0.750,36578800,148,99999,0
sh513130,09:41:08,1768786869775,5761.55,0.8933,2.2355,0.746,0.7444,0.2149,708200,528168,0.7458,0.745,29320900,0.744,97342100,0.743,101174100,0.742,62598900,0.741,45617800,0.746,79527600,0.747,56226500,0.748,39909400,0.749,23169200,0.750,36578800,1173,99999,0
sh513130,09:41:11,1768786873778,5761.78,0.8933,0.3741,0.746,0.7444,0.2149,647900,483193,0.7458,0.745,72012100,0.744,97681200,0.743,101244400,0.742,63413300,0.741,45611000,0.746,80151800,0.747,56188100,0.748,39928000,0.749,23159200,0.750,36688800,1077,99999,0
sh513130,09:41:14,1768786876763,5762.66,0.8933,4.2483,0.745,0.7444,0.0806,886200,660357,0.7452,0.745,77055300,0.744,97498700,0.743,102298700,0.742,63416500,0.741,45613000,0.746,80794000,0.747,55970600,0.748,39930000,0.749,23171200,0.750,36688800,142,99999,0
sh513130,09:41:17,1768786879758,5762.69,0.8933,2.8658,0.746,0.7444,0.2149,57000,42513,0.7458,0.745,77059800,0.744,105886700,0.743,102658400,0.742,56259000,0.741,45613000,0.746,81781000,0.747,55725800,0.748,39933200,0.749,23171200,0.750,36688800,506,99999,0
sh513130,09:41:20,1768786881771,5763.17,0.8933,3.6455,0.746,0.7444,0.2149,211800,157992,0.7459,0.745,77746900,0.744,105985400,0.743,103034200,0.742,57106500,0.741,45586100,0.746,82598600,0.747,55525800,0.748,40414700,0.749,23171200,0.750,36688800,313,99999,0
sh513130,09:41:23,1768786885771,5761.1,0.8933,4.5824,0.746,0.7444,0.2149,421100,314116,0.7459,0.745,49027500,0.744,98088000,0.743,103040500,0.742,70925500,0.741,45586100,0.746,83510000,0.747,55405200,0.748,40521300,0.749,23186200,0.750,36988800,1152,99999,0
sh513130,09:41:26,1768786888771,5761.97,0.8933,2.7713,0.746,0.7444,0.2149,231600,172721,0.7458,0.745,73878800,0.744,98230200,0.743,103066900,0.742,71776900,0.741,45646100,0.746,84450000,0.747,55340300,0.748,40461000,0.749,23186200,0.750,36975500,169,99999,0
sh513130,09:41:29,1768786891768,5760.94,0.8933,3.4073,0.746,0.7444,0.2149,418300,311740,0.7453,0.745,31715600,0.744,98203200,0.743,103222200,0.742,72619500,0.741,45646100,0.746,85456400,0.747,55861800,0.748,40481000,0.749,23186200,0.750,36975500,1135,99999,0
sh513130,09:41:32,1768786894758,5762.0,0.8933,4.0809,0.745,0.7444,0.0806,40218100,29963648,0.745,0.745,2896300,0.744,98404100,0.743,104010800,0.742,73421900,0.741,46717100,0.746,83766300,0.747,52140500,0.748,40501000,0.749,23175900,0.750,36954500,108,99999,0
sh513130,09:41:35,1768786897762,5761.78,0.8933,2.7462,0.746,0.7444,0.2149,194400,144946,0.7456,0.745,37224000,0.744,99438500,0.743,104048200,0.742,73432900,0.741,46741100,0.746,84400900,0.747,53148100,0.748,40471700,0.749,23036200,0.750,37010600,1059,99999,0
sh513130,09:41:38,1768786900783,5761.22,0.8933,3.4627,0.745,0.7444,0.0806,98000,73075,0.7457,0.745,38016500,0.744,99577500,0.743,104020400,0.742,74239500,0.741,46696100,0.746,86576200,0.747,53128000,0.748,40471700,0.749,23036200,0.750,37010600,98,99999,0
sh513130,09:41:41,1768786903782,5762.14,0.8933,2.5745,0.746,0.7444,0.2149,211300,157570,0.7457,0.745,50164100,0.744,99587500,0.743,104302100,0.742,74957400,0.741,46686100,0.746,87867200,0.747,53296000,0.748,40476600,0.749,23036200,0.750,37092400,526,99999,0
sh513130,09:41:44,1768786906786,5762.11,0.8933,3.556,0.746,0.7444,0.2149,140500,104747,0.7455,0.745,66921100,0.744,102179100,0.743,105599900,0.742,61944400,0.741,46716100,0.746,89923100,0.747,53371600,0.748,40486600,0.749,22912200,0.750,37092400,1333,99999,0
sh513130,09:41:47,1768786908774,5762.39,0.8933,6.5424,0.746,0.7444,0.2149,270100,201445,0.7458,0.745,71723600,0.744,102239100,0.743,105981000,0.742,54001800,0.741,45728100,0.746,91007400,0.747,53414400,0.748,40474700,0.749,22912200,0.750,37092400,1043,99999,0
sh513130,09:41:50,1768786912778,5763.37,0.8933,4.6761,0.746,0.7444,0.2149,472500,352474,0.746,0.745,72520300,0.744,103761900,0.743,106588500,0.742,54001800,0.741,45748100,0.746,91981700,0.747,53714400,0.748,40474700,0.749,22662200,0.750,37238200,227,99999,0
sh513130,09:41:53,1768786914781,5764.54,0.8933,3.6607,0.745,0.7444,0.0806,238400,177734,0.7455,0.745,71580200,0.744,103594000,0.743,106621000,0.742,55012400,0.741,45864800,0.746,93571600,0.747,53970900,0.748,40554700,0.749,22667200,0.750,37238200,225,99999,0
sh513130,09:41:56,1768786917788,5762.94,0.8933,2.2925,0.745,0.7444,0.0806,22800,16989,0.7451,0.745,72645200,0.744,103563900,0.743,106668000,0.742,54855000,0.741,45864800,0.746,84803700,0.747,53970900,0.748,40090200,0.749,22667200,0.750,37238200,1226,99999,0
sh513130,09:41:59,1768786921797,5762.11,0.8933,4.1695,0.746,0.7444,0.2149,182900,136297,0.7452,0.745,70438300,0.744,103927700,0.743,106682400,0.742,58700600,0.741,45864800,0.746,85934700,0.747,54094900,0.748,40070200,0.749,22667200,0.750,37248200,1055,99999,0
sh513130,09:42:02,1768786923799,5761.34,0.8933,3.107,0.745,0.7444,0.0806,197300,147164,0.7459,0.745,15990300,0.744,101535700,0.743,106753400,0.742,72570100,0.741,45964800,0.746,86385800,0.747,54146500,0.748,40130200,0.749,22667200,0.750,37375100,654,99999,0
sh513130,09:42:05,1768786927818,5762.06,0.8933,5.8015,0.746,0.7444,0.2149,5915800,4407313,0.745,0.745,52618900,0.744,109618700,0.743,106900200,0.742,65472600,0.741,45994800,0.746,87977300,0.747,53794500,0.748,40045400,0.749,22567200,0.750,37843100,546,99999,0
sh513130,09:42:08,1768786930814,5764.01,0.8933,4.1789,0.746,0.7444,0.2149,38400,28647,0.746,0.745,70413700,0.744,104052300,0.743,106939500,0.742,54952000,0.741,45994800,0.746,89369400,0.747,53847500,0.748,40033700,0.749,22567200,0.750,37917100,212,99999,0
sh513130,09:42:11,1768786932807,5764.37,0.8933,3.1088,0.746,0.7444,0.2149,3332500,2482741,0.745,0.745,65742400,0.744,104121200,0.743,106936700,0.742,54972500,0.741,46004800,0.746,89689700,0.747,53847500,0.748,40033700,0.749,22537100,0.750,37917100,240,99999,0
sh513130,09:42:14,1768786936822,5765.08,0.8933,6.4656,0.746,0.7444,0.2149,54300,40467,0.7452,0.745,68387900,0.744,104948700,0.743,105948700,0.742,54130000,0.741,45954800,0.746,82302900,0.747,60120600,0.748,39889400,0.749,22537100,0.750,37932100,249,99999,0
sh513130,09:42:17,1768786939825,5765.46,0.8933,4.4406,0.745,0.7444,0.0806,37700,28120,0.7459,0.745,69333900,0.744,107875800,0.743,105942100,0.742,54292800,0.741,45956400,0.746,87096200,0.747,54569900,0.748,39908800,0.749,22584500,0.750,37510300,1226,99999,0
sh513130,09:42:20,1768786941828,5766.0,0.8933,2.8757,0.746,0.7444,0.2149,387500,288815,0.7453,0.745,70158400,0.744,109828500,0.743,105955100,0.742,54604400,0.741,45889000,0.746,62231200,0.747,63483100,0.748,50959500,0.749,22584500,0.750,37510300,1282,99999,0
sh513130,09:42:17,1768786942833,5767.09,0.8933,3.2715,0.745,0.7444,0.0806,0,0,0.745,0.745,69333900,0.744,107875800,0.743,105942100,0.742,54292800,0.741,45956400,0.746,87096200,0.747,54569900,0.748,39908800,0.749,22584500,0.750,37510300,188,99999,2
sh513130,09:42:20,1768786943826,5767.09,0.8933,2.5403,0.746,0.7444,0.2149,0,0,0.746,0.745,70158400,0.744,109828500,0.743,105955100,0.742,54604400,0.741,45889000,0.746,62231200,0.747,63483100,0.748,50959500,0.749,22584500,0.750,37510300,1182,99999,0
sh513130,09:42:23,1768786944826,5767.33,0.8933,2.3924,0.745,0.7444,0.0806,2693000,2008072,0.7457,0.745,70523700,0.744,111584700,0.743,106032900,0.742,54663800,0.741,46907300,0.746,78322600,0.747,59145900,0.748,40054400,0.749,23574300,0.750,37510300,104,99999,0
sh513130,09:42:26,1768786947818,5767.33,0.8933,4.9641,0.745,0.7451,-0.0134,93500,69741,0.7459,0.745,72366800,0.744,111609300,0.743,106084900,0.742,54663800,0.741,46912300,0.746,64115500,0.747,62396800,0.748,50992900,0.749,24011000,0.750,37532800,922,99999,0
sh513130,09:42:29,1768786951818,5766.35,0.8933,3.9444,0.746,0.7451,0.1208,852200,635054,0.7452,0.745,71858400,0.744,112324800,0.743,106131400,0.742,54663800,0.741,46900300,0.746,85759500,0.747,60073600,0.748,39986000,0.749,23021000,0.750,37867100,571,99999,0
sh513130,09:42:32,1768786954830,5768.33,0.8933,6.4487,0.746,0.7451,0.1208,389400,290240,0.7454,0.745,72538400,0.744,113280300,0.743,106173400,0.742,54683800,0.741,46950300,0.746,60791700,0.747,64427300,0.748,51591000,0.749,24181200,0.750,37927800,291,99999,0
sh513130,09:42:35,1768786956832,5767.92,0.8933,5.896,0.746,0.7451,0.1208,110100,82125,0.7459,0.745,74091800,0.744,114155600,0.743,106364700,0.742,54683800,0.741,46950300,0.746,61867600,0.747,64437300,0.748,51585900,0.749,29181200,0.750,37932500,215,99999,0
sh513130,09:42:38,1768786960821,5768.21,0.8933,5.3403,0.745,0.7451,-0.0134,462700,344820,0.7452,0.745,74553300,0.744,115007600,0.743,106381300,0.742,54683800,0.741,46950300,0.746,62043900,0.747,64484300,0.748,51585900,0.749,29181200,0.750,38032500,213,99999,0
sh513130,09:42:41,1768786962832,5768.87,0.8933,4.9562,0.745,0.7444,0.0806,612200,456147,0.7451,0.745,74611400,0.744,115855100,0.743,106514600,0.742,54683100,0.741,46950000,0.746,66559600,0.747,64806700,0.748,51585900,0.749,29181200,0.750,38037800,241,99999,0
sh513130,09:42:44,1768786966828,5767.99,0.8933,4.9093,0.746,0.7451,0.1208,413600,308432,0.7457,0.745,74061800,0.744,116696200,0.743,106985800,0.742,54683100,0.741,47049900,0.746,82925300,0.747,59299900,0.748,40634000,0.749,29181200,0.750,38057800,268,99999,0
sh513130,09:42:47,1768786969828,5767.4,0.8933,4.0981,0.746,0.7451,0.1208,98100,73098,0.7451,0.745,75404200,0.744,116567900,0.743,107052800,0.742,55145300,0.741,47049900,0.746,88613400,0.747,53752600,0.748,41324800,0.749,29181200,0.750,38057800,1135,99999,0
sh513130,09:42:50,1768786971830,5766.39,0.8933,6.3194,0.746,0.7451,0.1208,100800,75196,0.746,0.745,74371500,0.744,117378400,0.743,107018400,0.742,56140100,0.741,47076900,0.746,93525200,0.747,53784400,0.748,41302600,0.749,24181200,0.750,38057800,953,99999,0
sh513130,09:42:53,1768786976821,5764.34,0.8933,3.9156,0.745,0.7451,-0.0134,194900,145211,0.7451,0.745,73803800,0.744,107399900,0.743,108052700,0.742,56144800,0.741,47076900,0.746,94518800,0.747,54774400,0.748,41302600,0.749,23191200,0.750,38762300,263,99999,0
sh513130,09:42:56,1768786978821,5764.33,0.8933,2.8589,0.746,0.7444,0.2149,175200,130541,0.7451,0.745,73627000,0.744,107340100,0.743,108199900,0.742,56144800,0.741,47076900,0.746,95214000,0.747,54773400,0.748,41299800,0.749,23191200,0.750,38792300,238,99999,0
sh513130,09:42:59,1768786980829,5765.1,0.8933,3.2223,0.746,0.7444,0.2149,1112400,829765,0.7459,0.745,76774000,0.744,111829700,0.743,112576400,0.742,55999200,0.741,47094900,0.746,94261000,0.747,55786800,0.748,41239600,0.749,23191200,0.750,38792300,257,99999,0
sh513130,09:43:02,1768786984812,5762.16,0.8933,3.2732,0.746,0.7444,0.2149,116500,86899,0.7459,0.745,66695900,0.744,117440100,0.743,112673400,0.742,64226400,0.741,47146000,0.746,93978600,0.747,55786800,0.748,41239600,0.749,23191200,0.750,38792300,224,99999,0
sh513130,09:43:05,1768786987816,5762.41,0.8933,3.5043,0.745,0.7444,0.0806,157600,117504,0.7456,0.745,67414700,0.744,117572300,0.743,112673500,0.742,65068900,0.741,47157800,0.746,94147000,0.747,55783800,0.748,41239600,0.749,23191200,0.750,38792300,1217,99999,0
sh513130,09:43:08,1768786990835,5762.85,0.8933,2.9186,0.746,0.7444,0.2149,92800,69214,0.7458,0.745,74639800,0.744,111913900,0.743,112670500,0.742,65911400,0.741,47157800,0.746,94993500,0.747,55784600,0.748,41239600,0.749,23191200,0.750,38806600,206,99999,0
sh513130,09:43:11,1768786993825,5761.95,0.8933,2.1456,0.746,0.7444,0.2149,5175800,3856028,0.745,0.745,20913700,0.744,109529400,0.743,112728100,0.742,74876100,0.741,47157800,0.746,99081800,0.747,55784600,0.748,42169600,0.749,23241200,0.750,38806600,1106,99999,0
sh513130,09:43:14,1768786995824,5760.92,0.8933,2.438,0.745,0.7444,0.0806,15204300,11327214,0.745,0.744,110576400,0.743,113740200,0.742,75578500,0.741,47180000,0.740,56869300,0.745,14487600,0.746,98104000,0.747,51528200,0.748,42045200,0.749,23241200,925,99999,0
sh513130,09:43:17,1768786998822,5760.77,0.8933,5.9859,0.745,0.7444,0.0806,255800,190571,0.745,0.744,111764000,0.743,113756600,0.742,75593500,0.741,48023700,0.740,56870800,0.745,37361100,0.746,89471700,0.747,44128600,0.748,41145300,0.749,23316000,252,99999,0
sh513130,09:43:20,1768787002820,5759.36,0.8933,3.3065,0.745,0.7437,0.1748,520400,387698,0.745,0.744,112201400,0.743,113968200,0.742,80603500,0.741,48867400,0.740,56864900,0.745,46355900,0.746,81343200,0.747,43928600,0.748,41155400,0.749,23316000,215,99999,0
sh513130,09:43:23,1768787006834,5757.06,0.8933,2.8564,0.745,0.7437,0.1748,881100,656403,0.745,0.744,112964600,0.743,112989700,0.742,80615500,0.741,49711100,0.740,56848900,0.745,50757900,0.746,82836600,0.747,43928600,0.748,35165400,0.749,23577900,222,99999,0
sh513130,09:43:26,1768787007849,5757.06,0.8933,2.3024,0.744,0.7438,0.0269,94200,70154,0.7447,0.744,114387700,0.743,113031700,0.742,80565500,0.741,50554800,0.740,56855000,0.745,52177500,0.746,82587500,0.747,43513100,0.748,35165400,0.749,23577900,1235,99999,0
sh513130,09:43:29,1768787010845,5757.54,0.8933,1.515,0.745,0.7438,0.1613,176800,131653,0.7446,0.744,102084200,0.743,118669200,0.742,81555500,0.741,53778500,0.740,57067000,0.745,53028100,0.746,81823000,0.747,43430200,0.748,35165400,0.749,23577900,282,99999,0
sh513130,09:43:32,1768787015837,5756.28,0.8933,2.3781,0.745,0.7438,0.1613,191200,142444,0.745,0.744,100005400,0.743,108089900,0.742,81783000,0.741,56749500,0.740,57127500,0.745,53354500,0.746,81164400,0.747,43012300,0.748,35124000,0.749,23577900,1184,99999,0
sh513130,09:43:35,1768787017859,5755.61,0.8933,1.7271,0.745,0.7438,0.1613,343900,256111,0.7447,0.744,87742100,0.743,100173000,0.742,81790300,0.741,64749500,0.740,57485000,0.745,54161100,0.746,80822100,0.747,43012300,0.748,35121500,0.749,23577900,1182,99999,0
sh513130,09:43:38,1768787019862,5753.94,0.8933,3.3482,0.745,0.7438,0.1613,489000,364052,0.7445,0.744,44525500,0.743,112410900,0.742,99788500,0.741,65593200,0.740,59488000,0.745,54881000,0.746,77702500,0.747,43112400,0.748,35226500,0.749,23577900,1014,99999,0
sh513130,09:43:41,1768787023866,5752.67,0.8933,2.7175,0.744,0.7431,0.1211,5368600,3994298,0.744,0.744,32639800,0.743,112186100,0.742,99795400,0.741,66486900,0.740,59691500,0.745,57079700,0.746,73467900,0.747,43112400,0.748,35244700,0.749,23699100,621,99999,0
sh513130,09:43:44,1768787026872,5751.89,0.8933,3.8475,0.744,0.7431,0.1211,30980200,23049387,0.744,0.743,114404100,0.742,99814400,0.741,72332000,0.740,59742700,0.739,23057600,0.744,32233000,0.745,44034100,0.746,56943100,0.747,39246700,0.748,35247200,272,99999,0
sh513130,09:43:47,1768787028872,5752.19,0.8933,2.6073,0.744,0.7431,0.1211,944500,702708,0.744,0.743,115555000,0.742,100814400,0.741,73187200,0.740,59769300,0.739,26618500,0.744,14424000,0.745,45210600,0.746,69625500,0.747,39246700,0.748,35237200,318,99999,0
sh513130,09:43:50,1768787032880,5752.08,0.8933,2.5813,0.744,0.7431,0.1211,804300,598398,0.744,0.743,115499800,0.742,100009100,0.741,74035800,0.740,59786800,0.739,26618500,0.744,34691100,0.745,46979800,0.746,57621800,0.747,39195100,0.748,35237200,253,99999,0
sh513130,09:43:53,1768787034866,5750.54,0.8933,3.1814,0.743,0.7431,-0.0135,288500,214561,0.7437,0.743,113268900,0.742,100022600,0.741,74058200,0.740,59785200,0.739,26618500,0.744,41431700,0.745,47265500,0.746,57323400,0.747,31683000,0.748,34334500,303,99999,0
sh513130,09:43:56,1768787038863,5749.05,0.8933,4.8621,0.744,0.7424,0.2155,187700,139619,0.7438,0.743,109323500,0.742,100064600,0.741,74800900,0.740,65190600,0.739,26618600,0.744,48870600,0.745,43586100,0.746,57306900,0.747,31392600,0.748,34274500,284,99999,0
sh513130,09:43:59,1768787041850,5748.48,0.8933,3.4029,0.744,0.7424,0.2155,154100,114550,0.7433,0.743,114638400,0.742,100044600,0.741,75826100,0.740,59910600,0.739,26658800,0.744,49103500,0.745,43733600,0.746,57269200,0.747,31277900,0.748,34274500,1127,99999,0
sh513130,09:44:02,1768787044839,5747.27,0.8933,1.1373,0.744,0.7424,0.2155,312100,232067,0.7436,0.743,106530400,0.742,90050600,0.741,75816100,0.740,67150400,0.739,26658800,0.744,49660700,0.745,43950000,0.746,57071200,0.747,31381900,0.748,34034400,222,99999,0
sh513130,09:44:05,1768787046839,5745.91,0.8933,2.1407,0.743,0.7418,0.1618,740500,550508,0.7434,0.743,105271200,0.742,94120000,0.741,87858100,0.740,75161400,0.739,24688800,0.744,52309800,0.745,44743200,0.746,57087900,0.747,31127900,0.748,34034400,229,99999,0
sh513130,09:44:08,1768787050818,5746.11,0.8933,2.409,0.743,0.7418,0.1618,482000,358265,0.7433,0.743,105297400,0.742,94128400,0.741,87871700,0.740,76119500,0.739,24689100,0.744,53563700,0.745,46716800,0.746,57206000,0.747,31127900,0.748,34035000,225,99999,0
sh513130,09:44:11,1768787052820,5746.04,0.8933,3.6394,0.744,0.7424,0.2155,1401600,1041640,0.7432,0.743,105464700,0.742,102124700,0.741,87564100,0.740,69221700,0.739,24689100,0.744,55245200,0.745,46619500,0.746,57630500,0.747,31127900,0.748,34035000,206,99999,0
sh513130,09:44:14,1768787056815,5746.73,0.8933,2.2963,0.744,0.7418,0.2966,203500,151276,0.7434,0.743,108267000,0.742,102229700,0.741,90589500,0.740,68087500,0.739,25189700,0.744,57083000,0.745,46699900,0.746,57784900,0.747,31137500,0.748,34035000,173,99999,0
sh513130,09:44:17,1768787059802,5746.6,0.8933,3.298,0.744,0.7418,0.2966,10615100,7897287,0.744,0.743,110716300,0.742,103134400,0.741,90678300,0.740,63554300,0.739,25209900,0.744,44122600,0.745,51934900,0.746,57844900,0.747,31244500,0.748,33901400,1202,99999,0
sh513130,09:44:20,1768787062796,5746.73,0.8933,5.568,0.744,0.7418,0.2966,300100,223260,0.744,0.743,111229000,0.742,103218900,0.741,90698500,0.740,64450100,0.739,25387000,0.744,43864900,0.745,51803000,0.746,57979300,0.747,31379100,0.748,33742500,214,99999,0
sh513130,09:44:23,1768787066795,5746.13,0.8933,5.847,0.744,0.7418,0.2966,2060000,1531655,0.7435,0.743,109746300,0.742,103311000,0.741,90789400,0.740,64470200,0.739,25412000,0.744,43795200,0.745,51788500,0.746,57981700,0.747,31398800,0.748,33742500,233,99999,0
sh513130,09:44:26,1768787068793,5746.88,0.8933,4.1983,0.743,0.7418,0.1618,837700,622650,0.7433,0.743,107462500,0.742,103508900,0.741,90819400,0.740,70745000,0.739,25452000,0.744,50205700,0.745,46312500,0.746,58206900,0.747,31212000,0.748,33742500,174,99999,0
sh513130,09:44:29,1768787070790,5747.08,0.8933,4.462,0.744,0.7424,0.2155,408400,303652,0.7435,0.743,106203300,0.742,103616300,0.741,90824500,0.740,73591800,0.739,25468000,0.744,50804200,0.745,46589500,0.746,58875000,0.747,31212000,0.748,33750500,187,99999,0
sh513130,09:44:32,1768787074768,5747.26,0.8933,3.5874,0.744,0.7424,0.2155,161400,120021,0.7436,0.743,110037300,0.742,104782000,0.741,90803600,0.740,67045100,0.739,25424200,0.744,45547400,0.745,52199500,0.746,59074300,0.747,32181300,0.748,33750500,138,99999,0
sh513130,09:44:35,1768787078764,5749.31,0.8933,6.2048,0.744,0.7425,0.202,18098400,13464457,0.744,0.744,40384400,0.743,107374100,0.742,105644500,0.741,89812800,0.740,61118500,0.745,56560000,0.746,72078300,0.747,33143800,0.748,33977400,0.749,23678100,201,99999,0
sh513130,09:44:38,1768787080755,5749.66,0.8933,4.9631,0.744,0.7425,0.202,1337100,994803,0.744,0.744,36670800,0.743,111527400,0.742,107888600,0.741,89821600,0.740,59488400,0.745,56268600,0.746,69391700,0.747,38144800,0.748,33977400,0.749,23622100,200,99999,0
sh513130,09:44:41,1768787082757,5750.57,0.8933,4.0108,0.745,0.7425,0.3367,653500,486206,0.744,0.744,84670200,0.743,111756100,0.742,96717000,0.741,89841400,0.740,59507700,0.745,56548900,0.746,69387700,0.747,38402400,0.748,34523700,0.749,23622100,114,99999,0
sh513130,09:44:44,1768787086758,5750.92,0.8933,2.6998,0.744,0.7424,0.2155,154100,114659,0.7441,0.744,71611200,0.743,106130800,0.742,97581800,0.741,84841400,0.740,59492700,0.745,55351600,0.746,69387700,0.747,39400400,0.748,33849600,0.749,23622100,208,99999,0
sh513130,09:44:47,1768787089760,5751.46,0.8933,5.728,0.744,0.7424,0.2155,3900,2902,0.7441,0.744,89719100,0.743,112411400,0.742,98512000,0.741,85651100,0.740,59534900,0.745,55375900,0.746,69759600,0.747,39400400,0.748,33849600,0.749,23622100,1121,99999,0
sh513130,09:44:50,1768787092751,5752.69,0.8933,5.4192,0.744,0.7431,0.1211,1100100,819537,0.745,0.744,95803400,0.743,116499100,0.742,99378500,0.741,77676600,0.740,59576500,0.745,55923300,0.746,70066300,0.747,39365400,0.748,33829600,0.749,23622100,126,99999,0
sh513130,09:44:53,1768787095708,5752.21,0.8933,5.0477,0.744,0.7431,0.1211,630300,468948,0.744,0.744,97379800,0.743,116987100,0.742,100340600,0.741,77690000,0.740,57608600,0.745,55770300,0.746,70146300,0.747,39495700,0.748,33829600,0.749,23622100,549,99999,0
sh513130,09:44:56,1768787097701,5751.69,0.8933,5.1732,0.745,0.7431,0.2557,406800,302666,0.744,0.744,61183000,0.743,115007400,0.742,101165600,0.741,85705000,0.740,57634900,0.745,56028600,0.746,69898300,0.747,39720900,0.748,33829600,0.749,23622100,351,99999,0
sh513130,09:44:59,1768787101683,5751.08,0.8933,4.4443,0.745,0.7431,0.2557,169700,126328,0.7444,0.744,42598300,0.743,115265400,0.742,102062800,0.741,90710900,0.740,57650300,0.745,56004800,0.746,69853200,0.747,39720900,0.748,34083600,0.749,23919300,1,99999,0
sh513130,09:45:02,1768787104693,5750.26,0.8933,2.9747,0.745,0.7431,0.2557,1019600,758602,0.744,0.744,69033100,0.743,110530700,0.742,102908300,0.741,91035000,0.740,57713300,0.745,55985200,0.746,69824000,0.747,40354000,0.748,33352100,0.749,23919300,125,99999,0
sh513130,09:45:05,1768787107644,5748.52,0.8933,4.9653,0.744,0.7431,0.1211,32401300,24106606,0.744,0.743,115318700,0.742,103768000,0.741,91060500,0.740,60853300,0.739,26042000,0.744,48198000,0.745,46731100,0.746,56716100,0.747,39364000,0.748,33372100,762,99999,0
sh513130,09:45:08,1768787110645,5749.09,0.8933,4.3685,0.744,0.7431,0.1211,4620400,3437578,0.744,0.743,113327100,0.742,104522600,0.741,91060500,0.740,67288700,0.739,28022000,0.744,46747000,0.745,47967600,0.746,56716100,0.747,34400000,0.748,33372100,7,99999,0
sh513130,09:45:11,1768787112632,5748.21,0.8933,3.857,0.744,0.7425,0.202,353800,263227,0.744,0.743,112223700,0.742,94564300,0.741,92050500,0.740,67310700,0.739,28022000,0.744,50333300,0.745,49123800,0.746,56916100,0.747,34400000,0.748,33372100,3,99999,0
sh513130,09:45:14,1768787116633,5746.8,0.8933,5.2182,0.744,0.7425,0.202,566700,421620,0.744,0.743,112299500,0.742,94584300,0.741,91893900,0.740,68206400,0.739,28064300,0.744,50051100,0.745,48915800,0.746,56527100,0.747,34400000,0.748,33122100,31,99999,0
sh513130,09:45:17,1768787119638,5747.13,0.8933,4.2459,0.743,0.7425,0.0673,1056900,785579,0.7433,0.743,113492600,0.742,94677300,0.741,91893900,0.740,68051200,0.739,28064400,0.744,50485500,0.745,49084300,0.746,56363800,0.747,34400000,0.748,33127800,471,99999,0
sh513130,09:45:20,1768787122614,5748.34,0.8933,3.8667,0.744,0.7425,0.202,201600,149990,0.744,0.743,116053400,0.742,94717600,0.741,91893900,0.740,62521500,0.739,28064400,0.744,42321700,0.745,55514600,0.746,56373800,0.747,34400000,0.748,33127800,103,99999,0
sh513130,09:45:23,1768787125605,5747.66,0.8933,4.9379,0.744,0.7425,0.202,432600,321746,0.7437,0.743,115923700,0.742,96664000,0.741,91948800,0.740,62545500,0.739,28078400,0.744,10493900,0.745,60003200,0.746,67950100,0.747,34356900,0.748,33122600,951,99999,0
sh513130,09:45:26,1768787127604,5747.55,0.8933,4.7431,0.744,0.7425,0.202,130600,97167,0.744,0.743,110809900,0.742,97532400,0.741,91953800,0.740,69912500,0.739,28108400,0.744,47775900,0.745,50628500,0.746,56022300,0.747,39386900,0.748,33122600,972,99999,0
sh513130,09:45:29,1768787131599,5746.24,0.8933,4.1291,0.744,0.7425,0.202,773800,575614,0.7439,0.743,110971900,0.742,88889200,0.741,91981200,0.740,78005800,0.739,28107800,0.744,51018600,0.745,50748500,0.746,56027300,0.747,34386900,0.748,33122600,993,99999,0
sh513130,09:45:32,1768787135585,5746.84,0.8933,3.607,0.744,0.7425,0.202,1196400,890004,0.7439,0.743,114058900,0.742,96915200,0.741,92209200,0.740,67918600,0.739,28107800,0.744,44597000,0.745,56488500,0.746,56069400,0.747,34329800,0.748,33122600,957,99999,0
sh513130,09:45:35,1768787137585,5746.1,0.8933,3.5411,0.744,0.7425,0.202,529700,394097,0.744,0.743,114042700,0.742,96983400,0.741,92311600,0.740,70074500,0.739,28107800,0.744,50205500,0.745,51136400,0.746,56205400,0.747,34182800,0.748,33139000,969,99999,0
sh513130,09:45:38,1768787139589,5745.97,0.8933,1.8906,0.744,0.7425,0.202,102600,76291,0.7436,0.743,111286700,0.742,97260600,0.741,92412600,0.740,72929300,0.739,28141100,0.744,50458200,0.745,51216400,0.746,56205400,0.747,34135500,0.748,33139000,802,99999,0
sh513130,09:45:35,1768787140583,5746.66,0.8933,2.0104,0.744,0.7425,0.202,0,0,0.744,0.743,114042700,0.742,96983400,0.741,92311600,0.740,70074500,0.739,28107800,0.744,50205500,0.745,51136400,0.746,56205400,0.747,34182800,0.748,33139000,55,99999,2
sh513130,09:45:38,1768787141570,5746.66,0.8933,2.0104,0.744,0.7425,0.202,0,0,0.744,0.743,111286700,0.742,97260600,0.741,92412600,0.740,72929300,0.739,28141100,0.744,50458200,0.745,51216400,0.746,56205400,0.747,34135500,0.748,33139000,619,99999,0
sh513130,09:45:41,1768787143556,5747.54,0.8933,3.9087,0.744,0.7425,0.202,355100,264076,0.7437,0.743,115662500,0.742,98138200,0.741,92393300,0.740,65664900,0.739,28147800,0.744,20727400,0.745,60644300,0.746,68360800,0.747,34145500,0.748,33139000,420,99999,0
sh513130,09:45:44,1768787146559,5748.1,0.8933,4.7788,0.744,0.7425,0.202,52626000,39153744,0.744,0.744,941700,0.743,116171400,0.742,100059200,0.741,91905300,0.740,60316800,0.745,60738900,0.746,69275800,0.747,39181100,0.748,33139000,0.749,24219300,39,99999,0
sh513130,09:45:47,1768787149561,5747.4,0.8933,4.7005,0.744,0.7425,0.202,3502500,2605860,0.744,0.743,115963700,0.742,100903800,0.741,91925300,0.740,60337700,0.739,28150800,0.744,12271900,0.745,61163600,0.746,69363800,0.747,39181100,0.748,33139000,908,99999,0
sh513130,09:45:50,1768787152556,5747.17,0.8933,4.1033,0.744,0.7431,0.1211,276600,205790,0.744,0.743,116074400,0.742,100848600,0.741,91925300,0.740,60395000,0.739,28170800,0.744,28193400,0.745,61150200,0.746,57081500,0.747,39181100,0.748,33139000,41,99999,0
sh513130,09:45:53,1768787155557,5747.59,0.8933,3.9508,0.744,0.7431,0.1211,957400,711795,0.7435,0.743,113554700,0.742,100876500,0.741,93150800,0.740,60178900,0.739,28223400,0.744,36940800,0.745,52581500,0.746,56087600,0.747,39181100,0.748,33111400,900,99999,0
sh513130,09:45:56,1768787158570,5748.43,0.8933,4.8662,0.745,0.7425,0.3367,2034200,1513445,0.744,0.744,2874500,0.743,114895700,0.742,100884700,0.741,92160800,0.740,60231900,0.745,61533200,0.746,68993700,0.747,39181100,0.748,33112400,0.749,24219300,39,99999,0
sh513130,09:45:59,1768787161575,5748.67,0.8933,3.8272,0.744,0.7425,0.202,3625200,2697157,0.744,0.744,1602700,0.743,116035800,0.742,102065900,0.741,92154400,0.740,61994000,0.745,61568600,0.746,68973700,0.747,39231100,0.748,33112400,0.749,24219300,954,99999,0
sh513130,09:46:02,1768787164574,5748.31,0.8933,5.4091,0.744,0.7425,0.202,8172300,6080191,0.744,0.743,115998300,0.742,102682100,0.741,92153900,0.740,62052300,0.739,28257200,0.744,43413800,0.745,57562600,0.746,56974900,0.747,39231100,0.748,33126500,17,99999,0
sh513130,09:46:05,1768787167579,5748.4,0.8933,3.1098,0.744,0.7425,0.202,222300,165391,0.744,0.743,115446300,0.742,104523800,0.741,92163900,0.740,62056100,0.739,28257200,0.744,43575700,0.745,57591800,0.746,56977900,0.747,34127900,0.748,33811800,410,99999,0
sh513130,09:46:08,1768787170539,5748.85,0.8933,2.6905,0.744,0.7425,0.202,575600,428142,0.7438,0.743,115381200,0.742,104411100,0.741,93203900,0.740,62083000,0.739,28257200,0.744,6877500,0.745,61905000,0.746,56177900,0.747,34107900,0.748,33811800,14,99999,0
sh513130,09:46:11,1768787173508,5751.45,0.8933,7.8199,0.744,0.7425,0.202,411100,305872,0.744,0.744,58763400,0.743,111119400,0.742,105295700,0.741,91221800,0.740,62113000,0.745,61936600,0.746,69183200,0.747,39112900,0.748,33771800,0.749,24239300,908,99999,0
sh513130,09:46:14,1768787175526,5751.33,0.8933,7.79,0.744,0.7425,0.202,144000,107237,0.7447,0.744,47178000,0.743,116963500,0.742,106172900,0.741,86322800,0.740,62172000,0.745,59862600,0.746,69213200,0.747,40109300,0.748,33771800,0.749,24239300,908,99999,0
sh513130,09:46:11,1768787176531,5751.83,0.8933,6.8939,0.744,0.7425,0.202,0,0,0.744,0.744,58763400,0.743,111119400,0.742,105295700,0.741,91221800,0.740,62113000,0.745,61936600,0.746,69183200,0.747,39112900,0.748,33771800,0.749,24239300,14,99999,2
sh513130,09:46:14,1768787177527,5751.83,0.8933,6.3899,0.744,0.7425,0.202,0,0,0.744,0.744,47178000,0.743,116963500,0.742,106172900,0.741,86322800,0.740,62172000,0.745,59862600,0.746,69213200,0.747,40109300,0.748,33771800,0.749,24239300,915,99999,0
sh513130,09:46:17,1768787180527,5751.0,0.8933,3.8037,0.744,0.7425,0.202,1051600,782428,0.744,0.744,46788100,0.743,117215600,0.742,106909300,0.741,86302800,0.740,62819900,0.745,59846500,0.746,69203200,0.747,40115900,0.748,33771800,0.749,24259300,7,99999,0
sh513130,09:46:20,1768787182517,5749.57,0.8933,2.7816,0.745,0.7432,0.2422,1059300,788146,0.744,0.744,3306700,0.743,117443900,0.742,107863700,0.741,86302800,0.740,63186900,0.745,60660600,0.746,69243200,0.747,40115900,0.748,33771800,0.749,24261300,16,99999,0
sh513130,09:46:23,1768787185513,5751.5,0.8933,2.7743,0.744,0.7432,0.1076,11737300,8732521,0.744,0.744,60484900,0.743,111865800,0.742,109229300,0.741,82304300,0.740,63230900,0.745,62458700,0.746,65243600,0.747,39225900,0.748,33731800,0.749,24261300,887,99999,0
sh513130,09:46:26,1768787188511,5753.31,0.8933,4.2041,0.744,0.7432,0.1076,29700,22108,0.7444,0.744,73391500,0.743,119820800,0.742,109285900,0.741,70924300,0.740,63253900,0.745,57094500,0.746,70910600,0.747,40215900,0.748,33731800,0.749,24289100,16,99999,0
sh513130,09:46:29,1768787190534,5754.01,0.8933,4.8289,0.745,0.7438,0.1613,1207600,898548,0.7441,0.744,71785400,0.743,119856000,0.742,109296900,0.741,71924300,0.740,63251500,0.745,63612200,0.746,65250600,0.747,40215900,0.748,33721800,0.749,24289100,26,99999,0
sh513130,09:46:32,1768787194480,5753.74,0.8933,4.8618,0.745,0.7438,0.1613,279400,207933,0.7442,0.744,72896000,0.743,122939200,0.742,108288800,0.741,70956400,0.740,63319500,0.745,64384900,0.746,66203600,0.747,40215900,0.748,33721800,0.749,24289100,1154,99999,0
sh513130,09:46:35,1768787197481,5756.07,0.8933,4.2148,0.745,0.7438,0.1613,6124100,4556345,0.744,0.744,76146200,0.743,124856700,0.742,108321600,0.741,66028600,0.740,63842500,0.745,49302000,0.746,71756700,0.747,40215900,0.748,34204800,0.749,24439100,888,99999,0
sh513130,09:46:38,1768787199470,5755.72,0.8933,4.2296,0.745,0.7438,0.1613,739600,550837,0.7448,0.744,77415500,0.743,126758900,0.742,107467400,0.741,66028600,0.740,63844900,0.745,48674900,0.746,71623700,0.747,40215900,0.748,34204800,0.749,24439100,891,99999,0
sh513130,09:46:41,1768787203445,5756.88,0.8933,6.0899,0.745,0.7438,0.1613,459000,341755,0.7446,0.744,77629200,0.743,126898700,0.742,107400500,0.741,66027700,0.740,63884900,0.745,41597800,0.746,74946600,0.747,52214700,0.748,39154800,0.749,24464300,856,99999,0
sh513130,09:46:44,1768787206440,5757.73,0.8933,5.0762,0.745,0.7438,0.1613,3053400,2273769,0.7447,0.744,78076900,0.743,127019700,0.742,108793500,0.741,66037700,0.740,63904900,0.745,32941700,0.746,76156200,0.747,50254900,0.748,39204800,0.749,24436500,17,99999,0
sh513130,09:46:47,1768787210438,5759.2,0.8933,3.5448,0.745,0.7438,0.1613,37283400,27776104,0.745,0.745,6685000,0.744,76787000,0.743,127149100,0.742,108803500,0.741,60976500,0.746,81061100,0.747,51321900,0.748,40194800,0.749,24457500,0.750,38782400,1828,99999,0
sh513130,09:46:50,1768787213427,5758.55,0.8933,2.833,0.745,0.7438,0.1613,7221500,5379879,0.745,0.744,80307000,0.743,128280000,0.742,108783900,0.741,60926600,0.740,64009900,0.745,50352400,0.746,78364600,0.747,51929900,0.748,40573000,0.749,24457500,455,99999,0
sh513130,09:46:53,1768787216412,5758.16,0.8933,2.972,0.745,0.7438,0.1613,1134000,843830,0.7441,0.744,78163700,0.743,129400200,0.742,108786100,0.741,60926600,0.740,64051900,0.745,49754500,0.746,79267700,0.747,51929900,0.748,39583000,0.749,24457500,1265,99999,0
sh513130,09:46:56,1768787218420,5757.54,0.8933,6.3676,0.744,0.7438,0.0269,393800,293279,0.7447,0.744,82258600,0.743,129202100,0.742,108606100,0.741,60926600,0.740,64094800,0.745,55169200,0.746,80105800,0.747,50969900,0.748,34583000,0.749,24457500,1090,99999,0
sh513130,09:46:59,1768787222417,5756.36,0.8933,6.3656,0.745,0.7438,0.1613,110600,82397,0.745,0.744,82579200,0.743,129996200,0.742,108521100,0.741,60498600,0.740,64098800,0.745,55106100,0.746,80933200,0.747,50956100,0.748,34583000,0.749,24457500,747,99999,0
sh513130,09:47:02,1768787225400,5753.82,0.8933,6.3046,0.744,0.7438,0.0269,1434800,1067721,0.7442,0.744,76435600,0.743,115306500,0.742,108515100,0.741,75878600,0.740,63424200,0.745,62176400,0.746,75361600,0.747,50956100,0.748,34583000,0.749,24457500,810,99999,0
sh513130,09:47:05,1768787227411,5754.41,0.8933,4.5871,0.744,0.7438,0.0269,249700,185819,0.7442,0.744,40810000,0.743,121134200,0.742,109505100,0.741,80878600,0.740,63434200,0.745,63291600,0.746,75375400,0.747,51039100,0.748,34583000,0.749,24457500,798,99999,0
sh513130,09:47:08,1768787230395,5753.57,0.8933,4.7457,0.745,0.7438,0.1613,1159000,862444,0.7441,0.744,40553500,0.743,121888200,0.742,109513400,0.741,81722300,0.740,63439200,0.745,64292900,0.746,75375400,0.747,51149100,0.748,34583000,0.749,24457500,1804,99999,0
sh513130,09:47:11,1768787234367,5754.17,0.8933,4.4945,0.745,0.7431,0.2557,133400,99350,0.7448,0.744,52356700,0.743,116374900,0.742,108517900,0.741,77566000,0.740,63486800,0.745,65241200,0.746,75375400,0.747,51109100,0.748,34583000,0.749,24557500,1768,99999,0
sh513130,09:47:14,1768787236355,5754.01,0.8933,5.1822,0.745,0.7431,0.2557,1147700,854222,0.7443,0.744,21790700,0.743,122043300,0.742,108532900,0.741,83410700,0.740,63737800,0.745,65751200,0.746,75376900,0.747,51109100,0.748,34583000,0.749,24557500,1555,99999,0
sh513130,09:47:17,1768787240339,5752.97,0.8933,3.9658,0.745,0.7431,0.2557,108400,80674,0.7442,0.744,27906900,0.743,122080600,0.742,108636500,0.741,84254400,0.740,63734800,0.745,66567300,0.746,75376900,0.747,51109100,0.748,34583000,0.749,24557500,1155,99999,0
sh513130,09:47:20,1768787242337,5753.47,0.8933,5.2187,0.745,0.7431,0.2557,36800,27383,0.7441,0.744,44850800,0.743,122439400,0.742,108648500,0.741,85098100,0.740,63754700,0.745,66546300,0.746,75127400,0.747,51109100,0.748,34583000,0.749,24568400,958,99999,0
sh513130,09:47:23,1768787245329,5752.93,0.8933,4.935,0.744,0.7431,0.1211,174600,129970,0.7444,0.744,27634900,0.743,122803300,0.742,108664500,0.741,85936800,0.740,63764400,0.745,67318200,0.746,75034600,0.747,51109100,0.748,34583000,0.749,24568400,689,99999,0
sh513130,09:47:26,1768787249332,5752.4,0.8933,5.7514,0.745,0.7431,0.2557,267800,199494,0.7449,0.744,52484700,0.743,117980800,0.742,108684500,0.741,86780500,0.740,63736800,0.745,68162800,0.746,75314600,0.747,51109100,0.748,34583000,0.749,24568400,694,99999,0
sh513130,09:47:29,1768787251326,5753.45,0.8933,5.7448,0.744,0.7431,0.1211,235000,174881,0.7442,0.744,81827900,0.743,127053200,0.742,108754500,0.741,74690500,0.740,63776800,0.745,68510100,0.746,75394600,0.747,51112400,0.748,34583000,0.749,24568400,689,99999,0
sh513130,09:47:32,1768787254323,5753.81,0.8933,4.2132,0.745,0.7431,0.2557,114900,85601,0.745,0.744,86906500,0.743,127871600,0.742,108761500,0.741,72550100,0.740,63840300,0.745,63011000,0.746,80776500,0.747,51105400,0.748,34583000,0.749,24568400,1739,99999,0
sh513130,09:47:35,1768787257324,5753.41,0.8933,2.4735,0.745,0.7438,0.1613,43200,32171,0.7447,0.744,28741700,0.743,125587000,0.742,108761500,0.741,84393800,0.740,63886900,0.745,68756800,0.746,75216800,0.747,51105400,0.748,34583000,0.749,24568400,644,99999,0
sh513130,09:47:38,1768787260317,5753.04,0.8933,3.3262,0.745,0.7438,0.1613,184500,137360,0.7445,0.744,23241400,0.743,125714000,0.742,108784500,0.741,85242900,0.740,63896900,0.745,68823600,0.746,75420700,0.747,51083900,0.748,34601000,0.749,24568400,1456,99999,0
sh513130,09:47:41,1768787264327,5753.44,0.8933,2.3228,0.744,0.7431,0.1211,22300,16606,0.7447,0.744,23463200,0.743,125779100,0.742,108824500,0.741,85962200,0.740,63937900,0.745,68842900,0.746,75420700,0.747,51636500,0.748,34559300,0.749,24568400,1097,99999,0
sh513130,09:47:44,1768787267321,5752.31,0.8933,2.8751,0.745,0.7431,0.2557,552900,411905,0.745,0.744,26204800,0.743,125790200,0.742,108898000,0.741,94382200,0.740,63954100,0.745,69221400,0.746,75340700,0.747,51636500,0.748,34559300,0.749,24568400,737,99999,0
sh513130,09:47:47,1768787270312,5752.63,0.8933,3.6417,0.745,0.7431,0.2557,301100,224228,0.7447,0.744,26181000,0.743,125857500,0.742,108957100,0.741,94382200,0.740,63980200,0.745,69855100,0.746,75342700,0.747,51636500,0.748,34559300,0.749,24578400,517,99999,0
sh513130,09:47:50,1768787272310,5752.56,0.8933,2.6749,0.745,0.7431,0.2557,118900,88480,0.7442,0.744,24265300,0.743,125878600,0.742,108957100,0.741,94382200,0.740,63984500,0.745,70692200,0.746,75401300,0.747,51636500,0.748,34564300,0.749,24578400,340,99999,0
sh513130,09:47:53,1768787274295,5751.84,0.8933,5.3876,0.744,0.7431,0.1211,144300,107495,0.7449,0.744,24849900,0.743,126223700,0.742,108958400,0.741,94382300,0.740,63993500,0.745,71620400,0.746,75397300,0.747,51643900,0.748,34564300,0.749,24578400,122,99999,0
sh513130,09:47:56,1768787279276,5752.17,0.8933,6.0968,0.744,0.7431,0.1211,19100,14221,0.7446,0.744,78850100,0.743,120532500,0.742,108964400,0.741,94419700,0.740,63994500,0.745,72910800,0.746,75397300,0.747,51587800,0.748,34664300,0.749,24585000,266,99999,0
sh513130,09:47:59,1768787281283,5751.78,0.8933,5.4389,0.745,0.7431,0.2557,230700,171851,0.7449,0.744,27485600,0.743,126578700,0.742,109005400,0.741,94439700,0.740,64094500,0.745,74069600,0.746,75372300,0.747,51587800,0.748,34664300,0.749,24585000,543,99999,0
sh513130,09:48:02,1768787285263,5751.3,0.8933,4.4,0.744,0.7431,0.1211,713500,530871,0.744,0.744,22014100,0.743,126364300,0.742,109010400,0.741,95039400,0.740,64101500,0.745,75997800,0.746,75370800,0.747,50597800,0.748,34664300,0.749,24585000,154,99999,0
sh513130,09:48:05,1768787287248,5751.48,0.8933,3.5722,0.745,0.7431,0.2557,2475600,1841918,0.744,0.744,29087700,0.743,126472900,0.742,109020400,0.741,95041900,0.740,64002400,0.745,76765000,0.746,75400800,0.747,51787800,0.748,35129800,0.749,24585000,643,99999,0
sh513130,09:48:08,1768787290240,5753.78,0.8933,3.9977,0.745,0.7431,0.2557,14700,10951,0.745,0.744,82865900,0.743,128893900,0.742,109122400,0.741,84044600,0.740,64033900,0.745,71257100,0.746,81888800,0.747,51787800,0.748,35129800,0.749,24583000,774,99999,0
sh513130,09:48:11,1768787293230,5754.71,0.8933,4.1852,0.745,0.7431,0.2557,164500,122488,0.7446,0.744,92854900,0.743,128894000,0.742,109074800,0.741,74674600,0.740,64031900,0.745,54005900,0.746,82773800,0.747,51787800,0.748,35479800,0.749,24583000,587,99999,0
sh513130,09:48:14,1768787297226,5756.11,0.8933,6.5941,0.745,0.7431,0.2557,38700,28811,0.7445,0.744,95917500,0.743,130713500,0.742,108188100,0.741,74674600,0.740,64054800,0.745,38858000,0.746,82773800,0.747,51787800,0.748,40480100,0.749,26581600,598,99999,0
sh513130,09:48:17,1768787299209,5755.0,0.8933,4.8796,0.744,0.7431,0.1211,474300,352898,0.744,0.744,94082100,0.743,129719500,0.742,109178600,0.741,69827300,0.740,64064800,0.745,50924700,0.746,77173800,0.747,52076500,0.748,40490100,0.749,26381600,637,99999,0
sh513130,09:48:20,1768787302195,5754.63,0.8933,5.0524,0.745,0.7438,0.1613,292500,217912,0.745,0.744,93871100,0.743,130513500,0.742,109278600,0.741,69827300,0.740,64042500,0.745,58075100,0.746,77166800,0.747,52062500,0.748,35490100,0.749,26381600,1596,99999,0
sh513130,09:48:23,1768787305195,5756.51,0.8933,3.2027,0.745,0.7438,0.1613,26100,19421,0.7441,0.744,94343700,0.743,132448700,0.742,109312100,0.741,69827800,0.740,64063200,0.745,52983400,0.746,82660300,0.747,52060700,0.748,35490100,0.749,26274800,445,99999,0
sh513130,09:48:26,1768787308185,5756.9,0.8933,5.4852,0.745,0.7438,0.1613,212800,158475,0.7447,0.744,96276000,0.743,132470700,0.742,108312100,0.741,69837800,0.740,64067700,0.745,50692100,0.746,82460300,0.747,52060700,0.748,35496100,0.749,26274800,1262,99999,0
sh513130,09:48:29,1768787311189,5758.54,0.8933,5.1874,0.744,0.7438,0.0269,1038700,772811,0.744,0.744,96465700,0.743,133328400,0.742,108312100,0.741,69854800,0.740,64069700,0.745,12702200,0.746,90500300,0.747,52060700,0.748,40503700,0.749,26274800,542,99999,0
sh513130,09:48:32,1768787314181,5757.21,0.8933,3.7461,0.745,0.7438,0.1613,195900,145765,0.7441,0.744,96316900,0.743,134194700,0.742,108314500,0.741,69854800,0.740,64078700,0.745,41852900,0.746,86665700,0.747,52060700,0.748,40610600,0.749,26274800,701,99999,0
sh513130,09:48:35,1768787318170,5759.03,0.8933,2.3662,0.745,0.7438,0.1613,18600,13857,0.745,0.744,96377500,0.743,134217500,0.742,108319500,0.741,69854800,0.740,64189700,0.745,42984800,0.746,87263600,0.747,52057300,0.748,40610600,0.749,26274800,328,99999,0
