symbol,tx_server_time,tx_local_time,bd_server_time,bd_local_time,price,iopv,premium_rate,index_price,fx_rate,sentiment,tick_vol,tick_amt,tick_vwap,interval_s,bp1,bv1,bp2,bv2,bp3,bv3,bp4,bv4,bp5,bv5,sp1,sv1,sp2,sv2,sp3,sv3,sp4,sv4,sp5,sv5,idx_delay_ms,fut_delay_ms,data_flags
sh513130,09:30:02,1766971807872,09:31:06,1766971807273,0.724,0.7216,0.3326,5547.97,0.9012,4.0111,0,0,0.724,0.0,0.723,21790200,0.722,32193000,0.721,29974100,0.720,25392300,0.719,24439200,0.724,17166800,0.725,17493200,0.726,24954900,0.727,21947300,0.728,18015500,599,0,1
sh513130,09:30:05,1766971808858,09:31:06,1766971807273,0.723,0.7216,0.194,5547.97,0.9012,2.3888,3389600,2453565,0.7239,0.987,0.723,25201400,0.722,32878400,0.721,30786300,0.720,27038100,0.719,23867900,0.724,19447500,0.725,19754800,0.726,24652400,0.727,22886400,0.728,18214200,1585,0,0
sh513130,09:30:05,1766971809851,09:31:08,1766971809583,0.723,0.7216,0.194,5545.1,0.9012,2.3826,0,0,0.723,0.993,0.723,25201400,0.722,32878400,0.721,30786300,0.720,27038100,0.719,23867900,0.724,19447500,0.725,19754800,0.726,24652400,0.727,22886400,0.728,18214200,268,0,0
sh513130,09:30:05,1766971810853,09:31:08,1766971809583,0.723,0.7216,0.194,5545.1,0.9012,3.1523,0,0,0.723,1.002,0.723,25201400,0.722,32878400,0.721,30786300,0.720,27038100,0.719,23867900,0.724,19447500,0.725,19754800,0.726,24652400,0.727,22886400,0.728,18214200,1269,0,0
sh513130,09:30:08,1766971811852,09:31:10,1766971811580,0.724,0.7236,0.0553,5550.35,0.9012,4.7811,4724000,3418481,0.7236,1.0,0.723,24654500,0.722,34312900,0.721,32126400,0.720,29126400,0.719,25519300,0.724,18765700,0.725,22118400,0.726,26125500,0.727,26566500,0.728,20038400,272,0,0
sh513130,09:30:08,1766971812854,09:31:10,1766971811580,0.724,0.7236,0.0553,5550.35,0.9012,5.2935,0,0,0.724,1.002,0.723,24654500,0.722,34312900,0.721,32126400,0.720,29126400,0.719,25519300,0.724,18765700,0.725,22118400,0.726,26125500,0.727,26566500,0.728,20038400,1273,0,0
sh513130,09:30:08,1766971813848,09:31:12,1766971813730,0.724,0.7236,0.0553,5549.64,0.9012,6.4851,0,0,0.724,0.994,0.723,24654500,0.722,34312900,0.721,32126400,0.720,29126400,0.719,25519300,0.724,18765700,0.725,22118400,0.726,26125500,0.727,26566500,0.728,20038400,117,0,0
sh513130,09:30:11,1766971814850,09:31:12,1766971813730,0.724,0.7236,0.0553,5549.64,0.9012,5.7982,6442200,4663702,0.7239,1.001,0.723,24662800,0.722,34491300,0.721,35111600,0.720,35289200,0.719,26561500,0.724,15074600,0.725,22374700,0.726,27180300,0.727,30049300,0.728,21795000,1119,0,0
sh513130,09:30:14,1766971815853,09:31:14,1766971815235,0.724,0.7236,0.0553,5552.32,0.9012,5.6073,2884100,2087615,0.7238,1.004,0.723,25060100,0.722,34059100,0.721,35851500,0.720,36432600,0.719,26745100,0.724,15204700,0.725,22799900,0.726,27510300,0.727,32465100,0.728,22061800,618,0,0
sh513130,09:30:14,1766971816854,09:31:14,1766971815883,0.724,0.7236,0.0553,5552.32,0.9012,6.0517,0,0,0.724,1.001,0.723,25060100,0.722,34059100,0.721,35851500,0.720,36432600,0.719,26745100,0.724,15204700,0.725,22799900,0.726,27510300,0.727,32465100,0.728,22061800,971,0,0
sh513130,09:30:14,1766971817848,09:31:16,1766971817225,0.724,0.7236,0.0553,5555.49,0.9012,5.9621,0,0,0.724,0.994,0.723,25060100,0.722,34059100,0.721,35851500,0.720,36432600,0.719,26745100,0.724,15204700,0.725,22799900,0.726,27510300,0.727,32465100,0.728,22061800,623,0,0
sh513130,09:30:14,1766971818853,09:31:16,1766971818027,0.724,0.7236,0.0553,5555.49,0.9012,3.4568,0,0,0.724,1.005,0.723,25060100,0.722,34059100,0.721,35851500,0.720,36432600,0.719,26745100,0.724,15204700,0.725,22799900,0.726,27510300,0.727,32465100,0.728,22061800,825,0,0
sh513130,09:30:17,1766971819853,09:31:18,1766971819743,0.724,0.7243,-0.0414,5557.66,0.9012,3.5634,2755300,1994696,0.7239,1.0,0.723,25389100,0.722,34346400,0.721,36685700,0.720,36957900,0.719,27067300,0.724,13857400,0.725,23013700,0.726,29118800,0.727,33221600,0.728,25191000,110,0,0
sh513130,09:30:17,1766971820857,09:31:18,1766971820179,0.724,0.7243,-0.0414,5557.66,0.9012,3.6961,0,0,0.724,1.004,0.723,25389100,0.722,34346400,0.721,36685700,0.720,36957900,0.719,27067300,0.724,13857400,0.725,23013700,0.726,29118800,0.727,33221600,0.728,25191000,678,0,0
sh513130,09:30:17,1766971821855,09:31:20,1766971821196,0.724,0.7243,-0.0414,5561.4,0.9012,4.1317,0,0,0.724,0.998,0.723,25389100,0.722,34346400,0.721,36685700,0.720,36957900,0.719,27067300,0.724,13857400,0.725,23013700,0.726,29118800,0.727,33221600,0.728,25191000,658,0,0
sh513130,09:30:20,1766971822850,09:31:20,1766971822330,0.724,0.7243,-0.0414,5561.4,0.9012,4.0586,8792700,6365844,0.724,0.995,0.723,25995500,0.722,37713400,0.721,39374800,0.720,35662500,0.719,26084300,0.724,7755800,0.725,23031700,0.726,28457300,0.727,34282600,0.728,26718900,519,0,0
sh513130,09:30:20,1766971823854,09:31:22,1766971823266,0.724,0.7243,-0.0414,5558.59,0.9012,3.0063,0,0,0.724,1.004,0.723,25995500,0.722,37713400,0.721,39374800,0.720,35662500,0.719,26084300,0.724,7755800,0.725,23031700,0.726,28457300,0.727,34282600,0.728,26718900,587,0,0
sh513130,09:30:20,1766971824859,09:31:22,1766971824481,0.724,0.7243,-0.0414,5558.59,0.9012,2.4873,0,0,0.724,1.005,0.723,25995500,0.722,37713400,0.721,39374800,0.720,35662500,0.719,26084300,0.724,7755800,0.725,23031700,0.726,28457300,0.727,34282600,0.728,26718900,378,0,0
sh513130,09:30:23,1766971825848,09:31:24,1766971825223,0.724,0.7256,-0.2205,5560.77,0.9012,1.5497,8011400,5800263,0.724,0.989,0.724,23955800,0.723,29953000,0.722,37884100,0.721,33142500,0.720,36776900,0.725,22596000,0.726,27770900,0.727,32116500,0.728,28133100,0.729,31158300,625,0,0
sh513130,09:30:23,1766971826854,09:31:24,1766971826625,0.724,0.7256,-0.2205,5560.77,0.9012,1.2898,0,0,0.724,1.006,0.724,23955800,0.723,29953000,0.722,37884100,0.721,33142500,0.720,36776900,0.725,22596000,0.726,27770900,0.727,32116500,0.728,28133100,0.729,31158300,228,0,0
sh513130,09:30:23,1766971827862,09:31:26,1766971827247,0.724,0.7256,-0.2205,5560.78,0.9012,0.1102,0,0,0.724,1.008,0.724,23955800,0.723,29953000,0.722,37884100,0.721,33142500,0.720,36776900,0.725,22596000,0.726,27770900,0.727,32116500,0.728,28133100,0.729,31158300,614,0,0
sh513130,09:30:26,1766971828833,09:31:26,1766971828776,0.724,0.7256,-0.2205,5560.78,0.9012,0.4312,5188900,3761367,0.7249,0.971,0.724,38795000,0.723,32049400,0.722,33544200,0.721,31765200,0.720,39621600,0.725,19036100,0.726,27906400,0.727,33209600,0.728,34553100,0.729,33461900,55,0,0
sh513130,09:30:23,1766971829847,09:31:28,1766971829269,0.724,0.7256,-0.2205,5561.17,0.9012,0.4226,0,0,0.724,1.014,0.724,23955800,0.723,29953000,0.722,37884100,0.721,33142500,0.720,36776900,0.725,22596000,0.726,27770900,0.727,32116500,0.728,28133100,0.729,31158300,577,0,1
sh513130,09:30:29,1766971830853,09:31:28,1766971829269,0.724,0.7256,-0.2205,5561.17,0.9012,1.552,9312700,6749025,0.7247,1.006,0.724,36151700,0.723,37368200,0.722,29504300,0.721,32299000,0.720,39065400,0.725,17476100,0.726,24647200,0.727,31348200,0.728,33918800,0.729,34921700,1583,0,0
sh513130,09:30:29,1766971831854,09:31:30,1766971831210,0.724,0.7256,-0.2205,5559.78,0.9012,2.0754,0,0,0.724,1.002,0.724,36151700,0.723,37368200,0.722,29504300,0.721,32299000,0.720,39065400,0.725,17476100,0.726,24647200,0.727,31348200,0.728,33918800,0.729,34921700,643,0,0
sh513130,09:30:29,1766971832853,09:31:30,1766971831210,0.724,0.7256,-0.2205,5559.78,0.9012,-1.4163,0,0,0.724,0.999,0.724,36151700,0.723,37368200,0.722,29504300,0.721,32299000,0.720,39065400,0.725,17476100,0.726,24647200,0.727,31348200,0.728,33918800,0.729,34921700,1642,0,0
sh513130,09:30:29,1766971833861,09:31:32,1766971833234,0.724,0.7256,-0.2205,5557.51,0.9012,-1.2232,0,0,0.724,1.007,0.724,36151700,0.723,37368200,0.722,29504300,0.721,32299000,0.720,39065400,0.725,17476100,0.726,24647200,0.727,31348200,0.728,33918800,0.729,34921700,626,0,0
sh513130,09:30:32,1766971834856,09:31:32,1766971833234,0.724,0.7256,-0.2205,5557.51,0.9012,-1.0814,7842700,5685286,0.7249,0.996,0.724,27052400,0.723,44861400,0.722,30542300,0.721,31556900,0.720,39277200,0.725,10758200,0.726,24688100,0.727,32395200,0.728,42791200,0.729,35843000,1621,0,0
sh513130,09:30:32,1766971835863,09:31:34,1766971835258,0.724,0.7256,-0.2205,5558.47,0.9012,0.3246,0,0,0.724,1.007,0.724,27052400,0.723,44861400,0.722,30542300,0.721,31556900,0.720,39277200,0.725,10758200,0.726,24688100,0.727,32395200,0.728,42791200,0.729,35843000,605,0,0
sh513130,09:30:32,1766971836874,09:31:34,1766971835258,0.724,0.7256,-0.2205,5558.47,0.9012,1.283,0,0,0.724,1.01,0.724,27052400,0.723,44861400,0.722,30542300,0.721,31556900,0.720,39277200,0.725,10758200,0.726,24688100,0.727,32395200,0.728,42791200,0.729,35843000,1615,0,0
sh513130,09:30:35,1766971837864,09:31:36,1766971837419,0.724,0.7256,-0.2205,5557.89,0.9012,0.4348,6848500,4964182,0.7249,0.99,0.724,25914300,0.723,45471800,0.722,30780300,0.721,31595700,0.720,39284300,0.725,5052400,0.726,24728800,0.727,37645600,0.728,38085000,0.729,35605400,444,0,0
sh513130,09:30:35,1766971838872,09:31:36,1766971837419,0.724,0.7256,-0.2205,5557.89,0.9012,0.4426,0,0,0.724,1.008,0.724,25914300,0.723,45471800,0.722,30780300,0.721,31595700,0.720,39284300,0.725,5052400,0.726,24728800,0.727,37645600,0.728,38085000,0.729,35605400,1453,0,0
sh513130,09:30:35,1766971839871,09:31:38,1766971839567,0.724,0.7256,-0.2205,5556.22,0.9012,0.5733,0,0,0.724,0.998,0.724,25914300,0.723,45471800,0.722,30780300,0.721,31595700,0.720,39284300,0.725,5052400,0.726,24728800,0.727,37645600,0.728,38085000,0.729,35605400,303,0,0
sh513130,09:30:38,1766971840866,09:31:38,1766971839567,0.724,0.7256,-0.2205,5556.22,0.9012,0.9736,12375300,8973030,0.7251,0.995,0.724,27064900,0.723,45437500,0.722,31375600,0.721,31077700,0.720,39316300,0.725,651500,0.726,23796100,0.727,42062700,0.728,39137600,0.729,35605400,1298,0,0
sh513130,09:30:38,1766971841865,09:31:40,1766971841712,0.724,0.7256,-0.2205,5558.21,0.9012,3.1131,0,0,0.724,0.999,0.724,27064900,0.723,45437500,0.722,31375600,0.721,31077700,0.720,39316300,0.725,651500,0.726,23796100,0.727,42062700,0.728,39137600,0.729,35605400,152,0,0
sh513130,09:30:38,1766971842874,09:31:40,1766971841712,0.724,0.7256,-0.2205,5558.21,0.9012,5.8625,0,0,0.724,1.009,0.724,27064900,0.723,45437500,0.722,31375600,0.721,31077700,0.720,39316300,0.725,651500,0.726,23796100,0.727,42062700,0.728,39137600,0.729,35605400,1161,0,0
sh513130,09:30:41,1766971843868,09:31:42,1766971843868,0.725,0.7256,-0.0827,5558.72,0.9012,5.7736,1305600,946560,0.725,0.994,0.725,4770000,0.724,27863600,0.723,50437500,0.722,36048400,0.721,31077700,0.726,23806700,0.727,41326600,0.728,39143000,0.729,35635400,0.730,26266600,0,0,0
sh513130,09:30:41,1766971844871,09:31:42,1766971843868,0.725,0.7256,-0.0827,5558.72,0.9012,5.8704,0,0,0.725,1.002,0.725,4770000,0.724,27863600,0.723,50437500,0.722,36048400,0.721,31077700,0.726,23806700,0.727,41326600,0.728,39143000,0.729,35635400,0.730,26266600,1002,0,0
sh513130,09:30:41,1766971845864,09:31:44,1766971845214,0.725,0.7256,-0.0827,5559.58,0.9012,5.0227,0,0,0.725,0.993,0.725,4770000,0.724,27863600,0.723,50437500,0.722,36048400,0.721,31077700,0.726,23806700,0.727,41326600,0.728,39143000,0.729,35635400,0.730,26266600,649,0,0
sh513130,09:30:44,1766971846868,09:31:44,1766971846025,0.725,0.7256,-0.0827,5559.58,0.9012,5.485,1947200,1412249,0.7253,1.004,0.725,6572300,0.724,25820200,0.723,50551000,0.722,42296800,0.721,31076300,0.726,25541800,0.727,37183700,0.728,39148700,0.729,35835400,0.730,31684700,843,0,0
sh513130,09:30:44,1766971847872,09:31:46,1766971847268,0.725,0.7256,-0.0827,5557.16,0.9012,4.5237,0,0,0.725,1.003,0.725,6572300,0.724,25820200,0.723,50551000,0.722,42296800,0.721,31076300,0.726,25541800,0.727,37183700,0.728,39148700,0.729,35835400,0.730,31684700,603,0,0
sh513130,09:30:44,1766971848875,09:31:46,1766971848176,0.725,0.7256,-0.0827,5557.16,0.9012,3.6155,0,0,0.725,1.003,0.725,6572300,0.724,25820200,0.723,50551000,0.722,42296800,0.721,31076300,0.726,25541800,0.727,37183700,0.728,39148700,0.729,35835400,0.730,31684700,698,0,0
sh513130,09:30:47,1766971849871,09:31:48,1766971849228,0.725,0.7256,-0.0827,5557.73,0.9012,2.8844,881100,639600,0.7259,0.996,0.725,6886900,0.724,37336200,0.723,50884500,0.722,42296800,0.721,31076300,0.726,25265700,0.727,38203700,0.728,39158700,0.729,35870400,0.730,31740600,642,0,0
sh513130,09:30:47,1766971850863,09:31:48,1766971850332,0.725,0.7256,-0.0827,5557.73,0.9012,2.8299,0,0,0.725,0.992,0.725,6886900,0.724,37336200,0.723,50884500,0.722,42296800,0.721,31076300,0.726,25265700,0.727,38203700,0.728,39158700,0.729,35870400,0.730,31740600,531,0,0
sh513130,09:30:47,1766971851865,09:31:50,1766971851253,0.725,0.7256,-0.0827,5558.03,0.9012,3.1489,0,0,0.725,1.003,0.725,6886900,0.724,37336200,0.723,50884500,0.722,42296800,0.721,31076300,0.726,25265700,0.727,38203700,0.728,39158700,0.729,35870400,0.730,31740600,611,0,0
sh513130,09:30:50,1766971852877,09:31:50,1766971852487,0.726,0.7256,0.0551,5558.03,0.9012,3.4866,583500,423582,0.7259,1.012,0.725,17435400,0.724,47941600,0.723,61901500,0.722,42320600,0.721,31131300,0.726,24996500,0.727,53203700,0.728,54158700,0.729,50873400,0.730,31740600,389,0,0
sh513130,09:30:50,1766971853867,09:31:52,1766971853243,0.726,0.7256,0.0551,5560.39,0.9012,3.277,0,0,0.726,0.99,0.725,17435400,0.724,47941600,0.723,61901500,0.722,42320600,0.721,31131300,0.726,24996500,0.727,53203700,0.728,54158700,0.729,50873400,0.730,31740600,624,0,0
sh513130,09:30:50,1766971854873,09:31:52,1766971854647,0.726,0.7256,0.0551,5560.39,0.9012,1.8835,0,0,0.726,1.006,0.725,17435400,0.724,47941600,0.723,61901500,0.722,42320600,0.721,31131300,0.726,24996500,0.727,53203700,0.728,54158700,0.729,50873400,0.730,31740600,225,0,0
sh513130,09:30:50,1766971855878,09:31:54,1766971855272,0.726,0.7256,0.0551,5561.56,0.9012,2.1641,0,0,0.726,1.005,0.725,17435400,0.724,47941600,0.723,61901500,0.722,42320600,0.721,31131300,0.726,24996500,0.727,53203700,0.728,54158700,0.729,50873400,0.730,31740600,606,0,0
sh513130,09:30:53,1766971856882,09:31:54,1766971856794,0.726,0.7256,0.0551,5561.56,0.9012,2.1221,1207000,875152,0.7251,1.004,0.725,34359100,0.724,48413300,0.723,60383900,0.722,40321300,0.721,32081400,0.726,23377800,0.727,53216700,0.728,53518300,0.729,50873400,0.730,31740700,87,0,0
sh513130,09:30:56,1766971857889,09:31:56,1766971857234,0.726,0.7256,0.0551,5560.7,0.9012,2.0809,2235400,1620878,0.7251,1.007,0.725,33308800,0.724,49285100,0.723,60184600,0.722,40397900,0.721,32089400,0.726,29587300,0.727,50528700,0.728,52315500,0.729,51637200,0.730,32789100,655,0,0
sh513130,09:30:56,1766971858891,09:31:56,1766971857234,0.726,0.7256,0.0551,5560.7,0.9012,2.3465,0,0,0.726,1.002,0.725,33308800,0.724,49285100,0.723,60184600,0.722,40397900,0.721,32089400,0.726,29587300,0.727,50528700,0.728,52315500,0.729,51637200,0.730,32789100,1656,0,0
sh513130,09:30:56,1766971859885,09:31:58,1766971859476,0.726,0.7256,0.0551,5561.79,0.9012,0.9303,0,0,0.726,0.994,0.725,33308800,0.724,49285100,0.723,60184600,0.722,40397900,0.721,32089400,0.726,29587300,0.727,50528700,0.728,52315500,0.729,51637200,0.730,32789100,408,0,0
sh513130,09:30:56,1766971860892,09:31:58,1766971860260,0.726,0.7256,0.0551,5561.79,0.9012,1.9006,0,0,0.726,1.007,0.725,33308800,0.724,49285100,0.723,60184600,0.722,40397900,0.721,32089400,0.726,29587300,0.727,50528700,0.728,52315500,0.729,51637200,0.730,32789100,632,0,0
sh513130,09:30:56,1766971861882,09:32:00,1766971861272,0.726,0.7256,0.0551,5564.51,0.9012,1.8635,0,0,0.726,0.99,0.725,33308800,0.724,49285100,0.723,60184600,0.722,40397900,0.721,32089400,0.726,29587300,0.727,50528700,0.728,52315500,0.729,51637200,0.730,32789100,609,0,0
sh513130,09:30:59,1766971862888,09:32:00,1766971861272,0.726,0.7263,-0.0413,5564.51,0.9012,1.6202,1583900,1149698,0.7259,1.006,0.725,36098000,0.724,51533600,0.723,60159600,0.722,40351300,0.721,32089400,0.726,26945300,0.727,50558700,0.728,52328600,0.729,51637600,0.730,32789100,1615,0,0
sh513130,09:30:59,1766971863889,09:32:02,1766971863272,0.726,0.7263,-0.0413,5564.83,0.9012,2.1029,0,0,0.726,1.001,0.725,36098000,0.724,51533600,0.723,60159600,0.722,40351300,0.721,32089400,0.726,26945300,0.727,50558700,0.728,52328600,0.729,51637600,0.730,32789100,616,0,0
sh513130,09:31:02,1766971864892,09:32:02,1766971863272,0.726,0.7263,-0.0413,5564.83,0.9012,1.6032,23706900,17211219,0.726,1.003,0.726,7090100,0.725,36430300,0.724,50273900,0.723,59955100,0.722,40003900,0.727,51950000,0.728,52369500,0.729,51741600,0.730,34556900,0.731,10969300,1619,0,0
sh513130,09:31:02,1766971865893,09:32:04,1766971865435,0.726,0.7263,-0.0413,5567.76,0.9012,4.6187,0,0,0.726,1.001,0.726,7090100,0.725,36430300,0.724,50273900,0.723,59955100,0.722,40003900,0.727,51950000,0.728,52369500,0.729,51741600,0.730,34556900,0.731,10969300,458,0,0
sh513130,09:31:02,1766971866890,09:32:04,1766971865435,0.726,0.7263,-0.0413,5567.76,0.9012,4.8117,0,0,0.726,0.997,0.726,7090100,0.725,36430300,0.724,50273900,0.723,59955100,0.722,40003900,0.727,51950000,0.728,52369500,0.729,51741600,0.730,34556900,0.731,10969300,1454,0,0
sh513130,09:31:02,1766971867884,09:32:06,1766971867579,0.726,0.7263,-0.0413,5566.76,0.9012,7.6067,0,0,0.726,0.994,0.726,7090100,0.725,36430300,0.724,50273900,0.723,59955100,0.722,40003900,0.727,51950000,0.728,52369500,0.729,51741600,0.730,34556900,0.731,10969300,304,0,0
sh513130,09:31:05,1766971868879,09:32:06,1766971867579,0.726,0.7263,-0.0413,5566.76,0.9012,7.561,3147900,2287036,0.7265,0.995,0.726,24935000,0.725,36266700,0.724,51398900,0.723,42550000,0.722,39882500,0.727,35053200,0.728,42132300,0.729,50826500,0.730,50542600,0.731,19269600,1299,0,0
sh513130,09:31:05,1766971869892,09:32:08,1766971869772,0.726,0.7263,-0.0413,5568.54,0.9012,7.0723,0,0,0.726,1.013,0.726,24935000,0.725,36266700,0.724,51398900,0.723,42550000,0.722,39882500,0.727,35053200,0.728,42132300,0.729,50826500,0.730,50542600,0.731,19269600,120,0,0
sh513130,09:31:05,1766971870887,09:32:08,1766971869772,0.726,0.7263,-0.0413,5568.54,0.9012,5.8781,0,0,0.726,0.995,0.726,24935000,0.725,36266700,0.724,51398900,0.723,42550000,0.722,39882500,0.727,35053200,0.728,42132300,0.729,50826500,0.730,50542600,0.731,19269600,1114,0,0
sh513130,09:31:08,1766971871884,09:32:10,1766971871275,0.727,0.7263,0.0964,5568.86,0.9012,5.011,2731800,1985391,0.7268,0.997,0.726,27154900,0.725,44352200,0.724,51221200,0.723,42400000,0.722,34804500,0.727,33601400,0.728,44552900,0.729,50854500,0.730,51620900,0.731,19329600,609,0,0
sh513130,09:31:08,1766971872891,09:32:10,1766971871932,0.727,0.7263,0.0964,5568.86,0.9012,3.4138,0,0,0.727,1.007,0.726,27154900,0.725,44352200,0.724,51221200,0.723,42400000,0.722,34804500,0.727,33601400,0.728,44552900,0.729,50854500,0.730,51620900,0.731,19329600,958,0,0
sh513130,09:31:11,1766971873886,09:32:12,1766971873311,0.727,0.7263,0.0964,5566.03,0.9012,2.189,1867600,1356597,0.7264,0.995,0.726,26364600,0.725,45600100,0.724,50628500,0.723,42254900,0.722,34809700,0.727,33837400,0.728,43776800,0.729,50867300,0.730,36727500,0.731,19757900,575,0,0
sh513130,09:31:11,1766971874887,09:32:12,1766971874079,0.727,0.7263,0.0964,5566.03,0.9012,2.1466,0,0,0.727,1.001,0.726,26364600,0.725,45600100,0.724,50628500,0.723,42254900,0.722,34809700,0.727,33837400,0.728,43776800,0.729,50867300,0.730,36727500,0.731,19757900,807,0,0
sh513130,09:31:11,1766971875885,09:32:14,1766971875213,0.727,0.7263,0.0964,5568.21,0.9012,2.9891,0,0,0.727,0.998,0.726,26364600,0.725,45600100,0.724,50628500,0.723,42254900,0.722,34809700,0.727,33837400,0.728,43776800,0.729,50867300,0.730,36727500,0.731,19757900,672,0,0
sh513130,09:31:14,1766971876887,09:32:14,1766971876229,0.726,0.7271,-0.1513,5568.21,0.9012,6.1798,565600,411106,0.7268,1.001,0.726,23347100,0.725,50065200,0.724,50628500,0.723,42169500,0.722,34809700,0.727,34425900,0.728,43806800,0.729,51061800,0.730,51763500,0.731,19870000,657,0,0
sh513130,09:31:14,1766971877894,09:32:16,1766971877224,0.726,0.7271,-0.1513,5566.86,0.9012,3.697,0,0,0.726,1.008,0.726,23347100,0.725,50065200,0.724,50628500,0.723,42169500,0.722,34809700,0.727,34425900,0.728,43806800,0.729,51061800,0.730,51763500,0.731,19870000,670,0,0
sh513130,09:31:14,1766971878891,09:32:16,1766971878382,0.726,0.7271,-0.1513,5566.86,0.9012,3.5329,0,0,0.726,0.997,0.726,23347100,0.725,50065200,0.724,50628500,0.723,42169500,0.722,34809700,0.727,34425900,0.728,43806800,0.729,51061800,0.730,51763500,0.731,19870000,508,0,0
sh513130,09:31:17,1766971879879,09:32:18,1766971879293,0.726,0.7271,-0.1513,5568.88,0.9012,3.4681,887000,644501,0.7266,0.988,0.726,23166700,0.725,50620700,0.724,50495000,0.723,42111200,0.722,34809700,0.727,35309300,0.728,45141600,0.729,52088700,0.730,51798500,0.731,20564900,585,0,0
sh513130,09:31:17,1766971880891,09:32:18,1766971880549,0.726,0.7271,-0.1513,5568.88,0.9012,3.5831,0,0,0.726,1.013,0.726,23166700,0.725,50620700,0.724,50495000,0.723,42111200,0.722,34809700,0.727,35309300,0.728,45141600,0.729,52088700,0.730,51798500,0.731,20564900,342,0,0
sh513130,09:31:17,1766971881882,09:32:20,1766971881232,0.726,0.7271,-0.1513,5568.1,0.9012,3.5176,0,0,0.726,0.991,0.726,23166700,0.725,50620700,0.724,50495000,0.723,42111200,0.722,34809700,0.727,35309300,0.728,45141600,0.729,52088700,0.730,51798500,0.731,20564900,650,0,0
sh513130,09:31:17,1766971882892,09:32:20,1766971882698,0.726,0.7271,-0.1513,5568.1,0.9012,6.0104,0,0,0.726,1.009,0.726,23166700,0.725,50620700,0.724,50495000,0.723,42111200,0.722,34809700,0.727,35309300,0.728,45141600,0.729,52088700,0.730,51798500,0.731,20564900,194,0,0
sh513130,09:31:20,1766971883887,09:32:22,1766971883230,0.727,0.7271,-0.0138,5568.55,0.9012,6.0097,2059900,1497345,0.7269,0.996,0.726,36676000,0.725,49843900,0.724,49094500,0.723,34077000,0.722,34399100,0.727,50562900,0.728,46142400,0.729,52152700,0.730,37604200,0.731,20676800,656,0,0
sh513130,09:31:20,1766971884883,09:32:22,1766971883230,0.727,0.7271,-0.0138,5568.55,0.9012,5.7441,0,0,0.727,0.995,0.726,36676000,0.725,49843900,0.724,49094500,0.723,34077000,0.722,34399100,0.727,50562900,0.728,46142400,0.729,52152700,0.730,37604200,0.731,20676800,1651,0,0
sh513130,09:31:23,1766971885882,09:32:24,1766971885288,0.726,0.7271,-0.1513,5568.81,0.9012,3.8968,2185100,1587920,0.7267,1.0,0.726,44558200,0.725,50872200,0.724,48987900,0.723,33881100,0.722,34407400,0.727,35006500,0.728,45177700,0.729,57091800,0.730,54207700,0.731,21211800,594,0,0
sh513130,09:31:23,1766971886887,09:32:24,1766971885288,0.726,0.7271,-0.1513,5568.81,0.9012,2.9533,0,0,0.726,1.005,0.726,44558200,0.725,50872200,0.724,48987900,0.723,33881100,0.722,34407400,0.727,35006500,0.728,45177700,0.729,57091800,0.730,54207700,0.731,21211800,1599,0,0
sh513130,09:31:23,1766971887881,09:32:26,1766971887236,0.726,0.7271,-0.1513,5570.45,0.9012,2.9545,0,0,0.726,0.993,0.726,44558200,0.725,50872200,0.724,48987900,0.723,33881100,0.722,34407400,0.727,35006500,0.728,45177700,0.729,57091800,0.730,54207700,0.731,21211800,645,0,0
sh513130,09:31:26,1766971888883,09:32:26,1766971887236,0.727,0.7271,-0.0138,5570.45,0.9012,4.4637,454600,330455,0.7269,1.002,0.726,45295600,0.725,50842600,0.724,55744500,0.723,33896200,0.722,34337300,0.727,33927400,0.728,42772700,0.729,54593100,0.730,53015800,0.731,20540700,1647,0,0
sh513130,09:31:26,1766971889892,09:32:28,1766971889271,0.727,0.7271,-0.0138,5570.03,0.9012,4.3865,0,0,0.727,1.009,0.726,45295600,0.725,50842600,0.724,55744500,0.723,33896200,0.722,34337300,0.727,33927400,0.728,42772700,0.729,54593100,0.730,53015800,0.731,20540700,620,0,0
sh513130,09:31:26,1766971890883,09:32:28,1766971889271,0.727,0.7271,-0.0138,5570.03,0.9012,4.6448,0,0,0.727,0.991,0.726,45295600,0.725,50842600,0.724,55744500,0.723,33896200,0.722,34337300,0.727,33927400,0.728,42772700,0.729,54593100,0.730,53015800,0.731,20540700,1611,0,0
sh513130,09:31:26,1766971891881,09:32:30,1766971891292,0.727,0.7271,-0.0138,5571.47,0.9012,2.3856,0,0,0.727,0.999,0.726,45295600,0.725,50842600,0.724,55744500,0.723,33896200,0.722,34337300,0.727,33927400,0.728,42772700,0.729,54593100,0.730,53015800,0.731,20540700,588,0,0
sh513130,09:31:29,1766971892889,09:32:30,1766971891292,0.727,0.7271,-0.0138,5571.47,0.9012,2.125,30856000,22432031,0.727,1.007,0.726,46507800,0.725,50858400,0.724,55557800,0.723,33839200,0.722,34342100,0.727,2256000,0.728,44584000,0.729,55442200,0.730,53203400,0.731,20548700,1596,0,0
sh513130,09:31:29,1766971893886,09:32:32,1766971893444,0.727,0.7271,-0.0138,5571.62,0.9012,2.8627,0,0,0.727,0.997,0.726,46507800,0.725,50858400,0.724,55557800,0.723,33839200,0.722,34342100,0.727,2256000,0.728,44584000,0.729,55442200,0.730,53203400,0.731,20548700,441,0,0
sh513130,09:31:32,1766971894887,09:32:32,1766971893444,0.727,0.7278,-0.1099,5571.62,0.9012,2.8085,3147100,2287935,0.727,1.001,0.727,11046500,0.726,46394400,0.725,50771100,0.724,55443900,0.723,33734300,0.728,44890600,0.729,59467400,0.730,53364000,0.731,20548700,0.732,14148200,1442,0,0
sh513130,09:31:32,1766971895881,09:32:34,1766971895590,0.727,0.7278,-0.1099,5570.26,0.9012,1.3453,0,0,0.727,0.994,0.727,11046500,0.726,46394400,0.725,50771100,0.724,55443900,0.723,33734300,0.728,44890600,0.729,59467400,0.730,53364000,0.731,20548700,0.732,14148200,290,0,0
sh513130,09:31:35,1766971896895,09:32:34,1766971895590,0.727,0.7278,-0.1099,5570.26,0.9012,1.3187,9469300,6886316,0.7272,1.014,0.727,5769500,0.726,46076100,0.725,51776800,0.724,55433100,0.723,33735800,0.728,43833100,0.729,57703200,0.730,53639000,0.731,20775300,0.732,14222300,1304,0,0
sh513130,09:31:32,1766971897905,09:32:36,1766971897742,0.727,0.7278,-0.1099,5569.93,0.9012,1.2125,0,0,0.727,1.01,0.727,11046500,0.726,46394400,0.725,50771100,0.724,55443900,0.723,33734300,0.728,44890600,0.729,59467400,0.730,53364000,0.731,20548700,0.732,14148200,163,0,1
sh513130,09:31:35,1766971898898,09:32:36,1766971897742,0.727,0.7278,-0.1099,5569.93,0.9012,1.2386,9469300,6886316,0.7272,0.993,0.727,5769500,0.726,46076100,0.725,51776800,0.724,55433100,0.723,33735800,0.728,43833100,0.729,57703200,0.730,53639000,0.731,20775300,0.732,14222300,1156,0,0
sh513130,09:31:35,1766971899904,09:32:38,1766971899891,0.727,0.7278,-0.1099,5569.5,0.9012,1.2141,0,0,0.727,1.006,0.727,5769500,0.726,46076100,0.725,51776800,0.724,55433100,0.723,33735800,0.728,43833100,0.729,57703200,0.730,53639000,0.731,20775300,0.732,14222300,13,0,0
sh513130,09:31:35,1766971900899,09:32:38,1766971899891,0.727,0.7278,-0.1099,5569.5,0.9012,0.6589,0,0,0.727,0.996,0.727,5769500,0.726,46076100,0.725,51776800,0.724,55433100,0.723,33735800,0.728,43833100,0.729,57703200,0.730,53639000,0.731,20775300,0.732,14222300,1008,0,0
sh513130,09:31:38,1766971901904,09:32:40,1766971901232,0.726,0.7278,-0.2473,5568.83,0.9012,0.5308,11514000,8367514,0.7267,1.005,0.726,43829400,0.725,51790600,0.724,54271000,0.723,32952100,0.722,34470800,0.728,41091300,0.729,57083500,0.730,55103900,0.731,20741300,0.732,14322300,671,0,0
sh513130,09:31:38,1766971902894,09:32:40,1766971902036,0.726,0.7278,-0.2473,5568.83,0.9012,-0.2552,0,0,0.726,0.99,0.726,43829400,0.725,51790600,0.724,54271000,0.723,32952100,0.722,34470800,0.728,41091300,0.729,57083500,0.730,55103900,0.731,20741300,0.732,14322300,858,0,0
sh513130,09:31:41,1766971903891,09:32:40,1766971902036,0.727,0.7278,-0.1099,5568.83,0.9012,2.1307,5387100,3912045,0.7262,0.997,0.726,39705800,0.725,51959000,0.724,54230700,0.723,32949400,0.722,34468800,0.727,10333600,0.728,41729500,0.729,57191200,0.730,40234500,0.731,20791100,1854,0,0
sh513130,09:31:41,1766971904882,09:32:42,1766971904238,0.727,0.7278,-0.1099,5567.93,0.9012,2.8642,0,0,0.727,0.991,0.726,39705800,0.725,51959000,0.724,54230700,0.723,32949400,0.722,34468800,0.727,10333600,0.728,41729500,0.729,57191200,0.730,40234500,0.731,20791100,644,0,0
sh513130,09:31:44,1766971905879,09:32:44,1766971905246,0.727,0.7278,-0.1099,5569.12,0.9012,2.7213,5365900,3901020,0.727,0.997,0.726,40338300,0.725,52000200,0.724,54195700,0.723,33043200,0.722,34503300,0.727,6068600,0.728,41062000,0.729,57243400,0.730,56340200,0.731,20935300,633,0,0
sh513130,09:31:44,1766971906879,09:32:44,1766971906332,0.727,0.7278,-0.1099,5569.12,0.9012,2.7241,0,0,0.727,1.0,0.726,40338300,0.725,52000200,0.724,54195700,0.723,33043200,0.722,34503300,0.727,6068600,0.728,41062000,0.729,57243400,0.730,56340200,0.731,20935300,547,0,0
sh513130,09:31:44,1766971907897,09:32:46,1766971907212,0.727,0.7278,-0.1099,5568.61,0.9012,3.2493,0,0,0.727,1.018,0.726,40338300,0.725,52000200,0.724,54195700,0.723,33043200,0.722,34503300,0.727,6068600,0.728,41062000,0.729,57243400,0.730,56340200,0.731,20935300,685,0,0
sh513130,09:31:44,1766971908870,09:32:46,1766971908483,0.727,0.7278,-0.1099,5568.61,0.9012,3.4005,0,0,0.727,0.972,0.726,40338300,0.725,52000200,0.724,54195700,0.723,33043200,0.722,34503300,0.727,6068600,0.728,41062000,0.729,57243400,0.730,56340200,0.731,20935300,386,0,0
sh513130,09:31:44,1766971909869,09:32:48,1766971909198,0.727,0.7278,-0.1099,5568.26,0.9012,2.787,0,0,0.727,0.999,0.726,40338300,0.725,52000200,0.724,54195700,0.723,33043200,0.722,34503300,0.727,6068600,0.728,41062000,0.729,57243400,0.730,56340200,0.731,20935300,670,0,0
sh513130,09:31:47,1766971910865,09:32:48,1766971910630,0.727,0.7278,-0.1099,5568.26,0.9012,2.1366,10276300,7463367,0.7263,0.996,0.726,32952200,0.725,51848700,0.724,54198900,0.723,32989600,0.722,34433100,0.727,26667200,0.728,43682600,0.729,58581500,0.730,41383200,0.731,20023900,234,0,0
sh513130,09:31:47,1766971911864,09:32:50,1766971911198,0.727,0.7278,-0.1099,5566.91,0.9012,4.08,0,0,0.727,0.999,0.726,32952200,0.725,51848700,0.724,54198900,0.723,32989600,0.722,34433100,0.727,26667200,0.728,43682600,0.729,58581500,0.730,41383200,0.731,20023900,665,0,0
sh513130,09:31:50,1766971912872,09:32:50,1766971912789,0.727,0.7278,-0.1099,5566.91,0.9012,3.4014,2474700,1796880,0.7261,1.008,0.726,30938300,0.725,44723900,0.724,54271900,0.723,43022500,0.722,34433100,0.727,34641600,0.728,44237100,0.729,59019900,0.730,41521500,0.731,20023900,83,0,0
sh513130,09:31:50,1766971913865,09:32:52,1766971913287,0.727,0.7278,-0.1099,5567.71,0.9012,3.3386,0,0,0.727,0.993,0.726,30938300,0.725,44723900,0.724,54271900,0.723,43022500,0.722,34433100,0.727,34641600,0.728,44237100,0.729,59019900,0.730,41521500,0.731,20023900,577,0,0
sh513130,09:31:50,1766971914863,09:32:52,1766971913287,0.727,0.7278,-0.1099,5567.71,0.9012,2.7572,0,0,0.727,0.998,0.726,30938300,0.725,44723900,0.724,54271900,0.723,43022500,0.722,34433100,0.727,34641600,0.728,44237100,0.729,59019900,0.730,41521500,0.731,20023900,1575,0,0
sh513130,09:31:50,1766971915871,09:32:54,1766971915236,0.727,0.7278,-0.1099,5566.69,0.9012,1.2307,0,0,0.727,1.008,0.726,30938300,0.725,44723900,0.724,54271900,0.723,43022500,0.722,34433100,0.727,34641600,0.728,44237100,0.729,59019900,0.730,41521500,0.731,20023900,634,0,0
sh513130,09:31:53,1766971916871,09:32:54,1766971915236,0.727,0.7278,-0.1099,5566.69,0.9012,1.7012,3835300,2787122,0.7267,1.0,0.726,37560600,0.725,51733600,0.724,54308300,0.723,33023000,0.722,34433100,0.727,20695000,0.728,45251100,0.729,59112900,0.730,52591500,0.731,20035400,1634,0,0
sh513130,09:31:53,1766971917871,09:32:56,1766971917237,0.727,0.7278,-0.1099,5567.61,0.9012,1.9474,0,0,0.727,1.001,0.726,37560600,0.725,51733600,0.724,54308300,0.723,33023000,0.722,34433100,0.727,20695000,0.728,45251100,0.729,59112900,0.730,52591500,0.731,20035400,634,0,0
sh513130,09:31:56,1766971918864,09:32:56,1766971917237,0.727,0.7278,-0.1099,5567.61,0.9012,1.3045,4767500,3461705,0.7261,0.993,0.726,35589300,0.725,51734200,0.724,54058000,0.723,33015100,0.722,34413100,0.727,24985900,0.728,45954600,0.729,56361500,0.730,57607200,0.731,20600000,1626,0,0
sh513130,09:31:56,1766971919866,09:32:58,1766971919273,0.727,0.7278,-0.1099,5569.15,0.9012,1.6281,0,0,0.727,1.002,0.726,35589300,0.725,51734200,0.724,54058000,0.723,33015100,0.722,34413100,0.727,24985900,0.728,45954600,0.729,56361500,0.730,57607200,0.731,20600000,593,0,0
sh513130,09:31:56,1766971920873,09:32:58,1766971919273,0.727,0.7278,-0.1099,5569.15,0.9012,1.5217,0,0,0.727,1.007,0.726,35589300,0.725,51734200,0.724,54058000,0.723,33015100,0.722,34413100,0.727,24985900,0.728,45954600,0.729,56361500,0.730,57607200,0.731,20600000,1600,0,0
sh513130,09:31:59,1766971921868,09:33:00,1766971921416,0.726,0.7271,-0.1513,5567.96,0.9012,5.8735,14094300,10245088,0.7269,0.995,0.726,40483300,0.725,52037400,0.724,52138200,0.723,33015100,0.722,33407000,0.727,13910000,0.728,46068100,0.729,57456100,0.730,57890700,0.731,20615500,452,0,0
sh513130,09:31:59,1766971922864,09:33:00,1766971921416,0.726,0.7271,-0.1513,5567.96,0.9012,5.0294,0,0,0.726,0.996,0.726,40483300,0.725,52037400,0.724,52138200,0.723,33015100,0.722,33407000,0.727,13910000,0.728,46068100,0.729,57456100,0.730,57890700,0.731,20615500,1448,0,0
sh513130,09:31:59,1766971923861,09:33:02,1766971923566,0.726,0.7271,-0.1513,5568.13,0.9012,5.0211,0,0,0.726,0.997,0.726,40483300,0.725,52037400,0.724,52138200,0.723,33015100,0.722,33407000,0.727,13910000,0.728,46068100,0.729,57456100,0.730,57890700,0.731,20615500,295,0,0
sh513130,09:31:59,1766971924862,09:33:02,1766971923566,0.726,0.7271,-0.1513,5568.13,0.9012,3.9071,0,0,0.726,1.001,0.726,40483300,0.725,52037400,0.724,52138200,0.723,33015100,0.722,33407000,0.727,13910000,0.728,46068100,0.729,57456100,0.730,57890700,0.731,20615500,1296,0,0
sh513130,09:32:02,1766971925856,09:33:04,1766971925712,0.727,0.7278,-0.1099,5568.14,0.9012,1.0213,6930300,5036787,0.7268,0.993,0.726,39617400,0.725,52054800,0.724,46758200,0.723,32815100,0.722,33429200,0.727,13436100,0.728,45425800,0.729,60528300,0.730,57935400,0.731,22125500,143,0,0
sh513130,09:32:02,1766971926849,09:33:04,1766971925712,0.727,0.7278,-0.1099,5568.14,0.9012,1.001,0,0,0.727,0.993,0.726,39617400,0.725,52054800,0.724,46758200,0.723,32815100,0.722,33429200,0.727,13436100,0.728,45425800,0.729,60528300,0.730,57935400,0.731,22125500,1136,0,0
sh513130,09:32:05,1766971927853,09:33:06,1766971927246,0.727,0.7278,-0.1099,5570.48,0.9012,0.9023,9474800,6886938,0.7269,1.004,0.727,12905600,0.726,40934000,0.725,52384800,0.724,46759600,0.723,32814100,0.728,50593500,0.729,63283400,0.730,58216300,0.731,22133400,0.732,15352000,606,0,0
sh513130,09:32:05,1766971928854,09:33:06,1766971927862,0.727,0.7278,-0.1099,5570.48,0.9012,1.608,0,0,0.727,1.001,0.727,12905600,0.726,40934000,0.725,52384800,0.724,46759600,0.723,32814100,0.728,50593500,0.729,63283400,0.730,58216300,0.731,22133400,0.732,15352000,991,0,0
sh513130,09:32:05,1766971929851,09:33:08,1766971929184,0.727,0.7278,-0.1099,5569.85,0.9012,0.641,0,0,0.727,0.997,0.727,12905600,0.726,40934000,0.725,52384800,0.724,46759600,0.723,32814100,0.728,50593500,0.729,63283400,0.730,58216300,0.731,22133400,0.732,15352000,667,0,0
sh513130,09:32:05,1766971930840,09:33:08,1766971930017,0.727,0.7278,-0.1099,5569.85,0.9012,0.0047,0,0,0.727,0.989,0.727,12905600,0.726,40934000,0.725,52384800,0.724,46759600,0.723,32814100,0.728,50593500,0.729,63283400,0.730,58216300,0.731,22133400,0.732,15352000,823,0,0
sh513130,09:32:08,1766971931826,09:33:10,1766971931229,0.727,0.7278,-0.1099,5572.85,0.9012,0.448,2434000,1769549,0.727,0.986,0.727,14904800,0.726,39931100,0.725,41531600,0.724,36873200,0.723,27814100,0.728,37447000,0.729,38608400,0.730,43429300,0.731,22229000,0.732,25171700,597,0,0
sh513130,09:32:08,1766971932827,09:33:10,1766971932168,0.727,0.7278,-0.1099,5572.85,0.9012,0.9848,0,0,0.727,1.001,0.727,14904800,0.726,39931100,0.725,41531600,0.724,36873200,0.723,27814100,0.728,37447000,0.729,38608400,0.730,43429300,0.731,22229000,0.732,25171700,659,0,0
sh513130,09:32:11,1766971933830,09:33:12,1766971933214,0.727,0.7278,-0.1099,5571.71,0.9012,0.7251,2977700,2164827,0.727,1.003,0.727,24629100,0.726,40235600,0.725,39266900,0.724,28904000,0.723,27901100,0.728,38664500,0.729,38689800,0.730,43455000,0.731,22358000,0.732,25437100,615,0,0
sh513130,09:32:11,1766971934829,09:33:12,1766971934321,0.727,0.7278,-0.1099,5571.71,0.9012,1.4368,0,0,0.727,0.999,0.727,24629100,0.726,40235600,0.725,39266900,0.724,28904000,0.723,27901100,0.728,38664500,0.729,38689800,0.730,43455000,0.731,22358000,0.732,25437100,508,0,0
sh513130,09:32:11,1766971935817,09:33:14,1766971935206,0.727,0.7278,-0.1099,5572.28,0.9012,0.7011,0,0,0.727,0.988,0.727,24629100,0.726,40235600,0.725,39266900,0.724,28904000,0.723,27901100,0.728,38664500,0.729,38689800,0.730,43455000,0.731,22358000,0.732,25437100,610,0,0
sh513130,09:32:14,1766971936824,09:33:14,1766971936465,0.727,0.7277,-0.0962,5572.28,0.9012,0.5983,3422300,2489772,0.7275,1.006,0.727,22631100,0.726,41657400,0.725,40332500,0.724,28819500,0.723,27901100,0.728,37823000,0.729,36168800,0.730,43536700,0.731,22362000,0.732,25437100,358,0,0
sh513130,09:32:14,1766971937811,09:33:16,1766971937209,0.727,0.7277,-0.0962,5574.48,0.9012,2.1762,0,0,0.727,0.988,0.727,22631100,0.726,41657400,0.725,40332500,0.724,28819500,0.723,27901100,0.728,37823000,0.729,36168800,0.730,43536700,0.731,22362000,0.732,25437100,602,0,0
sh513130,09:32:14,1766971938804,09:33:16,1766971938612,0.727,0.7277,-0.0962,5574.48,0.9012,2.5881,0,0,0.727,0.992,0.727,22631100,0.726,41657400,0.725,40332500,0.724,28819500,0.723,27901100,0.728,37823000,0.729,36168800,0.730,43536700,0.731,22362000,0.732,25437100,191,0,0
sh513130,09:32:17,1766971939810,09:33:18,1766971939267,0.727,0.7277,-0.0962,5574.53,0.9012,2.536,1673400,1217042,0.7273,1.006,0.727,30586900,0.726,41900700,0.725,39667400,0.724,28874700,0.723,27018900,0.728,37328900,0.729,37168900,0.730,43781400,0.731,24849000,0.732,25500400,543,0,0
sh513130,09:32:17,1766971940810,09:33:18,1766971940764,0.727,0.7277,-0.0962,5574.53,0.9012,2.4379,0,0,0.727,1.0,0.727,30586900,0.726,41900700,0.725,39667400,0.724,28874700,0.723,27018900,0.728,37328900,0.729,37168900,0.730,43781400,0.731,24849000,0.732,25500400,46,0,0
sh513130,09:32:17,1766971941813,09:33:20,1766971941268,0.727,0.7277,-0.0962,5573.35,0.9012,2.7663,0,0,0.727,1.003,0.727,30586900,0.726,41900700,0.725,39667400,0.724,28874700,0.723,27018900,0.728,37328900,0.729,37168900,0.730,43781400,0.731,24849000,0.732,25500400,544,0,0
sh513130,09:32:20,1766971942806,09:33:20,1766971941268,0.728,0.7277,0.0412,5573.35,0.9012,1.9531,2012100,1462871,0.727,0.994,0.727,8286900,0.726,36031700,0.725,40667400,0.724,32454700,0.723,27018900,0.728,37439600,0.729,42491300,0.730,44017200,0.731,26505900,0.732,20244400,1538,0,0
sh513130,09:32:20,1766971943807,09:33:22,1766971943249,0.728,0.7277,0.0412,5572.17,0.9012,1.3385,0,0,0.728,1.001,0.727,8286900,0.726,36031700,0.725,40667400,0.724,32454700,0.723,27018900,0.728,37439600,0.729,42491300,0.730,44017200,0.731,26505900,0.732,20244400,558,0,0
sh513130,09:32:20,1766971944797,09:33:22,1766971943249,0.728,0.7277,0.0412,5572.17,0.9012,1.0634,0,0,0.728,0.99,0.727,8286900,0.726,36031700,0.725,40667400,0.724,32454700,0.723,27018900,0.728,37439600,0.729,42491300,0.730,44017200,0.731,26505900,0.732,20244400,1548,0,0
sh513130,09:32:20,1766971945794,09:33:24,1766971945260,0.728,0.7277,0.0412,5572.72,0.9012,1.1275,0,0,0.728,0.996,0.727,8286900,0.726,36031700,0.725,40667400,0.724,32454700,0.723,27018900,0.728,37439600,0.729,42491300,0.730,44017200,0.731,26505900,0.732,20244400,533,0,0
sh513130,09:32:23,1766971946780,09:33:24,1766971945260,0.727,0.7277,-0.0962,5572.72,0.9012,0.3694,9439800,6862014,0.7269,0.986,0.726,35307800,0.725,40752800,0.724,32691500,0.723,31951800,0.722,34406800,0.727,26499400,0.728,35881300,0.729,45270000,0.730,44135800,0.731,25528000,1519,0,0
sh513130,09:32:23,1766971947778,09:33:26,1766971947251,0.727,0.7277,-0.0962,5571.54,0.9012,-0.0405,0,0,0.727,0.998,0.726,35307800,0.725,40752800,0.724,32691500,0.723,31951800,0.722,34406800,0.727,26499400,0.728,35881300,0.729,45270000,0.730,44135800,0.731,25528000,527,0,0
sh513130,09:32:26,1766971948778,09:33:26,1766971947251,0.727,0.7277,-0.0962,5571.54,0.9012,2.582,1546500,1123147,0.7263,1.0,0.726,34484200,0.725,41827800,0.724,32630800,0.723,31951800,0.722,34406800,0.727,29500600,0.728,39849800,0.729,45289000,0.730,44186700,0.731,25516100,1526,0,0
sh513130,09:32:26,1766971949778,09:33:28,1766971949402,0.727,0.7277,-0.0962,5569.16,0.9012,2.5326,0,0,0.727,1.001,0.726,34484200,0.725,41827800,0.724,32630800,0.723,31951800,0.722,34406800,0.727,29500600,0.728,39849800,0.729,45289000,0.730,44186700,0.731,25516100,376,0,0
sh513130,09:32:26,1766971950774,09:33:28,1766971949402,0.727,0.7277,-0.0962,5569.16,0.9012,2.3022,0,0,0.727,0.995,0.726,34484200,0.725,41827800,0.724,32630800,0.723,31951800,0.722,34406800,0.727,29500600,0.728,39849800,0.729,45289000,0.730,44186700,0.731,25516100,1371,0,0
sh513130,09:32:29,1766971951774,09:33:30,1766971951569,0.727,0.7277,-0.0962,5569.52,0.9012,2.3297,1839400,1336062,0.7264,1.0,0.726,33052200,0.725,41827800,0.724,32667000,0.723,31943800,0.722,34396800,0.727,31506100,0.728,39118600,0.729,45344400,0.730,44295100,0.731,25603600,204,0,0
sh513130,09:32:29,1766971952770,09:33:30,1766971951569,0.727,0.7277,-0.0962,5569.52,0.9012,4.1639,0,0,0.727,0.996,0.726,33052200,0.725,41827800,0.724,32667000,0.723,31943800,0.722,34396800,0.727,31506100,0.728,39118600,0.729,45344400,0.730,44295100,0.731,25603600,1200,0,0
sh513130,09:32:29,1766971953770,09:33:32,1766971953714,0.727,0.7277,-0.0962,5570.98,0.9012,5.1404,0,0,0.727,1.0,0.726,33052200,0.725,41827800,0.724,32667000,0.723,31943800,0.722,34396800,0.727,31506100,0.728,39118600,0.729,45344400,0.730,44295100,0.731,25603600,56,0,0
sh513130,09:32:32,1766971954761,09:33:32,1766971953714,0.727,0.7277,-0.0962,5570.98,0.9012,4.5541,1522900,1106760,0.7267,0.991,0.726,33297500,0.725,41827800,0.724,32698000,0.723,31903800,0.722,34289200,0.727,31358900,0.728,37080100,0.729,45553900,0.730,44401300,0.731,25995000,1047,0,0
sh513130,09:32:32,1766971955758,09:33:34,1766971955240,0.727,0.7277,-0.0962,5570.04,0.9012,5.1812,0,0,0.727,0.997,0.726,33297500,0.725,41827800,0.724,32698000,0.723,31903800,0.722,34289200,0.727,31358900,0.728,37080100,0.729,45553900,0.730,44401300,0.731,25995000,517,0,0
sh513130,09:32:32,1766971956759,09:33:34,1766971955880,0.727,0.7277,-0.0962,5570.04,0.9012,3.9674,0,0,0.727,1.002,0.726,33297500,0.725,41827800,0.724,32698000,0.723,31903800,0.722,34289200,0.727,31358900,0.728,37080100,0.729,45553900,0.730,44401300,0.731,25995000,878,0,0
sh513130,09:32:32,1766971957751,09:33:36,1766971957239,0.727,0.7277,-0.0962,5572.17,0.9012,3.9474,0,0,0.727,0.992,0.726,33297500,0.725,41827800,0.724,32698000,0.723,31903800,0.722,34289200,0.727,31358900,0.728,37080100,0.729,45553900,0.730,44401300,0.731,25995000,512,0,0
sh513130,09:32:35,1766971958758,09:33:36,1766971958019,0.727,0.7277,-0.0962,5572.17,0.9012,6.0973,1109800,806017,0.7263,1.006,0.726,49790400,0.725,41862900,0.724,32745400,0.723,31791200,0.722,34289700,0.727,15792700,0.728,37095000,0.729,43063800,0.730,44459700,0.731,25598700,738,0,0
sh513130,09:32:35,1766971959757,09:33:38,1766971959210,0.727,0.7277,-0.0962,5572.73,0.9012,5.5443,0,0,0.727,0.999,0.726,49790400,0.725,41862900,0.724,32745400,0.723,31791200,0.722,34289700,0.727,15792700,0.728,37095000,0.729,43063800,0.730,44459700,0.731,25598700,546,0,0
sh513130,09:32:38,1766971960754,09:33:38,1766971960168,0.727,0.7277,-0.0962,5572.73,0.9012,4.6543,11406000,8292044,0.727,0.997,0.727,37414100,0.726,58662100,0.725,46867400,0.724,34265400,0.723,26818800,0.728,54541600,0.729,58539100,0.730,59554700,0.731,25850500,0.732,17745100,585,0,0
sh513130,09:32:38,1766971961761,09:33:40,1766971961218,0.727,0.7277,-0.0962,5573.39,0.9012,3.5467,0,0,0.727,1.008,0.727,37414100,0.726,58662100,0.725,46867400,0.724,34265400,0.723,26818800,0.728,54541600,0.729,58539100,0.730,59554700,0.731,25850500,0.732,17745100,542,0,0
sh513130,09:32:38,1766971962759,09:33:40,1766971962329,0.727,0.7277,-0.0962,5573.39,0.9012,3.6098,0,0,0.727,0.998,0.727,37414100,0.726,58662100,0.725,46867400,0.724,34265400,0.723,26818800,0.728,54541600,0.729,58539100,0.730,59554700,0.731,25850500,0.732,17745100,430,0,0
sh513130,09:32:41,1766971963746,09:33:42,1766971963303,0.727,0.7277,-0.0962,5575.11,0.9012,3.4518,3002900,2183432,0.7271,0.987,0.727,42239200,0.726,59567800,0.725,45889200,0.724,29380700,0.723,26741500,0.728,54466500,0.729,52684500,0.730,59780400,0.731,25861200,0.732,26001100,442,0,0
sh513130,09:32:41,1766971964748,09:33:42,1766971964480,0.727,0.7277,-0.0962,5575.11,0.9012,4.4343,0,0,0.727,1.002,0.727,42239200,0.726,59567800,0.725,45889200,0.724,29380700,0.723,26741500,0.728,54466500,0.729,52684500,0.730,59780400,0.731,25861200,0.732,26001100,268,0,0
sh513130,09:32:41,1766971965750,09:33:44,1766971965248,0.727,0.7277,-0.0962,5574.22,0.9012,4.924,0,0,0.727,1.002,0.727,42239200,0.726,59567800,0.725,45889200,0.724,29380700,0.723,26741500,0.728,54466500,0.729,52684500,0.730,59780400,0.731,25861200,0.732,26001100,501,0,0
sh513130,09:32:44,1766971966750,09:33:44,1766971966629,0.727,0.7277,-0.0962,5574.22,0.9012,4.2819,2062500,1499437,0.727,0.999,0.727,42141000,0.726,60423800,0.725,46019900,0.724,29628800,0.723,26772500,0.728,56146900,0.729,51787100,0.730,60385800,0.731,26683400,0.732,26021100,120,0,0
sh513130,09:32:44,1766971967747,09:33:46,1766971967261,0.727,0.7277,-0.0962,5574.93,0.9012,3.4771,0,0,0.727,0.997,0.727,42141000,0.726,60423800,0.725,46019900,0.724,29628800,0.723,26772500,0.728,56146900,0.729,51787100,0.730,60385800,0.731,26683400,0.732,26021100,486,0,0
sh513130,09:32:44,1766971968737,09:33:46,1766971967261,0.727,0.7277,-0.0962,5574.93,0.9012,3.4755,0,0,0.727,0.99,0.727,42141000,0.726,60423800,0.725,46019900,0.724,29628800,0.723,26772500,0.728,56146900,0.729,51787100,0.730,60385800,0.731,26683400,0.732,26021100,1476,0,0
sh513130,09:32:47,1766971969732,09:33:48,1766971969309,0.727,0.7284,-0.1922,5575.03,0.9012,3.1203,585200,425464,0.727,0.995,0.727,43510000,0.726,59434500,0.725,46004800,0.724,29819900,0.723,26792100,0.728,56782700,0.729,52949700,0.730,60729300,0.731,25693400,0.732,26077900,422,0,0
sh513130,09:32:47,1766971970727,09:33:48,1766971969309,0.727,0.7284,-0.1922,5575.03,0.9012,3.5177,0,0,0.727,0.996,0.727,43510000,0.726,59434500,0.725,46004800,0.724,29819900,0.723,26792100,0.728,56782700,0.729,52949700,0.730,60729300,0.731,25693400,0.732,26077900,1418,0,0
sh513130,09:32:47,1766971971731,09:33:50,1766971971277,0.727,0.7284,-0.1922,5575.75,0.9012,3.283,0,0,0.727,1.004,0.727,43510000,0.726,59434500,0.725,46004800,0.724,29819900,0.723,26792100,0.728,56782700,0.729,52949700,0.730,60729300,0.731,25693400,0.732,26077900,453,0,0
sh513130,09:32:50,1766971972736,09:33:50,1766971971277,0.727,0.7284,-0.1922,5575.75,0.9012,1.9584,552300,401598,0.7271,1.005,0.727,43118000,0.726,59455600,0.725,46119000,0.724,29850900,0.723,26845900,0.728,42728300,0.729,52119400,0.730,61907700,0.731,41683400,0.732,26255700,1458,0,0
sh513130,09:32:50,1766971973732,09:33:52,1766971973224,0.727,0.7284,-0.1922,5576.05,0.9012,1.5939,0,0,0.727,0.997,0.727,43118000,0.726,59455600,0.725,46119000,0.724,29850900,0.723,26845900,0.728,42728300,0.729,52119400,0.730,61907700,0.731,41683400,0.732,26255700,508,0,0
sh513130,09:32:50,1766971974729,09:33:52,1766971973224,0.727,0.7284,-0.1922,5576.05,0.9012,1.7667,0,0,0.727,0.997,0.727,43118000,0.726,59455600,0.725,46119000,0.724,29850900,0.723,26845900,0.728,42728300,0.729,52119400,0.730,61907700,0.731,41683400,0.732,26255700,1505,0,0
sh513130,09:32:53,1766971975715,09:33:54,1766971975701,0.727,0.7284,-0.1922,5576.3,0.9012,1.4271,826600,601292,0.7274,0.986,0.727,40311500,0.726,55622800,0.725,45054000,0.724,29789800,0.723,26845900,0.728,43139600,0.729,50795800,0.730,61190800,0.731,41683500,0.732,26255700,14,0,0
sh513130,09:32:53,1766971976706,09:33:54,1766971975701,0.727,0.7284,-0.1922,5576.3,0.9012,1.5525,0,0,0.727,0.99,0.727,40311500,0.726,55622800,0.725,45054000,0.724,29789800,0.723,26845900,0.728,43139600,0.729,50795800,0.730,61190800,0.731,41683500,0.732,26255700,1004,0,0
sh513130,09:32:53,1766971977702,09:33:56,1766971977398,0.727,0.7284,-0.1922,5575.55,0.9012,1.7515,0,0,0.727,0.996,0.727,40311500,0.726,55622800,0.725,45054000,0.724,29789800,0.723,26845900,0.728,43139600,0.729,50795800,0.730,61190800,0.731,41683500,0.732,26255700,304,0,0
sh513130,09:32:56,1766971978700,09:33:56,1766971977398,0.727,0.7284,-0.1922,5575.55,0.9012,0.1693,634300,461444,0.7275,0.998,0.727,40774500,0.726,55756400,0.725,44762300,0.724,29795800,0.723,29245900,0.728,44835600,0.729,52288500,0.730,62293600,0.731,41703500,0.732,26273300,1302,0,0
sh513130,09:32:56,1766971979700,09:33:58,1766971979551,0.727,0.7284,-0.1922,5574.58,0.9012,0.1659,0,0,0.727,1.0,0.727,40774500,0.726,55756400,0.725,44762300,0.724,29795800,0.723,29245900,0.728,44835600,0.729,52288500,0.730,62293600,0.731,41703500,0.732,26273300,148,0,0
sh513130,09:32:56,1766971980699,09:33:58,1766971979551,0.727,0.7284,-0.1922,5574.58,0.9012,2.1795,0,0,0.727,0.999,0.727,40774500,0.726,55756400,0.725,44762300,0.724,29795800,0.723,29245900,0.728,44835600,0.729,52288500,0.730,62293600,0.731,41703500,0.732,26273300,1148,0,0
sh513130,09:32:59,1766971981691,09:34:00,1766971981201,0.727,0.7284,-0.1922,5575.31,0.9012,1.5603,1137000,827386,0.7277,0.992,0.727,40710200,0.726,54954100,0.725,44884100,0.724,29795800,0.723,29225100,0.728,44717200,0.729,52422900,0.730,63339400,0.731,42703500,0.732,26950800,488,0,0
sh513130,09:32:59,1766971982701,09:34:00,1766971981705,0.727,0.7284,-0.1922,5575.31,0.9012,1.2674,0,0,0.727,1.01,0.727,40710200,0.726,54954100,0.725,44884100,0.724,29795800,0.723,29225100,0.728,44717200,0.729,52422900,0.730,63339400,0.731,42703500,0.732,26950800,996,0,0
sh513130,09:32:59,1766971983701,09:34:02,1766971983266,0.727,0.7284,-0.1922,5573.68,0.9012,2.4795,0,0,0.727,0.999,0.727,40710200,0.726,54954100,0.725,44884100,0.724,29795800,0.723,29225100,0.728,44717200,0.729,52422900,0.730,63339400,0.731,42703500,0.732,26950800,434,0,0
sh513130,09:33:02,1766971984698,09:34:02,1766971983854,0.728,0.7277,0.0412,5573.68,0.9012,3.7345,4605000,3350608,0.7276,0.997,0.727,21949600,0.726,57986300,0.725,45879100,0.724,29846700,0.723,28537300,0.728,58904900,0.729,66195000,0.730,64647000,0.731,27716500,0.732,16398600,843,0,0
sh513130,09:33:02,1766971985692,09:34:04,1766971985261,0.728,0.7277,0.0412,5574.5,0.9012,3.6667,0,0,0.728,0.994,0.727,21949600,0.726,57986300,0.725,45879100,0.724,29846700,0.723,28537300,0.728,58904900,0.729,66195000,0.730,64647000,0.731,27716500,0.732,16398600,430,0,0
sh513130,09:33:02,1766971986689,09:34:04,1766971986015,0.728,0.7277,0.0412,5574.5,0.9012,4.6865,0,0,0.728,0.998,0.727,21949600,0.726,57986300,0.725,45879100,0.724,29846700,0.723,28537300,0.728,58904900,0.729,66195000,0.730,64647000,0.731,27716500,0.732,16398600,674,0,0
sh513130,09:33:02,1766971987692,09:34:06,1766971987198,0.728,0.7277,0.0412,5574.97,0.9012,4.6064,0,0,0.728,1.002,0.727,21949600,0.726,57986300,0.725,45879100,0.724,29846700,0.723,28537300,0.728,58904900,0.729,66195000,0.730,64647000,0.731,27716500,0.732,16398600,493,0,0
sh513130,09:33:05,1766971988698,09:34:06,1766971988180,0.728,0.7277,0.0412,5574.97,0.9012,3.5841,3338700,2429311,0.7276,1.006,0.727,51234800,0.726,57184300,0.725,45880600,0.724,24995200,0.723,28658100,0.728,42882200,0.729,62237100,0.730,65652000,0.731,27716500,0.732,20663700,517,0,0
sh513130,09:33:05,1766971989688,09:34:08,1766971989300,0.728,0.7277,0.0412,5575.24,0.9012,3.3388,0,0,0.728,0.99,0.727,51234800,0.726,57184300,0.725,45880600,0.724,24995200,0.723,28658100,0.728,42882200,0.729,62237100,0.730,65652000,0.731,27716500,0.732,20663700,388,0,0
sh513130,09:33:08,1766971990688,09:34:08,1766971990331,0.728,0.7284,-0.0549,5575.24,0.9012,3.0469,25320200,18431352,0.7279,1.0,0.727,50204000,0.726,55675500,0.725,45892600,0.724,25005200,0.723,28658100,0.728,19898500,0.729,60927100,0.730,65773800,0.731,42766500,0.732,22293700,357,0,0
sh513130,09:33:08,1766971991681,09:34:10,1766971991289,0.728,0.7284,-0.0549,5577.16,0.9012,3.0451,0,0,0.728,0.993,0.727,50204000,0.726,55675500,0.725,45892600,0.724,25005200,0.723,28658100,0.728,19898500,0.729,60927100,0.730,65773800,0.731,42766500,0.732,22293700,392,0,0
sh513130,09:33:08,1766971992688,09:34:10,1766971992480,0.728,0.7284,-0.0549,5577.16,0.9012,4.1183,0,0,0.728,1.006,0.727,50204000,0.726,55675500,0.725,45892600,0.724,25005200,0.723,28658100,0.728,19898500,0.729,60927100,0.730,65773800,0.731,42766500,0.732,22293700,207,0,0
sh513130,09:33:08,1766971993674,09:34:12,1766971993196,0.728,0.7284,-0.0549,5577.9,0.9012,4.3253,0,0,0.728,0.986,0.727,50204000,0.726,55675500,0.725,45892600,0.724,25005200,0.723,28658100,0.728,19898500,0.729,60927100,0.730,65773800,0.731,42766500,0.732,22293700,478,0,0
sh513130,09:33:11,1766971994662,09:34:12,1766971994624,0.728,0.7284,-0.0549,5577.9,0.9012,4.2498,48753100,35492047,0.728,0.989,0.728,369800,0.727,50114600,0.726,56903600,0.725,44833100,0.724,24987700,0.729,54650000,0.730,66943700,0.731,47892000,0.732,27662000,0.733,16197800,38,0,0
sh513130,09:33:11,1766971995660,09:34:14,1766971995260,0.728,0.7284,-0.0549,5578.68,0.9012,4.8683,0,0,0.728,0.998,0.728,369800,0.727,50114600,0.726,56903600,0.725,44833100,0.724,24987700,0.729,54650000,0.730,66943700,0.731,47892000,0.732,27662000,0.733,16197800,400,0,0
sh513130,09:33:11,1766971996659,09:34:14,1766971995260,0.728,0.7284,-0.0549,5578.68,0.9012,3.8417,0,0,0.728,0.998,0.728,369800,0.727,50114600,0.726,56903600,0.725,44833100,0.724,24987700,0.729,54650000,0.730,66943700,0.731,47892000,0.732,27662000,0.733,16197800,1398,0,0
sh513130,09:33:14,1766971997655,09:34:16,1766971997231,0.728,0.7285,-0.0686,5576.35,0.9012,3.8382,5231600,3807605,0.7278,0.996,0.728,15761400,0.727,51686100,0.726,56589100,0.725,46080800,0.724,24987700,0.729,54680400,0.730,66921000,0.731,47965600,0.732,30024600,0.733,16197900,423,0,0
sh513130,09:33:14,1766971998657,09:34:16,1766971997231,0.728,0.7285,-0.0686,5576.35,0.9012,4.8976,0,0,0.728,1.003,0.728,15761400,0.727,51686100,0.726,56589100,0.725,46080800,0.724,24987700,0.729,54680400,0.730,66921000,0.731,47965600,0.732,30024600,0.733,16197900,1426,0,0
sh513130,09:33:17,1766971999667,09:34:18,1766971999399,0.729,0.7285,0.0686,5577.71,0.9012,4.5364,6701500,4878709,0.728,1.009,0.728,5687100,0.727,48411500,0.726,56609700,0.725,41080800,0.724,25020700,0.729,54745100,0.730,67117500,0.731,48085400,0.732,29200300,0.733,16197900,267,0,0
sh513130,09:33:17,1766972000661,09:34:18,1766971999399,0.729,0.7285,0.0686,5577.71,0.9012,4.5284,0,0,0.729,0.994,0.728,5687100,0.727,48411500,0.726,56609700,0.725,41080800,0.724,25020700,0.729,54745100,0.730,67117500,0.731,48085400,0.732,29200300,0.733,16197900,1262,0,0
sh513130,09:33:17,1766972001650,09:34:20,1766972001221,0.729,0.7285,0.0686,5577.37,0.9012,6.6511,0,0,0.729,0.989,0.728,5687100,0.727,48411500,0.726,56609700,0.725,41080800,0.724,25020700,0.729,54745100,0.730,67117500,0.731,48085400,0.732,29200300,0.733,16197900,428,0,0
sh513130,09:33:20,1766972002648,09:34:20,1766972001221,0.728,0.7285,-0.0686,5577.37,0.9012,6.0756,10746400,7823394,0.728,0.998,0.727,47238800,0.726,51813900,0.725,41014200,0.724,24986500,0.723,25194000,0.728,500000,0.729,55403100,0.730,67152200,0.731,48106600,0.732,29081200,1426,0,0
sh513130,09:33:20,1766972003653,09:34:22,1766972003282,0.728,0.7285,-0.0686,5576.45,0.9012,4.6613,0,0,0.728,1.005,0.727,47238800,0.726,51813900,0.725,41014200,0.724,24986500,0.723,25194000,0.728,500000,0.729,55403100,0.730,67152200,0.731,48106600,0.732,29081200,370,0,0
sh513130,09:33:20,1766972004650,09:34:22,1766972003282,0.728,0.7285,-0.0686,5576.45,0.9012,3.9843,0,0,0.728,0.997,0.727,47238800,0.726,51813900,0.725,41014200,0.724,24986500,0.723,25194000,0.728,500000,0.729,55403100,0.730,67152200,0.731,48106600,0.732,29081200,1368,0,0
sh513130,09:33:20,1766972005652,09:34:24,1766972005433,0.728,0.7285,-0.0686,5576.37,0.9012,3.9282,0,0,0.728,1.002,0.727,47238800,0.726,51813900,0.725,41014200,0.724,24986500,0.723,25194000,0.728,500000,0.729,55403100,0.730,67152200,0.731,48106600,0.732,29081200,219,0,0
sh513130,09:33:23,1766972006651,09:34:24,1766972005433,0.728,0.7285,-0.0686,5576.37,0.9012,4.6301,3723000,2708293,0.7274,0.999,0.727,48299900,0.726,51753600,0.725,40964200,0.724,24986500,0.723,25193500,0.728,7333800,0.729,55023900,0.730,67914600,0.731,48135600,0.732,29143400,1218,0,0
sh513130,09:33:23,1766972007672,09:34:26,1766972007572,0.728,0.7285,-0.0686,5576.21,0.9012,3.8871,0,0,0.728,1.021,0.727,48299900,0.726,51753600,0.725,40964200,0.724,24986500,0.723,25193500,0.728,7333800,0.729,55023900,0.730,67914600,0.731,48135600,0.732,29143400,100,0,0
sh513130,09:33:23,1766972008651,09:34:26,1766972007572,0.728,0.7285,-0.0686,5576.21,0.9012,3.8172,0,0,0.728,0.979,0.727,48299900,0.726,51753600,0.725,40964200,0.724,24986500,0.723,25193500,0.728,7333800,0.729,55023900,0.730,67914600,0.731,48135600,0.732,29143400,1079,0,0
sh513130,09:33:26,1766972009649,09:34:28,1766972009253,0.728,0.7285,-0.0686,5575.74,0.9012,2.5785,3770700,2744044,0.7277,0.998,0.727,46155100,0.726,52170200,0.725,38945400,0.724,25101500,0.723,25281400,0.728,8543000,0.729,59857700,0.730,66910500,0.731,45205700,0.732,29171900,395,0,0
sh513130,09:33:26,1766972010645,09:34:28,1766972009716,0.728,0.7285,-0.0686,5575.74,0.9012,2.5334,0,0,0.728,0.995,0.727,46155100,0.726,52170200,0.725,38945400,0.724,25101500,0.723,25281400,0.728,8543000,0.729,59857700,0.730,66910500,0.731,45205700,0.732,29171900,928,0,0
sh513130,09:33:26,1766972011635,09:34:30,1766972011200,0.728,0.7285,-0.0686,5575.93,0.9012,4.3984,0,0,0.728,0.99,0.727,46155100,0.726,52170200,0.725,38945400,0.724,25101500,0.723,25281400,0.728,8543000,0.729,59857700,0.730,66910500,0.731,45205700,0.732,29171900,434,0,0
sh513130,09:33:29,1766972012626,09:34:30,1766972011871,0.727,0.7285,-0.2059,5575.93,0.9012,4.3935,3522700,2561963,0.7273,0.992,0.727,47139600,0.726,51935300,0.725,39333000,0.724,25101500,0.723,25275400,0.728,15871300,0.729,65445300,0.730,67072100,0.731,45225700,0.732,23971700,755,0,0
sh513130,09:33:29,1766972013624,09:34:32,1766972013246,0.727,0.7285,-0.2059,5575.59,0.9012,4.8145,0,0,0.727,0.997,0.727,47139600,0.726,51935300,0.725,39333000,0.724,25101500,0.723,25275400,0.728,15871300,0.729,65445300,0.730,67072100,0.731,45225700,0.732,23971700,377,0,0
sh513130,09:33:29,1766972014623,09:34:32,1766972014035,0.727,0.7285,-0.2059,5575.59,0.9012,3.3797,0,0,0.727,1.0,0.727,47139600,0.726,51935300,0.725,39333000,0.724,25101500,0.723,25275400,0.728,15871300,0.729,65445300,0.730,67072100,0.731,45225700,0.732,23971700,588,0,0
sh513130,09:33:32,1766972015628,09:34:34,1766972015235,0.727,0.7285,-0.2059,5575.94,0.9012,3.3731,2183500,1588553,0.7275,1.004,0.727,46841800,0.726,51912200,0.725,45589900,0.724,25171600,0.723,25266200,0.728,16095400,0.729,64906800,0.730,68975400,0.731,48499200,0.732,24075800,392,0,0
sh513130,09:33:32,1766972016616,09:34:34,1766972016186,0.727,0.7285,-0.2059,5575.94,0.9012,3.2463,0,0,0.727,0.988,0.727,46841800,0.726,51912200,0.725,45589900,0.724,25171600,0.723,25266200,0.728,16095400,0.729,64906800,0.730,68975400,0.731,48499200,0.732,24075800,429,0,0
sh513130,09:33:35,1766972017621,09:34:36,1766972017259,0.727,0.7285,-0.2059,5575.72,0.9012,2.6282,1700600,1237532,0.7277,1.006,0.727,48203400,0.726,51159700,0.725,45602900,0.724,25171600,0.723,25225900,0.728,17005800,0.729,68340800,0.730,69028100,0.731,45549200,0.732,24033800,362,0,0
sh513130,09:33:35,1766972018617,09:34:36,1766972018331,0.727,0.7285,-0.2059,5575.72,0.9012,2.3031,0,0,0.727,0.995,0.727,48203400,0.726,51159700,0.725,45602900,0.724,25171600,0.723,25225900,0.728,17005800,0.729,68340800,0.730,69028100,0.731,45549200,0.732,24033800,285,0,0
sh513130,09:33:35,1766972019614,09:34:38,1766972019241,0.727,0.7285,-0.2059,5575.36,0.9012,2.3112,0,0,0.727,0.998,0.727,48203400,0.726,51159700,0.725,45602900,0.724,25171600,0.723,25225900,0.728,17005800,0.729,68340800,0.730,69028100,0.731,45549200,0.732,24033800,372,0,0
sh513130,09:33:38,1766972020614,09:34:38,1766972020514,0.728,0.7285,-0.0686,5575.36,0.9012,1.409,1553000,1130107,0.7277,0.999,0.727,51574500,0.726,50863300,0.725,45602900,0.724,25171600,0.723,25235900,0.728,18102900,0.729,64150800,0.730,69073000,0.731,48594200,0.732,23933800,99,0,0
sh513130,09:33:38,1766972021609,09:34:40,1766972021176,0.728,0.7285,-0.0686,5576.87,0.9012,1.1382,0,0,0.728,0.995,0.727,51574500,0.726,50863300,0.725,45602900,0.724,25171600,0.723,25235900,0.728,18102900,0.729,64150800,0.730,69073000,0.731,48594200,0.732,23933800,433,0,0
sh513130,09:33:38,1766972022598,09:34:40,1766972021176,0.728,0.7285,-0.0686,5576.87,0.9012,-0.6495,0,0,0.728,0.989,0.727,51574500,0.726,50863300,0.725,45602900,0.724,25171600,0.723,25235900,0.728,18102900,0.729,64150800,0.730,69073000,0.731,48594200,0.732,23933800,1422,0,0
sh513130,09:33:38,1766972023608,09:34:42,1766972023222,0.728,0.7285,-0.0686,5575.87,0.9012,1.9709,0,0,0.728,1.01,0.727,51574500,0.726,50863300,0.725,45602900,0.724,25171600,0.723,25235900,0.728,18102900,0.729,64150800,0.730,69073000,0.731,48594200,0.732,23933800,385,0,0
sh513130,09:33:41,1766972024600,09:34:42,1766972023222,0.728,0.7285,-0.0686,5575.87,0.9012,1.7662,907000,659784,0.7274,0.992,0.727,51651500,0.726,50863300,0.725,47598700,0.724,25167100,0.723,25255900,0.728,17362000,0.729,67580300,0.730,69283700,0.731,45688200,0.732,24005400,1377,0,0
sh513130,09:33:41,1766972025597,09:34:44,1766972025258,0.728,0.7285,-0.0686,5576.3,0.9012,1.9637,0,0,0.728,0.996,0.727,51651500,0.726,50863300,0.725,47598700,0.724,25167100,0.723,25255900,0.728,17362000,0.729,67580300,0.730,69283700,0.731,45688200,0.732,24005400,338,0,0
sh513130,09:33:41,1766972026585,09:34:44,1766972025258,0.728,0.7285,-0.0686,5576.3,0.9012,1.9295,0,0,0.728,0.988,0.727,51651500,0.726,50863300,0.725,47598700,0.724,25167100,0.723,25255900,0.728,17362000,0.729,67580300,0.730,69283700,0.731,45688200,0.732,24005400,1327,0,0
sh513130,09:33:44,1766972027589,09:34:46,1766972027216,0.728,0.7285,-0.0686,5575.8,0.9012,1.491,821300,597650,0.7277,1.004,0.727,52096500,0.726,49865300,0.725,47593700,0.724,24167100,0.723,25656900,0.728,21409400,0.729,69457600,0.730,69455100,0.731,49335600,0.732,20154700,372,0,0
sh513130,09:33:44,1766972028584,09:34:46,1766972027216,0.728,0.7285,-0.0686,5575.8,0.9012,0.9579,0,0,0.728,0.996,0.727,52096500,0.726,49865300,0.725,47593700,0.724,24167100,0.723,25656900,0.728,21409400,0.729,69457600,0.730,69455100,0.731,49335600,0.732,20154700,1368,0,0
sh513130,09:33:47,1766972029584,09:34:48,1766972029261,0.728,0.7285,-0.0686,5574.79,0.9012,1.1924,2371000,1724965,0.7275,0.999,0.727,50048300,0.726,50940900,0.725,47706700,0.724,25176100,0.723,25658900,0.728,22571300,0.729,73742600,0.730,70976800,0.731,46165600,0.732,20138400,322,0,0
sh513130,09:33:47,1766972030583,09:34:48,1766972029261,0.728,0.7285,-0.0686,5574.79,0.9012,0.8425,0,0,0.728,1.0,0.727,50048300,0.726,50940900,0.725,47706700,0.724,25176100,0.723,25658900,0.728,22571300,0.729,73742600,0.730,70976800,0.731,46165600,0.732,20138400,1322,0,0
sh513130,09:33:47,1766972031579,09:34:50,1766972031296,0.728,0.7285,-0.0686,5575.01,0.9012,4.1056,0,0,0.728,0.996,0.727,50048300,0.726,50940900,0.725,47706700,0.724,25176100,0.723,25658900,0.728,22571300,0.729,73742600,0.730,70976800,0.731,46165600,0.732,20138400,282,0,0
sh513130,09:33:50,1766972032575,09:34:50,1766972031296,0.728,0.7285,-0.0686,5575.01,0.9012,3.3941,1496100,1088495,0.7276,0.996,0.727,51641700,0.726,51021200,0.725,47646700,0.724,25859900,0.723,26224100,0.728,21775600,0.729,72766500,0.730,71461400,0.731,45249800,0.732,20150300,1278,0,0
sh513130,09:33:50,1766972033572,09:34:52,1766972033412,0.728,0.7285,-0.0686,5575.43,0.9012,3.3314,0,0,0.728,0.997,0.727,51641700,0.726,51021200,0.725,47646700,0.724,25859900,0.723,26224100,0.728,21775600,0.729,72766500,0.730,71461400,0.731,45249800,0.732,20150300,159,0,0
sh513130,09:33:50,1766972034571,09:34:52,1766972033412,0.728,0.7285,-0.0686,5575.43,0.9012,3.2697,0,0,0.728,1.0,0.727,51641700,0.726,51021200,0.725,47646700,0.724,25859900,0.723,26224100,0.728,21775600,0.729,72766500,0.730,71461400,0.731,45249800,0.732,20150300,1159,0,0
sh513130,09:33:53,1766972035566,09:34:54,1766972035223,0.728,0.7285,-0.0686,5576.52,0.9012,2.86,2153500,1566230,0.7273,0.994,0.727,50897300,0.726,51021200,0.725,47710200,0.724,25859900,0.723,26224100,0.728,22998000,0.729,69876900,0.730,71448500,0.731,48231500,0.732,20175300,342,0,0
sh513130,09:33:53,1766972036570,09:34:54,1766972035566,0.728,0.7285,-0.0686,5576.52,0.9012,2.1108,0,0,0.728,1.005,0.727,50897300,0.726,51021200,0.725,47710200,0.724,25859900,0.723,26224100,0.728,22998000,0.729,69876900,0.730,71448500,0.731,48231500,0.732,20175300,1004,0,0
sh513130,09:33:53,1766972037564,09:34:56,1766972037224,0.728,0.7285,-0.0686,5577.3,0.9012,4.2131,0,0,0.728,0.993,0.727,50897300,0.726,51021200,0.725,47710200,0.724,25859900,0.723,26224100,0.728,22998000,0.729,69876900,0.730,71448500,0.731,48231500,0.732,20175300,339,0,0
sh513130,09:33:53,1766972038554,09:34:56,1766972037712,0.728,0.7285,-0.0686,5577.3,0.9012,3.21,0,0,0.728,0.99,0.727,50897300,0.726,51021200,0.725,47710200,0.724,25859900,0.723,26224100,0.728,22998000,0.729,69876900,0.730,71448500,0.731,48231500,0.732,20175300,841,0,0
sh513130,09:33:56,1766972039554,09:34:58,1766972039239,0.728,0.7285,-0.0686,5577.74,0.9012,3.9824,2519200,1833398,0.7278,1.0,0.727,51350700,0.726,51021200,0.725,46720200,0.724,25721800,0.723,26224100,0.728,14239600,0.729,61214400,0.730,70680500,0.731,48259600,0.732,29939000,314,0,0
sh513130,09:33:56,1766972040553,09:34:58,1766972039864,0.728,0.7285,-0.0686,5577.74,0.9012,2.8553,0,0,0.728,1.0,0.727,51350700,0.726,51021200,0.725,46720200,0.724,25721800,0.723,26224100,0.728,14239600,0.729,61214400,0.730,70680500,0.731,48259600,0.732,29939000,689,0,0
sh513130,09:33:56,1766972041551,09:35:00,1766972041242,0.728,0.7285,-0.0686,5576.79,0.9012,2.8012,0,0,0.728,0.998,0.727,51350700,0.726,51021200,0.725,46720200,0.724,25721800,0.723,26224100,0.728,14239600,0.729,61214400,0.730,70680500,0.731,48259600,0.732,29939000,309,0,0
sh513130,09:33:59,1766972042543,09:35:00,1766972042020,0.727,0.7285,-0.2059,5576.79,0.9012,2.4389,1748900,1271589,0.7271,0.992,0.727,49696400,0.726,51536600,0.725,46790200,0.724,25782500,0.723,26224100,0.728,11833300,0.729,62782800,0.730,72162600,0.731,48757400,0.732,30089800,523,0,0
sh513130,09:33:59,1766972043545,09:35:02,1766972043266,0.727,0.7285,-0.2059,5578.83,0.9012,2.585,0,0,0.727,1.002,0.727,49696400,0.726,51536600,0.725,46790200,0.724,25782500,0.723,26224100,0.728,11833300,0.729,62782800,0.730,72162600,0.731,48757400,0.732,30089800,278,0,0
sh513130,09:33:59,1766972044544,09:35:02,1766972044183,0.727,0.7285,-0.2059,5578.83,0.9012,2.8902,0,0,0.727,0.998,0.727,49696400,0.726,51536600,0.725,46790200,0.724,25782500,0.723,26224100,0.728,11833300,0.729,62782800,0.730,72162600,0.731,48757400,0.732,30089800,361,0,0
sh513130,09:34:02,1766972045530,09:35:04,1766972045233,0.728,0.7285,-0.0686,5579.46,0.9012,3.4455,17105100,12451314,0.7279,0.986,0.728,14975100,0.727,48543000,0.726,51587400,0.725,41790700,0.724,25782500,0.729,62736900,0.730,72781800,0.731,48814800,0.732,30208800,0.733,17693500,296,0,0
sh513130,09:34:02,1766972046505,09:35:04,1766972046337,0.728,0.7285,-0.0686,5579.46,0.9012,3.3279,0,0,0.728,0.976,0.728,14975100,0.727,48543000,0.726,51587400,0.725,41790700,0.724,25782500,0.729,62736900,0.730,72781800,0.731,48814800,0.732,30208800,0.733,17693500,167,0,0
sh513130,09:34:05,1766972047498,09:35:06,1766972047302,0.728,0.7285,-0.0686,5580.13,0.9012,2.4559,1669700,1215591,0.728,0.992,0.728,16688200,0.727,47544900,0.726,47304100,0.725,38790700,0.724,25616100,0.729,62491000,0.730,73917700,0.731,48819200,0.732,30621600,0.733,17683500,195,0,0
sh513130,09:34:05,1766972048500,09:35:06,1766972048486,0.728,0.7285,-0.0686,5580.13,0.9012,2.4087,0,0,0.728,1.002,0.728,16688200,0.727,47544900,0.726,47304100,0.725,38790700,0.724,25616100,0.729,62491000,0.730,73917700,0.731,48819200,0.732,30621600,0.733,17683500,13,0,0
sh513130,09:34:05,1766972049489,09:35:08,1766972049272,0.728,0.7285,-0.0686,5581.37,0.9012,3.1641,0,0,0.728,0.989,0.728,16688200,0.727,47544900,0.726,47304100,0.725,38790700,0.724,25616100,0.729,62491000,0.730,73917700,0.731,48819200,0.732,30621600,0.733,17683500,216,0,0
sh513130,09:34:08,1766972050482,09:35:08,1766972049272,0.729,0.7291,-0.0137,5581.37,0.9012,3.6962,9923600,7224393,0.728,0.994,0.728,24282800,0.727,43099500,0.726,42993100,0.725,30804800,0.724,25636100,0.729,48030400,0.730,59280900,0.731,33852100,0.732,30660200,0.733,17688500,1210,0,0
sh513130,09:34:08,1766972051479,09:35:10,1766972051229,0.729,0.7291,-0.0137,5581.2,0.9012,3.629,0,0,0.729,0.996,0.728,24282800,0.727,43099500,0.726,42993100,0.725,30804800,0.724,25636100,0.729,48030400,0.730,59280900,0.731,33852100,0.732,30660200,0.733,17688500,250,0,0
sh513130,09:34:08,1766972052480,09:35:10,1766972051229,0.729,0.7291,-0.0137,5581.2,0.9012,3.1772,0,0,0.729,1.001,0.728,24282800,0.727,43099500,0.726,42993100,0.725,30804800,0.724,25636100,0.729,48030400,0.730,59280900,0.731,33852100,0.732,30660200,0.733,17688500,1250,0,0
sh513130,09:34:11,1766972053467,09:35:12,1766972053304,0.728,0.7291,-0.1509,5581.09,0.9012,3.3871,2152400,1567129,0.7281,0.987,0.728,25859800,0.727,42512600,0.726,42083100,0.725,30804800,0.724,25625600,0.729,48945800,0.730,60780700,0.731,33922100,0.732,30660200,0.733,17688500,162,0,0
sh513130,09:34:11,1766972054470,09:35:12,1766972053304,0.728,0.7291,-0.1509,5581.09,0.9012,3.1364,0,0,0.728,1.004,0.728,25859800,0.727,42512600,0.726,42083100,0.725,30804800,0.724,25625600,0.729,48945800,0.730,60780700,0.731,33922100,0.732,30660200,0.733,17688500,1165,0,0
sh513130,09:34:11,1766972055463,09:35:14,1766972055282,0.728,0.7291,-0.1509,5583.33,0.9012,4.1077,0,0,0.728,0.992,0.728,25859800,0.727,42512600,0.726,42083100,0.725,30804800,0.724,25625600,0.729,48945800,0.730,60780700,0.731,33922100,0.732,30660200,0.733,17688500,180,0,0
sh513130,09:34:14,1766972056455,09:35:14,1766972055282,0.728,0.7292,-0.1646,5583.33,0.9012,2.6412,1947800,1418202,0.7281,0.993,0.728,29903900,0.727,40343000,0.726,42183500,0.725,30804800,0.724,25625600,0.729,49418400,0.730,56604300,0.731,33922100,0.732,31731400,0.733,20698500,1173,0,0
sh513130,09:34:14,1766972057448,09:35:16,1766972057225,0.728,0.7292,-0.1646,5582.84,0.9012,2.5908,0,0,0.728,0.992,0.728,29903900,0.727,40343000,0.726,42183500,0.725,30804800,0.724,25625600,0.729,49418400,0.730,56604300,0.731,33922100,0.732,31731400,0.733,20698500,222,0,0
sh513130,09:34:14,1766972058444,09:35:16,1766972057225,0.728,0.7292,-0.1646,5582.84,0.9012,2.0128,0,0,0.728,0.996,0.728,29903900,0.727,40343000,0.726,42183500,0.725,30804800,0.724,25625600,0.729,49418400,0.730,56604300,0.731,33922100,0.732,31731400,0.733,20698500,1218,0,0
sh513130,09:34:17,1766972059444,09:35:18,1766972059256,0.729,0.7292,-0.0274,5583.4,0.9012,2.0128,515800,375550,0.7281,1.001,0.728,32882500,0.727,41275400,0.726,41206400,0.725,30599300,0.724,25799700,0.729,48556400,0.730,59617300,0.731,34922100,0.732,31988200,0.733,17868500,188,0,0
sh513130,09:34:17,1766972060448,09:35:18,1766972059256,0.729,0.7292,-0.0274,5583.4,0.9012,2.1434,0,0,0.729,1.003,0.728,32882500,0.727,41275400,0.726,41206400,0.725,30599300,0.724,25799700,0.729,48556400,0.730,59617300,0.731,34922100,0.732,31988200,0.733,17868500,1191,0,0
sh513130,09:34:17,1766972061427,09:35:20,1766972061412,0.729,0.7292,-0.0274,5583.91,0.9012,1.6478,0,0,0.729,0.98,0.728,32882500,0.727,41275400,0.726,41206400,0.725,30599300,0.724,25799700,0.729,48556400,0.730,59617300,0.731,34922100,0.732,31988200,0.733,17868500,15,0,0
sh513130,09:34:20,1766972062432,09:35:20,1766972061412,0.729,0.7292,-0.0274,5583.91,0.9012,2.3591,1021200,743518,0.7281,1.005,0.728,32170800,0.727,40436100,0.726,41283400,0.725,30595300,0.724,25819700,0.729,49987900,0.730,60710800,0.731,34975600,0.732,31988200,0.733,18014500,1019,0,0
sh513130,09:34:20,1766972063427,09:35:22,1766972063245,0.729,0.7292,-0.0274,5584.78,0.9012,1.5971,0,0,0.729,0.995,0.728,32170800,0.727,40436100,0.726,41283400,0.725,30595300,0.724,25819700,0.729,49987900,0.730,60710800,0.731,34975600,0.732,31988200,0.733,18014500,181,0,0
sh513130,09:34:20,1766972064420,09:35:22,1766972063565,0.729,0.7292,-0.0274,5584.78,0.9012,0.4549,0,0,0.729,0.993,0.728,32170800,0.727,40436100,0.726,41283400,0.725,30595300,0.724,25819700,0.729,49987900,0.730,60710800,0.731,34975600,0.732,31988200,0.733,18014500,855,0,0
sh513130,09:34:23,1766972065410,09:35:24,1766972065191,0.729,0.7299,-0.1233,5584.78,0.9012,0.4549,2705000,1971328,0.7288,0.99,0.728,32843700,0.727,38993700,0.726,39799000,0.725,30595300,0.724,25899700,0.729,49510700,0.730,61883100,0.731,35007600,0.732,31988200,0.733,18035000,218,0,0
sh513130,09:34:23,1766972066423,09:35:24,1766972065710,0.729,0.7299,-0.1233,5584.78,0.9012,1.2191,0,0,0.729,1.013,0.728,32843700,0.727,38993700,0.726,39799000,0.725,30595300,0.724,25899700,0.729,49510700,0.730,61883100,0.731,35007600,0.732,31988200,0.733,18035000,712,0,0
sh513130,09:34:23,1766972067410,09:35:26,1766972067269,0.729,0.7299,-0.1233,5584.85,0.9012,1.2191,0,0,0.729,0.987,0.728,32843700,0.727,38993700,0.726,39799000,0.725,30595300,0.724,25899700,0.729,49510700,0.730,61883100,0.731,35007600,0.732,31988200,0.733,18035000,140,0,0
sh513130,09:34:26,1766972068415,09:35:26,1766972067863,0.729,0.7299,-0.1233,5584.85,0.9012,1.3278,1543000,1123761,0.7283,1.005,0.728,39572300,0.727,43498700,0.726,45789000,0.725,30645300,0.724,25937100,0.729,53709100,0.730,60668400,0.731,35011600,0.732,32004200,0.733,18130000,551,0,0
sh513130,09:34:26,1766972069418,09:35:28,1766972069238,0.729,0.7299,-0.1233,5584.07,0.9012,1.3692,0,0,0.729,1.003,0.728,39572300,0.727,43498700,0.726,45789000,0.725,30645300,0.724,25937100,0.729,53709100,0.730,60668400,0.731,35011600,0.732,32004200,0.733,18130000,180,0,0
sh513130,09:34:26,1766972070419,09:35:28,1766972070011,0.729,0.7299,-0.1233,5584.07,0.9012,1.4775,0,0,0.729,1.0,0.728,39572300,0.727,43498700,0.726,45789000,0.725,30645300,0.724,25937100,0.729,53709100,0.730,60668400,0.731,35011600,0.732,32004200,0.733,18130000,407,0,0
sh513130,09:34:26,1766972071418,09:35:30,1766972071262,0.729,0.7299,-0.1233,5583.72,0.9012,1.469,0,0,0.729,0.999,0.728,39572300,0.727,43498700,0.726,45789000,0.725,30645300,0.724,25937100,0.729,53709100,0.730,60668400,0.731,35011600,0.732,32004200,0.733,18130000,156,0,0
sh513130,09:34:29,1766972072406,09:35:30,1766972072170,0.729,0.7292,-0.0274,5583.72,0.9012,1.469,1844300,1343974,0.7287,0.988,0.728,42126400,0.727,46619700,0.726,48595400,0.725,30645300,0.724,25937100,0.729,54695600,0.730,75686600,0.731,49116600,0.732,47064200,0.733,19011700,236,0,0
sh513130,09:34:29,1766972073396,09:35:32,1766972073197,0.729,0.7292,-0.0274,5584.28,0.9012,-0.5422,0,0,0.729,0.991,0.728,42126400,0.727,46619700,0.726,48595400,0.725,30645300,0.724,25937100,0.729,54695600,0.730,75686600,0.731,49116600,0.732,47064200,0.733,19011700,199,0,0
sh513130,09:34:29,1766972074395,09:35:32,1766972074318,0.729,0.7292,-0.0274,5584.28,0.9012,0.9736,0,0,0.729,0.999,0.728,42126400,0.727,46619700,0.726,48595400,0.725,30645300,0.724,25937100,0.729,54695600,0.730,75686600,0.731,49116600,0.732,47064200,0.733,19011700,77,0,0
sh513130,09:34:32,1766972075392,09:35:34,1766972075199,0.729,0.7292,-0.0274,5585.23,0.9012,0.8936,1003300,730503,0.7281,0.997,0.728,44709000,0.727,47162800,0.726,48666400,0.725,30697300,0.724,25939100,0.729,55148200,0.730,78263000,0.731,49323100,0.732,47114200,0.733,19043700,193,0,0
sh513130,09:34:32,1766972076385,09:35:34,1766972075199,0.729,0.7292,-0.0274,5585.23,0.9012,2.2257,0,0,0.729,0.993,0.728,44709000,0.727,47162800,0.726,48666400,0.725,30697300,0.724,25939100,0.729,55148200,0.730,78263000,0.731,49323100,0.732,47114200,0.733,19043700,1186,0,0
sh513130,09:34:35,1766972077375,09:35:36,1766972077256,0.729,0.7292,-0.0274,5585.26,0.9012,2.2257,3899600,2842477,0.7289,0.99,0.728,45582500,0.727,46646700,0.726,47656800,0.725,30677300,0.724,26072000,0.729,47633900,0.730,80330400,0.731,50340900,0.732,47114100,0.733,19559600,119,0,0
sh513130,09:34:35,1766972078365,09:35:36,1766972077256,0.729,0.7292,-0.0274,5585.26,0.9012,1.8039,0,0,0.729,0.989,0.728,45582500,0.727,46646700,0.726,47656800,0.725,30677300,0.724,26072000,0.729,47633900,0.730,80330400,0.731,50340900,0.732,47114100,0.733,19559600,1108,0,0
sh513130,09:34:35,1766972079370,09:35:38,1766972079248,0.729,0.7292,-0.0274,5585.25,0.9012,1.0693,0,0,0.729,1.006,0.728,45582500,0.727,46646700,0.726,47656800,0.725,30677300,0.724,26072000,0.729,47633900,0.730,80330400,0.731,50340900,0.732,47114100,0.733,19559600,121,0,0
sh513130,09:34:38,1766972080362,09:35:38,1766972079248,0.729,0.7292,-0.0274,5585.25,0.9012,1.4576,1811300,1318765,0.7281,0.992,0.728,48028600,0.727,46806700,0.726,47677800,0.725,30677300,0.724,26143000,0.729,48397500,0.730,78498300,0.731,52352900,0.732,53236600,0.733,19659600,1113,0,0
sh513130,09:34:38,1766972081361,09:35:40,1766972081259,0.729,0.7292,-0.0274,5584.65,0.9012,2.0364,0,0,0.729,0.999,0.728,48028600,0.727,46806700,0.726,47677800,0.725,30677300,0.724,26143000,0.729,48397500,0.730,78498300,0.731,52352900,0.732,53236600,0.733,19659600,101,0,0
sh513130,09:34:38,1766972082350,09:35:40,1766972081259,0.729,0.7292,-0.0274,5584.65,0.9012,1.6388,0,0,0.729,0.989,0.728,48028600,0.727,46806700,0.726,47677800,0.725,30677300,0.724,26143000,0.729,48397500,0.730,78498300,0.731,52352900,0.732,53236600,0.733,19659600,1090,0,0
sh513130,09:34:41,1766972083340,09:35:42,1766972083272,0.729,0.7292,-0.0274,5585.11,0.9012,2.3638,1778100,1296158,0.729,0.99,0.728,48149300,0.727,46497800,0.726,47677400,0.725,30677300,0.724,26407200,0.729,47081600,0.730,81768400,0.731,52371900,0.732,50319600,0.733,22696100,67,0,0
sh513130,09:34:41,1766972084336,09:35:42,1766972083272,0.729,0.7292,-0.0274,5585.11,0.9012,2.6551,0,0,0.729,0.996,0.728,48149300,0.727,46497800,0.726,47677400,0.725,30677300,0.724,26407200,0.729,47081600,0.730,81768400,0.731,52371900,0.732,50319600,0.733,22696100,1063,0,0
sh513130,09:34:41,1766972085323,09:35:44,1766972085209,0.729,0.7292,-0.0274,5584.81,0.9012,2.4208,0,0,0.729,0.988,0.728,48149300,0.727,46497800,0.726,47677400,0.725,30677300,0.724,26407200,0.729,47081600,0.730,81768400,0.731,52371900,0.732,50319600,0.733,22696100,114,0,0
sh513130,09:34:44,1766972086328,09:35:44,1766972085209,0.729,0.7292,-0.0274,5584.81,0.9012,2.915,1053300,767720,0.7289,1.005,0.728,47779600,0.727,46947900,0.726,48577400,0.725,30697300,0.724,26408300,0.729,47396000,0.730,83566400,0.731,53095400,0.732,50319600,0.733,23029700,1118,0,0
sh513130,09:34:44,1766972087326,09:35:46,1766972087257,0.729,0.7292,-0.0274,5583.36,0.9012,3.5723,0,0,0.729,0.998,0.728,47779600,0.727,46947900,0.726,48577400,0.725,30697300,0.724,26408300,0.729,47396000,0.730,83566400,0.731,53095400,0.732,50319600,0.733,23029700,68,0,0
sh513130,09:34:44,1766972088318,09:35:46,1766972087257,0.729,0.7292,-0.0274,5583.36,0.9012,2.84,0,0,0.729,0.993,0.728,47779600,0.727,46947900,0.726,48577400,0.725,30697300,0.724,26408300,0.729,47396000,0.730,83566400,0.731,53095400,0.732,50319600,0.733,23029700,1060,0,0
sh513130,09:34:44,1766972089324,09:35:48,1766972089203,0.729,0.7292,-0.0274,5583.58,0.9012,2.6834,0,0,0.729,1.005,0.728,47779600,0.727,46947900,0.726,48577400,0.725,30697300,0.724,26408300,0.729,47396000,0.730,83566400,0.731,53095400,0.732,50319600,0.733,23029700,120,0,0
sh513130,09:34:47,1766972090315,09:35:48,1766972089383,0.728,0.7292,-0.1646,5583.58,0.9012,3.5649,695200,506620,0.7287,0.991,0.728,48473200,0.727,47047900,0.726,48531000,0.725,31025500,0.724,25650500,0.729,51496700,0.730,83828500,0.731,53103400,0.732,50057200,0.733,23030200,931,0,0
sh513130,09:34:47,1766972091304,09:35:50,1766972091260,0.728,0.7292,-0.1646,5583.59,0.9012,5.0009,0,0,0.728,0.99,0.728,48473200,0.727,47047900,0.726,48531000,0.725,31025500,0.724,25650500,0.729,51496700,0.730,83828500,0.731,53103400,0.732,50057200,0.733,23030200,44,0,0
sh513130,09:34:47,1766972092301,09:35:50,1766972091533,0.728,0.7292,-0.1646,5583.59,0.9012,4.8196,0,0,0.728,0.997,0.728,48473200,0.727,47047900,0.726,48531000,0.725,31025500,0.724,25650500,0.729,51496700,0.730,83828500,0.731,53103400,0.732,50057200,0.733,23030200,767,0,0
sh513130,09:34:50,1766972093303,09:35:52,1766972093218,0.729,0.7292,-0.0274,5584.18,0.9012,4.2182,2859000,2082915,0.7285,1.002,0.728,48147200,0.727,46883800,0.726,48527000,0.725,31022500,0.724,25651000,0.729,51332000,0.730,82767000,0.731,54115400,0.732,50736200,0.733,23033200,84,0,0
sh513130,09:34:50,1766972094296,09:35:52,1766972093686,0.729,0.7292,-0.0274,5584.18,0.9012,3.3968,0,0,0.729,0.993,0.728,48147200,0.727,46883800,0.726,48527000,0.725,31022500,0.724,25651000,0.729,51332000,0.730,82767000,0.731,54115400,0.732,50736200,0.733,23033200,610,0,0
sh513130,09:34:53,1766972095290,09:35:54,1766972095289,0.729,0.7292,-0.0274,5585.53,0.9012,4.3592,650400,474004,0.7288,0.993,0.728,49800600,0.727,46951300,0.726,47429600,0.725,31029500,0.724,25640700,0.729,52142100,0.730,80108800,0.731,54140900,0.732,50898300,0.733,23088700,0,0,0
sh513130,09:34:53,1766972096278,09:35:54,1766972095835,0.729,0.7292,-0.0274,5585.53,0.9012,4.2832,0,0,0.729,0.989,0.728,49800600,0.727,46951300,0.726,47429600,0.725,31029500,0.724,25640700,0.729,52142100,0.730,80108800,0.731,54140900,0.732,50898300,0.733,23088700,442,0,0
sh513130,09:34:53,1766972097275,09:35:56,1766972097234,0.729,0.7292,-0.0274,5586.01,0.9012,5.1123,0,0,0.729,0.997,0.728,49800600,0.727,46951300,0.726,47429600,0.725,31029500,0.724,25640700,0.729,52142100,0.730,80108800,0.731,54140900,0.732,50898300,0.733,23088700,41,0,0
sh513130,09:34:53,1766972098266,09:35:56,1766972097994,0.729,0.7292,-0.0274,5586.01,0.9012,5.1123,0,0,0.729,0.99,0.728,49800600,0.727,46951300,0.726,47429600,0.725,31029500,0.724,25640700,0.729,52142100,0.730,80108800,0.731,54140900,0.732,50898300,0.733,23088700,271,0,0
sh513130,09:34:56,1766972099260,09:35:58,1766972099260,0.729,0.7292,-0.0274,5586.17,0.9012,5.2939,720800,524961,0.7283,0.994,0.728,49742200,0.727,47493300,0.726,47359600,0.725,31029500,0.724,25750700,0.729,51292500,0.730,81604700,0.731,54155000,0.732,53869300,0.733,23430600,0,0,0
sh513130,09:34:56,1766972100250,09:35:58,1766972100159,0.729,0.7292,-0.0274,5586.17,0.9012,5.2939,0,0,0.729,0.99,0.728,49742200,0.727,47493300,0.726,47359600,0.725,31029500,0.724,25750700,0.729,51292500,0.730,81604700,0.731,54155000,0.732,53869300,0.733,23430600,91,0,0
sh513130,09:34:59,1766972101251,09:36:00,1766972101167,0.729,0.7292,-0.0274,5588.07,0.9012,4.0019,42947100,31307925,0.729,1.001,0.728,51947200,0.727,47589100,0.726,47465000,0.725,31975500,0.724,25753700,0.729,4210600,0.730,76178000,0.731,52955900,0.732,54352300,0.733,33414300,83,0,0
sh513130,09:34:56,1766972102245,09:36:00,1766972101278,0.729,0.7292,-0.0274,5588.07,0.9012,5.1211,0,0,0.729,0.994,0.728,49742200,0.727,47493300,0.726,47359600,0.725,31029500,0.724,25750700,0.729,51292500,0.730,81604700,0.731,54155000,0.732,53869300,0.733,23430600,967,0,1
sh513130,09:34:59,1766972103245,09:36:02,1766972103231,0.729,0.7292,-0.0274,5587.64,0.9012,5.0372,42947100,31307925,0.729,1.0,0.728,51947200,0.727,47589100,0.726,47465000,0.725,31975500,0.724,25753700,0.729,4210600,0.730,76178000,0.731,52955900,0.732,54352300,0.733,33414300,14,0,0
sh513130,09:34:59,1766972104244,09:36:02,1766972103263,0.729,0.7292,-0.0274,5587.64,0.9012,5.8956,0,0,0.729,0.999,0.728,51947200,0.727,47589100,0.726,47465000,0.725,31975500,0.724,25753700,0.729,4210600,0.730,76178000,0.731,52955900,0.732,54352300,0.733,33414300,981,0,0
sh513130,09:35:02,1766972105227,09:36:04,1766972105211,0.729,0.7299,-0.1233,5588.35,0.9012,4.5887,5929900,4322893,0.729,0.983,0.729,38818600,0.728,54803000,0.727,41089500,0.726,25401400,0.725,31993000,0.730,80591700,0.731,55404600,0.732,54418100,0.733,33620500,0.734,16362800,15,0,0
sh513130,09:35:02,1766972106220,09:36:04,1766972105211,0.729,0.7299,-0.1233,5588.35,0.9012,4.6049,0,0,0.729,0.993,0.729,38818600,0.728,54803000,0.727,41089500,0.726,25401400,0.725,31993000,0.730,80591700,0.731,55404600,0.732,54418100,0.733,33620500,0.734,16362800,1008,0,0
sh513130,09:35:02,1766972107207,09:36:06,1766972107176,0.729,0.7299,-0.1233,5589.05,0.9012,4.526,0,0,0.729,0.987,0.729,38818600,0.728,54803000,0.727,41089500,0.726,25401400,0.725,31993000,0.730,80591700,0.731,55404600,0.732,54418100,0.733,33620500,0.734,16362800,31,0,0
sh513130,09:35:05,1766972108204,09:36:06,1766972107269,0.729,0.7299,-0.1233,5589.05,0.9012,3.584,1440000,1050761,0.7297,0.997,0.729,51390900,0.728,56009600,0.727,42213000,0.726,16946200,0.725,32174100,0.730,79952200,0.731,55464200,0.732,55414400,0.733,33520500,0.734,16362900,935,0,0
sh513130,09:35:05,1766972109203,09:36:08,1766972109171,0.729,0.7299,-0.1233,5589.46,0.9012,5.0036,0,0,0.729,0.999,0.729,51390900,0.728,56009600,0.727,42213000,0.726,16946200,0.725,32174100,0.730,79952200,0.731,55464200,0.732,55414400,0.733,33520500,0.734,16362900,32,0,0
sh513130,09:35:05,1766972110200,09:36:08,1766972109292,0.729,0.7299,-0.1233,5589.46,0.9012,4.9207,0,0,0.729,0.997,0.729,51390900,0.728,56009600,0.727,42213000,0.726,16946200,0.725,32174100,0.730,79952200,0.731,55464200,0.732,55414400,0.733,33520500,0.734,16362900,907,0,0
sh513130,09:35:05,1766972111186,09:36:10,1766972111139,0.729,0.7299,-0.1233,5590.15,0.9012,4.9207,0,0,0.729,0.986,0.729,51390900,0.728,56009600,0.727,42213000,0.726,16946200,0.725,32174100,0.730,79952200,0.731,55464200,0.732,55414400,0.733,33520500,0.734,16362900,47,0,0
sh513130,09:35:08,1766972112178,09:36:10,1766972111194,0.73,0.7299,0.0137,5590.15,0.9012,4.0328,1388000,1012883,0.7297,0.992,0.729,52914200,0.728,55932400,0.727,41180300,0.726,17136200,0.725,32174100,0.730,78553700,0.731,55628600,0.732,55448100,0.733,33620500,0.734,16362900,984,0,0
sh513130,09:35:11,1766972113164,09:36:10,1766972113082,0.73,0.7299,0.0137,5590.15,0.9012,5.5035,2998700,2187145,0.7294,0.986,0.729,47021900,0.728,56655400,0.727,41125000,0.726,19735900,0.725,32174100,0.730,78715700,0.731,55766700,0.732,55450100,0.733,33622500,0.734,16408000,81,0,0
sh513130,09:35:11,1766972114164,09:36:12,1766972113240,0.73,0.7299,0.0137,5590.24,0.9012,5.1108,0,0,0.73,1.0,0.729,47021900,0.728,56655400,0.727,41125000,0.726,19735900,0.725,32174100,0.730,78715700,0.731,55766700,0.732,55450100,0.733,33622500,0.734,16408000,924,0,0
sh513130,09:35:11,1766972115146,09:36:12,1766972113240,0.73,0.7299,0.0137,5590.24,0.9012,5.0608,0,0,0.73,0.982,0.729,47021900,0.728,56655400,0.727,41125000,0.726,19735900,0.725,32174100,0.730,78715700,0.731,55766700,0.732,55450100,0.733,33622500,0.734,16408000,1905,0,0
sh513130,09:35:11,1766972116146,09:36:14,1766972115231,0.73,0.7299,0.0137,5589.02,0.9012,3.1959,0,0,0.73,1.001,0.729,47021900,0.728,56655400,0.727,41125000,0.726,19735900,0.725,32174100,0.730,78715700,0.731,55766700,0.732,55450100,0.733,33622500,0.734,16408000,914,0,0
sh513130,09:35:11,1766972117156,09:36:14,1766972115231,0.73,0.7299,0.0137,5589.02,0.9012,0.1739,0,0,0.73,1.01,0.729,47021900,0.728,56655400,0.727,41125000,0.726,19735900,0.725,32174100,0.730,78715700,0.731,55766700,0.732,55450100,0.733,33622500,0.734,16408000,1924,0,0
sh513130,09:35:14,1766972118159,09:36:16,1766972117389,0.73,0.7299,0.0137,5587.71,0.9012,1.0618,1524300,1112309,0.7297,1.003,0.729,38815500,0.728,52682200,0.727,43412500,0.726,25485900,0.725,32204100,0.730,63150300,0.731,55913500,0.732,55460400,0.733,33510100,0.734,17118300,770,0,0
sh513130,09:35:14,1766972119150,09:36:16,1766972117389,0.73,0.7299,0.0137,5587.71,0.9012,0.8608,0,0,0.73,0.99,0.729,38815500,0.728,52682200,0.727,43412500,0.726,25485900,0.725,32204100,0.730,63150300,0.731,55913500,0.732,55460400,0.733,33510100,0.734,17118300,1761,0,0
sh513130,09:35:17,1766972120147,09:36:18,1766972119553,0.73,0.7299,0.0137,5588.28,0.9012,3.9186,534500,390063,0.7298,0.997,0.729,22001200,0.728,57832900,0.727,44393500,0.726,28247600,0.725,32204100,0.730,86992000,0.731,55966700,0.732,55752000,0.733,23828400,0.734,16999900,593,0,0
sh513130,09:35:17,1766972121153,09:36:18,1766972119553,0.73,0.7299,0.0137,5588.28,0.9012,3.1538,0,0,0.73,1.006,0.729,22001200,0.728,57832900,0.727,44393500,0.726,28247600,0.725,32204100,0.730,86992000,0.731,55966700,0.732,55752000,0.733,23828400,0.734,16999900,1599,0,0
sh513130,09:35:17,1766972122148,09:36:20,1766972121702,0.73,0.7299,0.0137,5587.95,0.9012,2.7586,0,0,0.73,0.995,0.729,22001200,0.728,57832900,0.727,44393500,0.726,28247600,0.725,32204100,0.730,86992000,0.731,55966700,0.732,55752000,0.733,23828400,0.734,16999900,446,0,0
sh513130,09:35:20,1766972123161,09:36:20,1766972121702,0.73,0.7299,0.0137,5587.95,0.9012,1.8576,1262600,921093,0.7295,1.013,0.729,16075600,0.728,57808500,0.727,45419300,0.726,33662200,0.725,32087400,0.730,87778800,0.731,56070500,0.732,55883700,0.733,24003900,0.734,17035900,1458,0,0
sh513130,09:35:20,1766972124167,09:36:22,1766972123847,0.73,0.7299,0.0137,5587.79,0.9012,1.8213,0,0,0.73,1.006,0.729,16075600,0.728,57808500,0.727,45419300,0.726,33662200,0.725,32087400,0.730,87778800,0.731,56070500,0.732,55883700,0.733,24003900,0.734,17035900,319,0,0
sh513130,09:35:20,1766972125161,09:36:24,1766972125153,0.73,0.7299,0.0137,5586.98,0.9012,1.4606,0,0,0.73,0.994,0.729,16075600,0.728,57808500,0.727,45419300,0.726,33662200,0.725,32087400,0.730,87778800,0.731,56070500,0.732,55883700,0.733,24003900,0.734,17035900,8,0,0
sh513130,09:35:20,1766972126172,09:36:24,1766972125999,0.73,0.7299,0.0137,5586.98,0.9012,1.7274,0,0,0.73,1.011,0.729,16075600,0.728,57808500,0.727,45419300,0.726,33662200,0.725,32087400,0.730,87778800,0.731,56070500,0.732,55883700,0.733,24003900,0.734,17035900,172,0,0
sh513130,09:35:23,1766972127175,09:36:24,1766972125999,0.73,0.7299,0.0137,5586.98,0.9012,1.5193,3035200,2215316,0.7299,1.003,0.729,18251000,0.728,58054900,0.727,45408800,0.726,33644700,0.725,32037000,0.730,81051000,0.731,56137800,0.732,55898000,0.733,30807200,0.734,16988900,1175,0,0
sh513130,09:35:23,1766972128185,09:36:26,1766972128170,0.73,0.7299,0.0137,5587.23,0.9012,1.3213,0,0,0.73,1.01,0.729,18251000,0.728,58054900,0.727,45408800,0.726,33644700,0.725,32037000,0.730,81051000,0.731,56137800,0.732,55898000,0.733,30807200,0.734,16988900,13,0,0
sh513130,09:35:26,1766972129162,09:36:28,1766972129149,0.729,0.7299,-0.1233,5586.41,0.9012,1.4448,3892300,2839570,0.7295,0.976,0.729,25268000,0.728,58055900,0.727,45213000,0.726,33646700,0.725,32037000,0.730,76656000,0.731,56180700,0.732,55978300,0.733,35000200,0.734,17008900,13,0,0
sh513130,09:35:26,1766972130169,09:36:28,1766972129192,0.729,0.7299,-0.1233,5586.41,0.9012,1.8925,0,0,0.729,1.008,0.729,25268000,0.728,58055900,0.727,45213000,0.726,33646700,0.725,32037000,0.730,76656000,0.731,56180700,0.732,55978300,0.733,35000200,0.734,17008900,977,0,0
sh513130,09:35:26,1766972131174,09:36:28,1766972130329,0.729,0.7299,-0.1233,5586.41,0.9012,3.7904,0,0,0.729,1.005,0.729,25268000,0.728,58055900,0.727,45213000,0.726,33646700,0.725,32037000,0.730,76656000,0.731,56180700,0.732,55978300,0.733,35000200,0.734,17008900,845,0,0
sh513130,09:35:29,1766972132190,09:36:30,1766972131454,0.729,0.7299,-0.1233,5585.62,0.9012,2.9416,13892200,10127882,0.729,1.016,0.728,59247300,0.727,47091000,0.726,35489100,0.725,33987000,0.724,23487000,0.729,32825700,0.730,85740900,0.731,56280200,0.732,57501800,0.733,25281800,736,0,0
sh513130,09:35:29,1766972133201,09:36:32,1766972133155,0.729,0.7299,-0.1233,5587.21,0.9012,6.8317,0,0,0.729,1.011,0.728,59247300,0.727,47091000,0.726,35489100,0.725,33987000,0.724,23487000,0.729,32825700,0.730,85740900,0.731,56280200,0.732,57501800,0.733,25281800,46,0,0
sh513130,09:35:29,1766972134196,09:36:32,1766972133256,0.729,0.7299,-0.1233,5587.21,0.9012,6.8305,0,0,0.729,0.995,0.728,59247300,0.727,47091000,0.726,35489100,0.725,33987000,0.724,23487000,0.729,32825700,0.730,85740900,0.731,56280200,0.732,57501800,0.733,25281800,939,0,0
sh513130,09:35:32,1766972135205,09:36:34,1766972135158,0.729,0.7299,-0.1233,5586.84,0.9012,7.9842,10316800,7520925,0.729,1.009,0.728,59440300,0.727,47110500,0.726,35581600,0.725,33989000,0.724,23497000,0.729,23373300,0.730,85277400,0.731,56355200,0.732,57201200,0.733,25378300,47,0,0
sh513130,09:35:32,1766972136199,09:36:34,1766972135246,0.729,0.7299,-0.1233,5586.84,0.9012,7.0163,0,0,0.729,0.994,0.728,59440300,0.727,47110500,0.726,35581600,0.725,33989000,0.724,23497000,0.729,23373300,0.730,85277400,0.731,56355200,0.732,57201200,0.733,25378300,953,0,0
sh513130,09:35:35,1766972137196,09:36:36,1766972137149,0.728,0.7299,-0.2603,5587.02,0.9012,5.6991,1425300,1039019,0.729,0.997,0.728,59418600,0.727,47121600,0.726,35581600,0.725,33989000,0.724,23477000,0.729,16080900,0.730,85480300,0.731,56626200,0.732,56346100,0.733,24893900,46,0,0
sh513130,09:35:35,1766972138205,09:36:36,1766972137203,0.728,0.7299,-0.2603,5587.02,0.9012,5.6111,0,0,0.728,1.009,0.728,59418600,0.727,47121600,0.726,35581600,0.725,33989000,0.724,23477000,0.729,16080900,0.730,85480300,0.731,56626200,0.732,56346100,0.733,24893900,1001,0,0
sh513130,09:35:35,1766972139206,09:36:38,1766972139140,0.728,0.7299,-0.2603,5586.21,0.9012,5.1463,0,0,0.728,1.001,0.728,59418600,0.727,47121600,0.726,35581600,0.725,33989000,0.724,23477000,0.729,16080900,0.730,85480300,0.731,56626200,0.732,56346100,0.733,24893900,65,0,0
sh513130,09:35:35,1766972140215,09:36:38,1766972139229,0.728,0.7299,-0.2603,5586.21,0.9012,4.5112,0,0,0.728,1.009,0.728,59418600,0.727,47121600,0.726,35581600,0.725,33989000,0.724,23477000,0.729,16080900,0.730,85480300,0.731,56626200,0.732,56346100,0.733,24893900,986,0,0
sh513130,09:35:38,1766972141223,09:36:40,1766972141175,0.729,0.7299,-0.1233,5584.79,0.9012,4.4334,1810500,1319662,0.7289,1.008,0.728,59569900,0.727,47204500,0.726,35582300,0.725,34094000,0.724,23497600,0.729,17375200,0.730,88548800,0.731,56865900,0.732,54319600,0.733,24994500,48,0,0
sh513130,09:35:38,1766972142234,09:36:40,1766972141232,0.729,0.7299,-0.1233,5584.79,0.9012,5.0099,0,0,0.729,1.011,0.728,59569900,0.727,47204500,0.726,35582300,0.725,34094000,0.724,23497600,0.729,17375200,0.730,88548800,0.731,56865900,0.732,54319600,0.733,24994500,1002,0,0
sh513130,09:35:38,1766972143236,09:36:42,1766972143232,0.729,0.7299,-0.1233,5584.17,0.9012,4.4354,0,0,0.729,1.002,0.728,59569900,0.727,47204500,0.726,35582300,0.725,34094000,0.724,23497600,0.729,17375200,0.730,88548800,0.731,56865900,0.732,54319600,0.733,24994500,3,0,0
sh513130,09:35:41,1766972144232,09:36:42,1766972143241,0.729,0.7299,-0.1233,5584.17,0.9012,3.173,1488700,1085199,0.729,0.996,0.728,59703700,0.727,47194900,0.726,36572300,0.725,34629600,0.724,23497600,0.729,18463000,0.730,91200700,0.731,57020900,0.732,54598600,0.733,25051700,991,0,0
sh513130,09:35:41,1766972145227,09:36:44,1766972145181,0.729,0.7299,-0.1233,5584.85,0.9012,2.6441,0,0,0.729,0.995,0.728,59703700,0.727,47194900,0.726,36572300,0.725,34629600,0.724,23497600,0.729,18463000,0.730,91200700,0.731,57020900,0.732,54598600,0.733,25051700,46,0,0
sh513130,09:35:41,1766972146234,09:36:44,1766972145393,0.729,0.7299,-0.1233,5584.85,0.9012,0.8588,0,0,0.729,1.007,0.728,59703700,0.727,47194900,0.726,36572300,0.725,34629600,0.724,23497600,0.729,18463000,0.730,91200700,0.731,57020900,0.732,54598600,0.733,25051700,841,0,0
sh513130,09:35:44,1766972147229,09:36:46,1766972147227,0.729,0.7299,-0.1233,5585.13,0.9012,1.7327,1064900,775986,0.7287,0.995,0.728,57770000,0.727,47243600,0.726,37631800,0.725,34636600,0.724,23996200,0.729,20013200,0.730,91706400,0.731,57073200,0.732,55675000,0.733,25186500,2,0,0
sh513130,09:35:44,1766972148234,09:36:46,1766972147546,0.729,0.7299,-0.1233,5585.13,0.9012,1.6987,0,0,0.729,1.005,0.728,57770000,0.727,47243600,0.726,37631800,0.725,34636600,0.724,23996200,0.729,20013200,0.730,91706400,0.731,57073200,0.732,55675000,0.733,25186500,688,0,0
sh513130,09:35:44,1766972149231,09:36:48,1766972149151,0.729,0.7299,-0.1233,5584.77,0.9012,2.8481,0,0,0.729,0.996,0.728,57770000,0.727,47243600,0.726,37631800,0.725,34636600,0.724,23996200,0.729,20013200,0.730,91706400,0.731,57073200,0.732,55675000,0.733,25186500,79,0,0
sh513130,09:35:47,1766972150227,09:36:48,1766972149701,0.728,0.7299,-0.2603,5584.77,0.9012,2.5254,593800,432848,0.7289,0.997,0.728,59205400,0.727,47350700,0.726,36646800,0.725,34636600,0.724,24003900,0.729,20503300,0.730,92010100,0.731,57257500,0.732,55766200,0.733,24238500,526,0,0
sh513130,09:35:47,1766972151228,09:36:50,1766972151165,0.728,0.7299,-0.2603,5585.58,0.9012,2.7456,0,0,0.728,1.001,0.728,59205400,0.727,47350700,0.726,36646800,0.725,34636600,0.724,24003900,0.729,20503300,0.730,92010100,0.731,57257500,0.732,55766200,0.733,24238500,63,0,0
sh513130,09:35:50,1766972152225,09:36:50,1766972151853,0.729,0.7299,-0.1233,5585.58,0.9012,2.6934,2095400,1527035,0.7288,0.997,0.728,59158100,0.727,47277700,0.726,36814300,0.725,34636600,0.724,24004000,0.729,23281200,0.730,92227700,0.731,57245000,0.732,55884100,0.733,24270800,372,0,0
sh513130,09:35:47,1766972153234,09:36:52,1766972153171,0.728,0.7299,-0.2603,5585.3,0.9012,2.6889,0,0,0.728,1.009,0.728,59205400,0.727,47350700,0.726,36646800,0.725,34636600,0.724,24003900,0.729,20503300,0.730,92010100,0.731,57257500,0.732,55766200,0.733,24238500,62,0,1
sh513130,09:35:50,1766972154231,09:36:52,1766972154089,0.729,0.7299,-0.1233,5585.3,0.9012,2.2683,2095400,1527035,0.7288,0.997,0.728,59158100,0.727,47277700,0.726,36814300,0.725,34636600,0.724,24004000,0.729,23281200,0.730,92227700,0.731,57245000,0.732,55884100,0.733,24270800,141,0,0
sh513130,09:35:53,1766972155224,09:36:54,1766972155159,0.728,0.7299,-0.2603,5583.01,0.9012,2.8505,1594000,1161636,0.7288,0.993,0.728,58785600,0.727,46297000,0.726,37216500,0.725,34444800,0.724,24004000,0.729,35331700,0.730,94122400,0.731,57220000,0.732,47140400,0.733,24309800,63,0,0
sh513130,09:35:53,1766972156234,09:36:54,1766972156157,0.728,0.7299,-0.2603,5583.01,0.9012,2.9111,0,0,0.728,1.01,0.728,58785600,0.727,46297000,0.726,37216500,0.725,34444800,0.724,24004000,0.729,35331700,0.730,94122400,0.731,57220000,0.732,47140400,0.733,24309800,76,0,0
sh513130,09:35:53,1766972157233,09:36:56,1766972157171,0.728,0.7299,-0.2603,5583.31,0.9012,2.0934,0,0,0.728,0.999,0.728,58785600,0.727,46297000,0.726,37216500,0.725,34444800,0.724,24004000,0.729,35331700,0.730,94122400,0.731,57220000,0.732,47140400,0.733,24309800,61,0,0
sh513130,09:35:53,1766972158233,09:36:56,1766972157238,0.728,0.7299,-0.2603,5583.31,0.9012,2.5716,0,0,0.728,1.0,0.728,58785600,0.727,46297000,0.726,37216500,0.725,34444800,0.724,24004000,0.729,35331700,0.730,94122400,0.731,57220000,0.732,47140400,0.733,24309800,994,0,0
sh513130,09:35:56,1766972159234,09:36:58,1766972159172,0.728,0.7299,-0.2603,5584.8,0.9012,2.949,6233900,4543581,0.7289,1.001,0.728,59793800,0.727,47167000,0.726,38167400,0.725,34483300,0.724,24086000,0.729,37620500,0.730,95870600,0.731,57244900,0.732,41957500,0.733,24364800,62,0,0
sh513130,09:35:56,1766972160229,09:36:58,1766972159271,0.728,0.7299,-0.2603,5584.8,0.9012,2.7046,0,0,0.728,0.994,0.728,59793800,0.727,47167000,0.726,38167400,0.725,34483300,0.724,24086000,0.729,37620500,0.730,95870600,0.731,57244900,0.732,41957500,0.733,24364800,957,0,0
sh513130,09:35:59,1766972161233,09:37:00,1766972161163,0.729,0.7293,-0.0411,5583.72,0.9012,2.6531,205400,149631,0.7285,1.004,0.728,57968300,0.727,47188000,0.726,38179400,0.725,34494300,0.724,23807000,0.729,40983600,0.730,95449800,0.731,57197000,0.732,43078000,0.733,24505000,69,0,0
sh513130,09:35:59,1766972162230,09:37:00,1766972161240,0.729,0.7293,-0.0411,5583.72,0.9012,2.2273,0,0,0.729,0.998,0.728,57968300,0.727,47188000,0.726,38179400,0.725,34494300,0.724,23807000,0.729,40983600,0.730,95449800,0.731,57197000,0.732,43078000,0.733,24505000,990,0,0
sh513130,09:35:59,1766972163236,09:37:02,1766972163159,0.729,0.7293,-0.0411,5586.08,0.9012,3.3992,0,0,0.729,1.006,0.728,57968300,0.727,47188000,0.726,38179400,0.725,34494300,0.724,23807000,0.729,40983600,0.730,95449800,0.731,57197000,0.732,43078000,0.733,24505000,77,0,0
sh513130,09:35:59,1766972164229,09:37:02,1766972163262,0.729,0.7293,-0.0411,5586.08,0.9012,3.3831,0,0,0.729,0.993,0.728,57968300,0.727,47188000,0.726,38179400,0.725,34494300,0.724,23807000,0.729,40983600,0.730,95449800,0.731,57197000,0.732,43078000,0.733,24505000,967,0,0
sh513130,09:36:02,1766972165234,09:37:04,1766972165168,0.728,0.7293,-0.1783,5584.84,0.9012,2.2429,2770900,2019533,0.7288,1.005,0.728,60860100,0.727,47281000,0.726,38197700,0.725,34498500,0.724,23707000,0.729,25922600,0.730,94792600,0.731,57395900,0.732,58197300,0.733,27578500,65,0,0
sh513130,09:36:02,1766972166240,09:37:04,1766972165268,0.728,0.7293,-0.1783,5584.84,0.9012,2.0182,0,0,0.728,1.006,0.728,60860100,0.727,47281000,0.726,38197700,0.725,34498500,0.724,23707000,0.729,25922600,0.730,94792600,0.731,57395900,0.732,58197300,0.733,27578500,971,0,0
sh513130,09:36:05,1766972167252,09:37:06,1766972167173,0.728,0.7293,-0.1783,5583.72,0.9012,1.2825,2119400,1543622,0.7283,1.012,0.728,65572900,0.727,47322400,0.726,38307700,0.725,34598500,0.724,23807000,0.729,36308400,0.730,93758800,0.731,57899900,0.732,58208700,0.733,25279500,78,0,0
