symbol,tx_server_time,tx_local_time,bd_server_time,bd_local_time,price,iopv,premium_rate,index_price,fx_rate,sentiment,tick_vol,tick_amt,tick_vwap,interval_s,bp1,bv1,bp2,bv2,bp3,bv3,bp4,bv4,bp5,bv5,sp1,sv1,sp2,sv2,sp3,sv3,sp4,sv4,sp5,sv5,idx_delay_ms,fut_delay_ms,data_flags
sh513130,09:30:05,1767058208226,09:31:06,1767058207751,0.718,0.717,0.1395,5506.56,0.9008,2.4165,0,0,0.718,0.0,0.717,5643000,0.716,15129800,0.715,23271000,0.714,26292100,0.713,26921400,0.718,19555800,0.719,24429200,0.720,28983200,0.721,20098600,0.722,20244500,475,0,1
sh513130,09:30:05,1767058209211,09:31:06,1767058207751,0.718,0.717,0.1395,5506.56,0.9008,2.4159,0,0,0.718,0.984,0.717,5643000,0.716,15129800,0.715,23271000,0.714,26292100,0.713,26921400,0.718,19555800,0.719,24429200,0.720,28983200,0.721,20098600,0.722,20244500,1459,0,0
sh513130,09:30:05,1767058210220,09:31:08,1767058209809,0.718,0.717,0.1395,5508.11,0.9008,2.3694,0,0,0.718,1.009,0.717,5643000,0.716,15129800,0.715,23271000,0.714,26292100,0.713,26921400,0.718,19555800,0.719,24429200,0.720,28983200,0.721,20098600,0.722,20244500,410,0,0
sh513130,09:30:08,1767058211222,09:31:08,1767058209809,0.718,0.717,0.1395,5508.11,0.9008,2.3238,1140000,817608,0.7172,1.003,0.717,6349600,0.716,17770900,0.715,25776900,0.714,28278400,0.713,26957100,0.718,23497100,0.719,26845900,0.720,30580600,0.721,20112500,0.722,21344700,1413,0,0
sh513130,09:30:08,1767058212223,09:31:10,1767058211860,0.718,0.717,0.1395,5507.22,0.9008,5.9668,0,0,0.718,1.001,0.717,6349600,0.716,17770900,0.715,25776900,0.714,28278400,0.713,26957100,0.718,23497100,0.719,26845900,0.720,30580600,0.721,20112500,0.722,21344700,363,0,0
sh513130,09:30:08,1767058213229,09:31:10,1767058211860,0.718,0.717,0.1395,5507.22,0.9008,4.5813,0,0,0.718,1.005,0.717,6349600,0.716,17770900,0.715,25776900,0.714,28278400,0.713,26957100,0.718,23497100,0.719,26845900,0.720,30580600,0.721,20112500,0.722,21344700,1368,0,0
sh513130,09:30:11,1767058214232,09:31:12,1767058214021,0.718,0.717,0.1395,5507.98,0.9008,3.1916,2535900,1818579,0.7171,1.003,0.717,5604200,0.716,24330300,0.715,27893600,0.714,28282500,0.713,20950700,0.718,20674200,0.719,26845500,0.720,30635200,0.721,19398000,0.722,21532900,210,0,0
sh513130,09:30:11,1767058215239,09:31:12,1767058214021,0.718,0.717,0.1395,5507.98,0.9008,3.132,0,0,0.718,1.007,0.717,5604200,0.716,24330300,0.715,27893600,0.714,28282500,0.713,20950700,0.718,20674200,0.719,26845500,0.720,30635200,0.721,19398000,0.722,21532900,1217,0,0
sh513130,09:30:11,1767058216251,09:31:14,1767058216189,0.718,0.717,0.1395,5509.44,0.9008,3.132,0,0,0.718,1.012,0.717,5604200,0.716,24330300,0.715,27893600,0.714,28282500,0.713,20950700,0.718,20674200,0.719,26845500,0.720,30635200,0.721,19398000,0.722,21532900,61,0,0
sh513130,09:30:14,1767058217238,09:31:14,1767058216189,0.717,0.717,0.0,5509.44,0.9008,7.0781,1490100,1068895,0.7173,0.987,0.717,6098000,0.716,26070000,0.715,29775100,0.714,28344700,0.713,20125500,0.718,19372100,0.719,25959700,0.720,31105600,0.721,20979100,0.722,21733500,1048,0,0
sh513130,09:30:14,1767058218246,09:31:16,1767058217805,0.717,0.717,0.0,5510.55,0.9008,6.4585,0,0,0.717,1.008,0.717,6098000,0.716,26070000,0.715,29775100,0.714,28344700,0.713,20125500,0.718,19372100,0.719,25959700,0.720,31105600,0.721,20979100,0.722,21733500,441,0,0
sh513130,09:30:17,1767058219246,09:31:16,1767058218355,0.717,0.717,0.0,5510.55,0.9008,6.3861,361500,259228,0.7171,0.999,0.717,7338000,0.716,27026500,0.715,31977500,0.714,28642300,0.713,20216200,0.718,19779600,0.719,24062800,0.720,30217800,0.721,23126600,0.722,20833500,891,0,0
sh513130,09:30:17,1767058220244,09:31:18,1767058219785,0.717,0.717,0.0,5515.21,0.9008,6.3736,0,0,0.717,0.998,0.717,7338000,0.716,27026500,0.715,31977500,0.714,28642300,0.713,20216200,0.718,19779600,0.719,24062800,0.720,30217800,0.721,23126600,0.722,20833500,458,0,0
sh513130,09:30:17,1767058221241,09:31:18,1767058220518,0.717,0.717,0.0,5515.21,0.9008,8.1142,0,0,0.717,0.997,0.717,7338000,0.716,27026500,0.715,31977500,0.714,28642300,0.713,20216200,0.718,19779600,0.719,24062800,0.720,30217800,0.721,23126600,0.722,20833500,723,0,0
sh513130,09:30:20,1767058222246,09:31:20,1767058221788,0.718,0.7183,-0.0418,5515.78,0.9008,6.966,338300,242713,0.7174,1.005,0.717,9639900,0.716,27242000,0.715,32435000,0.714,29165600,0.713,20439200,0.718,20339000,0.719,24177500,0.720,30901600,0.721,23278100,0.722,20837100,458,0,0
sh513130,09:30:20,1767058223246,09:31:20,1767058222670,0.718,0.7183,-0.0418,5515.78,0.9008,5.6506,0,0,0.718,1.0,0.717,9639900,0.716,27242000,0.715,32435000,0.714,29165600,0.713,20439200,0.718,20339000,0.719,24177500,0.720,30901600,0.721,23278100,0.722,20837100,576,0,0
sh513130,09:30:20,1767058224252,09:31:22,1767058223790,0.718,0.7183,-0.0418,5519.31,0.9008,5.279,0,0,0.718,1.006,0.717,9639900,0.716,27242000,0.715,32435000,0.714,29165600,0.713,20439200,0.718,20339000,0.719,24177500,0.720,30901600,0.721,23278100,0.722,20837100,462,0,0
sh513130,09:30:20,1767058225240,09:31:22,1767058224830,0.718,0.7183,-0.0418,5519.31,0.9008,6.1412,0,0,0.718,0.988,0.717,9639900,0.716,27242000,0.715,32435000,0.714,29165600,0.713,20439200,0.718,20339000,0.719,24177500,0.720,30901600,0.721,23278100,0.722,20837100,409,0,0
sh513130,09:30:23,1767058226242,09:31:24,1767058225781,0.718,0.7183,-0.0418,5519.74,0.9008,5.2227,1509000,1082689,0.7175,1.002,0.717,16253800,0.716,29624900,0.715,35010600,0.714,27613500,0.713,20715500,0.718,19144200,0.719,23374000,0.720,33041800,0.721,27429800,0.722,21849100,461,0,0
sh513130,09:30:23,1767058227246,09:31:24,1767058226997,0.718,0.7183,-0.0418,5519.74,0.9008,4.4103,0,0,0.718,1.003,0.717,16253800,0.716,29624900,0.715,35010600,0.714,27613500,0.713,20715500,0.718,19144200,0.719,23374000,0.720,33041800,0.721,27429800,0.722,21849100,248,0,0
sh513130,09:30:26,1767058228243,09:31:26,1767058227820,0.718,0.7183,-0.0418,5516.39,0.9008,4.3337,3597800,2580736,0.7173,0.998,0.717,23786200,0.716,30404500,0.715,35447800,0.714,21367500,0.713,21111600,0.718,16280200,0.719,20442500,0.720,33114000,0.721,26455000,0.722,23958100,423,0,0
sh513130,09:30:26,1767058229248,09:31:26,1767058229156,0.718,0.7183,-0.0418,5516.39,0.9008,5.3039,0,0,0.718,1.005,0.717,23786200,0.716,30404500,0.715,35447800,0.714,21367500,0.713,21111600,0.718,16280200,0.719,20442500,0.720,33114000,0.721,26455000,0.722,23958100,91,0,0
sh513130,09:30:26,1767058230240,09:31:28,1767058229832,0.718,0.7183,-0.0418,5516.29,0.9008,5.2185,0,0,0.718,0.991,0.717,23786200,0.716,30404500,0.715,35447800,0.714,21367500,0.713,21111600,0.718,16280200,0.719,20442500,0.720,33114000,0.721,26455000,0.722,23958100,407,0,0
sh513130,09:30:26,1767058231247,09:31:28,1767058229832,0.718,0.7183,-0.0418,5516.29,0.9008,3.6174,0,0,0.718,1.007,0.717,23786200,0.716,30404500,0.715,35447800,0.714,21367500,0.713,21111600,0.718,16280200,0.719,20442500,0.720,33114000,0.721,26455000,0.722,23958100,1414,0,0
sh513130,09:30:29,1767058232244,09:31:30,1767058231779,0.719,0.7183,0.0975,5517.43,0.9008,3.5514,18819800,13511891,0.718,0.997,0.718,1304100,0.717,32042900,0.716,32184600,0.715,35913500,0.714,20528400,0.719,20642800,0.720,33605200,0.721,25974100,0.722,25485900,0.723,18502200,463,0,0
sh513130,09:30:29,1767058233246,09:31:30,1767058231779,0.719,0.7183,0.0975,5517.43,0.9008,4.3859,0,0,0.719,1.002,0.718,1304100,0.717,32042900,0.716,32184600,0.715,35913500,0.714,20528400,0.719,20642800,0.720,33605200,0.721,25974100,0.722,25485900,0.723,18502200,1466,0,0
sh513130,09:30:29,1767058234240,09:31:32,1767058233739,0.719,0.7183,0.0975,5517.18,0.9008,4.3096,0,0,0.719,0.993,0.718,1304100,0.717,32042900,0.716,32184600,0.715,35913500,0.714,20528400,0.719,20642800,0.720,33605200,0.721,25974100,0.722,25485900,0.723,18502200,500,0,0
sh513130,09:30:32,1767058235251,09:31:32,1767058233739,0.718,0.7183,-0.0418,5517.18,0.9008,4.0584,2705700,1942721,0.718,1.011,0.718,7659500,0.717,28117000,0.716,34820500,0.715,36168100,0.714,21911800,0.719,23200500,0.720,34514400,0.721,26924100,0.722,26498600,0.723,19502200,1511,0,0
sh513130,09:30:32,1767058236245,09:31:34,1767058235785,0.718,0.7183,-0.0418,5516.31,0.9008,3.9301,0,0,0.718,0.994,0.718,7659500,0.717,28117000,0.716,34820500,0.715,36168100,0.714,21911800,0.719,23200500,0.720,34514400,0.721,26924100,0.722,26498600,0.723,19502200,459,0,0
sh513130,09:30:32,1767058237241,09:31:34,1767058235785,0.718,0.7183,-0.0418,5516.31,0.9008,3.6154,0,0,0.718,0.997,0.718,7659500,0.717,28117000,0.716,34820500,0.715,36168100,0.714,21911800,0.719,23200500,0.720,34514400,0.721,26924100,0.722,26498600,0.723,19502200,1456,0,0
sh513130,09:30:35,1767058238244,09:31:36,1767058237821,0.718,0.7183,-0.0418,5514.69,0.9008,3.1619,785200,563830,0.7181,1.003,0.718,21684600,0.717,32310200,0.716,34964000,0.715,34810800,0.714,19610000,0.719,19215700,0.720,33552400,0.721,26926100,0.722,26513100,0.723,18704800,423,0,0
sh513130,09:30:35,1767058239247,09:31:36,1767058237821,0.718,0.7183,-0.0418,5514.69,0.9008,3.1983,0,0,0.718,1.002,0.718,21684600,0.717,32310200,0.716,34964000,0.715,34810800,0.714,19610000,0.719,19215700,0.720,33552400,0.721,26926100,0.722,26513100,0.723,18704800,1425,0,0
sh513130,09:30:35,1767058240249,09:31:38,1767058239976,0.718,0.7183,-0.0418,5516.2,0.9008,2.9096,0,0,0.718,1.002,0.718,21684600,0.717,32310200,0.716,34964000,0.715,34810800,0.714,19610000,0.719,19215700,0.720,33552400,0.721,26926100,0.722,26513100,0.723,18704800,272,0,0
sh513130,09:30:38,1767058241253,09:31:38,1767058239976,0.718,0.7183,-0.0418,5516.2,0.9008,2.3222,634100,455398,0.7182,1.004,0.718,40995900,0.717,33679100,0.716,35183000,0.715,35235000,0.714,19615000,0.719,21457200,0.720,35799100,0.721,26907800,0.722,26633100,0.723,19709800,1276,0,0
sh513130,09:30:38,1767058242248,09:31:40,1767058242154,0.718,0.7183,-0.0418,5516.16,0.9008,2.1454,0,0,0.718,0.994,0.718,40995900,0.717,33679100,0.716,35183000,0.715,35235000,0.714,19615000,0.719,21457200,0.720,35799100,0.721,26907800,0.722,26633100,0.723,19709800,93,0,0
sh513130,09:30:38,1767058243248,09:31:40,1767058242154,0.718,0.7183,-0.0418,5516.16,0.9008,1.9198,0,0,0.718,1.001,0.718,40995900,0.717,33679100,0.716,35183000,0.715,35235000,0.714,19615000,0.719,21457200,0.720,35799100,0.721,26907800,0.722,26633100,0.723,19709800,1094,0,0
sh513130,09:30:38,1767058244243,09:31:42,1767058243747,0.718,0.7183,-0.0418,5516.51,0.9008,1.9201,0,0,0.718,0.995,0.718,40995900,0.717,33679100,0.716,35183000,0.715,35235000,0.714,19615000,0.719,21457200,0.720,35799100,0.721,26907800,0.722,26633100,0.723,19709800,495,0,0
sh513130,09:30:41,1767058245241,09:31:42,1767058244332,0.719,0.719,0.0,5516.51,0.9008,2.8931,4494600,3231263,0.7189,0.997,0.718,33679200,0.717,32791100,0.716,35566900,0.715,35255400,0.714,19615000,0.719,18380200,0.720,36329100,0.721,26912800,0.722,26643100,0.723,19709800,908,0,0
sh513130,09:30:41,1767058246252,09:31:44,1767058245793,0.719,0.719,0.0,5517.85,0.9008,2.8443,0,0,0.719,1.011,0.718,33679200,0.717,32791100,0.716,35566900,0.715,35255400,0.714,19615000,0.719,18380200,0.720,36329100,0.721,26912800,0.722,26643100,0.723,19709800,458,0,0
sh513130,09:30:41,1767058247246,09:31:44,1767058246511,0.719,0.719,0.0,5517.85,0.9008,2.8769,0,0,0.719,0.994,0.718,33679200,0.717,32791100,0.716,35566900,0.715,35255400,0.714,19615000,0.719,18380200,0.720,36329100,0.721,26912800,0.722,26643100,0.723,19709800,735,0,0
sh513130,09:30:44,1767058248248,09:31:46,1767058247996,0.718,0.719,-0.1391,5519.38,0.9008,2.0686,1630400,1171169,0.7183,1.002,0.718,34214500,0.717,33210500,0.716,35553900,0.715,35406800,0.714,19615000,0.719,15354500,0.720,37093200,0.721,26912800,0.722,26643100,0.723,19710800,250,0,0
sh513130,09:30:44,1767058249254,09:31:46,1767058248670,0.718,0.719,-0.1391,5519.38,0.9008,1.7607,0,0,0.718,1.007,0.718,34214500,0.717,33210500,0.716,35553900,0.715,35406800,0.714,19615000,0.719,15354500,0.720,37093200,0.721,26912800,0.722,26643100,0.723,19710800,584,0,0
sh513130,09:30:44,1767058250258,09:31:48,1767058249778,0.718,0.719,-0.1391,5518.69,0.9008,2.0273,0,0,0.718,1.004,0.718,34214500,0.717,33210500,0.716,35553900,0.715,35406800,0.714,19615000,0.719,15354500,0.720,37093200,0.721,26912800,0.722,26643100,0.723,19710800,480,0,0
sh513130,09:30:47,1767058251267,09:31:48,1767058250823,0.718,0.719,-0.1391,5518.69,0.9008,1.8491,139800,100510,0.719,1.009,0.718,37240900,0.717,33408300,0.716,35210900,0.715,35404900,0.714,19615000,0.719,21426200,0.720,37238600,0.721,26912800,0.722,26643100,0.723,19710800,443,0,0
sh513130,09:30:47,1767058252265,09:31:50,1767058251811,0.718,0.719,-0.1391,5518.93,0.9008,1.8972,0,0,0.718,0.998,0.718,37240900,0.717,33408300,0.716,35210900,0.715,35404900,0.714,19615000,0.719,21426200,0.720,37238600,0.721,26912800,0.722,26643100,0.723,19710800,454,0,0
sh513130,09:30:50,1767058253259,09:31:50,1767058253001,0.719,0.719,0.0,5518.93,0.9008,1.7136,2411100,1733516,0.719,0.994,0.718,43569500,0.717,33831900,0.716,33671100,0.715,33119200,0.714,19615000,0.719,18884700,0.720,37810100,0.721,26874800,0.722,26672800,0.723,19710800,258,0,0
sh513130,09:30:50,1767058254266,09:31:52,1767058253748,0.719,0.719,0.0,5518.27,0.9008,1.98,0,0,0.719,1.007,0.718,43569500,0.717,33831900,0.716,33671100,0.715,33119200,0.714,19615000,0.719,18884700,0.720,37810100,0.721,26874800,0.722,26672800,0.723,19710800,518,0,0
sh513130,09:30:50,1767058255258,09:31:52,1767058255162,0.719,0.719,0.0,5518.27,0.9008,4.2432,0,0,0.719,0.992,0.718,43569500,0.717,33831900,0.716,33671100,0.715,33119200,0.714,19615000,0.719,18884700,0.720,37810100,0.721,26874800,0.722,26672800,0.723,19710800,95,0,0
sh513130,09:30:53,1767058256268,09:31:54,1767058255750,0.719,0.719,0.0,5519.52,0.9008,4.0703,5983500,4302091,0.719,1.01,0.718,51346800,0.717,33755700,0.716,31910100,0.715,28724200,0.714,19635000,0.719,14154400,0.720,37810100,0.721,26924800,0.722,26694800,0.723,19710800,517,0,0
sh513130,09:30:53,1767058257262,09:31:54,1767058255750,0.719,0.719,0.0,5519.52,0.9008,6.3335,0,0,0.719,0.994,0.718,51346800,0.717,33755700,0.716,31910100,0.715,28724200,0.714,19635000,0.719,14154400,0.720,37810100,0.721,26924800,0.722,26694800,0.723,19710800,1511,0,0
sh513130,09:30:53,1767058258259,09:31:56,1767058257818,0.719,0.719,0.0,5522.58,0.9008,6.2202,0,0,0.719,0.997,0.718,51346800,0.717,33755700,0.716,31910100,0.715,28724200,0.714,19635000,0.719,14154400,0.720,37810100,0.721,26924800,0.722,26694800,0.723,19710800,440,0,0
sh513130,09:30:56,1767058259256,09:31:56,1767058257818,0.719,0.7183,0.0975,5522.58,0.9008,5.7713,14609900,10504508,0.719,0.997,0.719,19355400,0.718,55662900,0.717,33760300,0.716,31843100,0.715,25696500,0.720,37541400,0.721,26996300,0.722,26794800,0.723,19765800,0.724,20634100,1437,0,0
sh513130,09:30:56,1767058260263,09:31:58,1767058259809,0.719,0.7183,0.0975,5523.64,0.9008,7.4349,0,0,0.719,1.007,0.719,19355400,0.718,55662900,0.717,33760300,0.716,31843100,0.715,25696500,0.720,37541400,0.721,26996300,0.722,26794800,0.723,19765800,0.724,20634100,453,0,0
sh513130,09:30:56,1767058261263,09:31:58,1767058260523,0.719,0.7183,0.0975,5523.64,0.9008,7.348,0,0,0.719,1.0,0.719,19355400,0.718,55662900,0.717,33760300,0.716,31843100,0.715,25696500,0.720,37541400,0.721,26996300,0.722,26794800,0.723,19765800,0.724,20634100,740,0,0
sh513130,09:30:56,1767058262262,09:32:00,1767058261809,0.719,0.7183,0.0975,5525.01,0.9008,5.7897,0,0,0.719,0.999,0.719,19355400,0.718,55662900,0.717,33760300,0.716,31843100,0.715,25696500,0.720,37541400,0.721,26996300,0.722,26794800,0.723,19765800,0.724,20634100,451,0,0
sh513130,09:30:59,1767058263262,09:32:00,1767058261809,0.719,0.7197,-0.0973,5525.01,0.9008,5.697,230300,165622,0.7192,1.0,0.719,27471500,0.718,54318000,0.717,34046400,0.716,31951500,0.715,25676500,0.720,32290400,0.721,26996300,0.722,26854800,0.723,24265800,0.724,20634100,1451,0,0
sh513130,09:30:59,1767058264264,09:32:02,1767058263806,0.719,0.7197,-0.0973,5522.79,0.9008,5.609,0,0,0.719,1.002,0.719,27471500,0.718,54318000,0.717,34046400,0.716,31951500,0.715,25676500,0.720,32290400,0.721,26996300,0.722,26854800,0.723,24265800,0.724,20634100,457,0,0
sh513130,09:31:02,1767058265259,09:32:02,1767058263806,0.719,0.7197,-0.0973,5522.79,0.9008,8.2226,665100,478248,0.7191,0.995,0.719,23574600,0.718,53608300,0.717,32481500,0.716,30067800,0.715,25472100,0.720,33812100,0.721,27011300,0.722,26914200,0.723,22965900,0.724,20634200,1453,0,0
sh513130,09:31:02,1767058266268,09:32:04,1767058265970,0.719,0.7197,-0.0973,5524.73,0.9008,7.0266,0,0,0.719,1.009,0.719,23574600,0.718,53608300,0.717,32481500,0.716,30067800,0.715,25472100,0.720,33812100,0.721,27011300,0.722,26914200,0.723,22965900,0.724,20634200,298,0,0
sh513130,09:31:02,1767058267256,09:32:04,1767058265970,0.719,0.7197,-0.0973,5524.73,0.9008,6.7994,0,0,0.719,0.988,0.719,23574600,0.718,53608300,0.717,32481500,0.716,30067800,0.715,25472100,0.720,33812100,0.721,27011300,0.722,26914200,0.723,22965900,0.724,20634200,1285,0,0
sh513130,09:31:05,1767058268269,09:32:06,1767058268128,0.719,0.7197,-0.0973,5525.3,0.9008,5.5715,1551600,1115736,0.7191,1.012,0.719,23095200,0.718,54131200,0.717,28588300,0.716,29863000,0.715,25593700,0.720,31880200,0.721,26311300,0.722,26994200,0.723,24615900,0.724,20634200,140,0,0
sh513130,09:31:05,1767058269281,09:32:06,1767058268128,0.719,0.7197,-0.0973,5525.3,0.9008,5.4842,0,0,0.719,1.012,0.719,23095200,0.718,54131200,0.717,28588300,0.716,29863000,0.715,25593700,0.720,31880200,0.721,26311300,0.722,26994200,0.723,24615900,0.724,20634200,1152,0,0
sh513130,09:31:05,1767058270277,09:32:08,1767058270273,0.719,0.7197,-0.0973,5526.24,0.9008,5.3975,0,0,0.719,0.997,0.719,23095200,0.718,54131200,0.717,28588300,0.716,29863000,0.715,25593700,0.720,31880200,0.721,26311300,0.722,26994200,0.723,24615900,0.724,20634200,4,0,0
sh513130,09:31:05,1767058271276,09:32:08,1767058270273,0.719,0.7197,-0.0973,5526.24,0.9008,5.0472,0,0,0.719,0.999,0.719,23095200,0.718,54131200,0.717,28588300,0.716,29863000,0.715,25593700,0.720,31880200,0.721,26311300,0.722,26994200,0.723,24615900,0.724,20634200,1002,0,0
sh513130,09:31:08,1767058272285,09:32:10,1767058271767,0.719,0.7197,-0.0973,5525.7,0.9008,5.9952,1311200,943818,0.7198,1.009,0.719,40076500,0.718,69676700,0.717,43644600,0.716,29983000,0.715,25587800,0.720,31182300,0.721,35352000,0.722,35024300,0.723,32615900,0.724,20634200,517,0,0
sh513130,09:31:08,1767058273289,09:32:10,1767058272438,0.719,0.7197,-0.0973,5525.7,0.9008,4.3523,0,0,0.719,1.004,0.719,40076500,0.718,69676700,0.717,43644600,0.716,29983000,0.715,25587800,0.720,31182300,0.721,35352000,0.722,35024300,0.723,32615900,0.724,20634200,851,0,0
sh513130,09:31:11,1767058274287,09:32:12,1767058273790,0.719,0.7197,-0.0973,5523.89,0.9008,3.5921,1059600,762878,0.72,0.998,0.719,54618900,0.718,68658100,0.717,43718500,0.716,30082000,0.715,25665400,0.720,38346800,0.721,35397600,0.722,35203600,0.723,24615900,0.724,20639200,496,0,0
sh513130,09:31:11,1767058275301,09:32:12,1767058274590,0.719,0.7197,-0.0973,5523.89,0.9008,3.5265,0,0,0.719,1.013,0.719,54618900,0.718,68658100,0.717,43718500,0.716,30082000,0.715,25665400,0.720,38346800,0.721,35397600,0.722,35203600,0.723,24615900,0.724,20639200,710,0,0
sh513130,09:31:11,1767058276287,09:32:14,1767058275790,0.719,0.7197,-0.0973,5523.22,0.9008,4.8185,0,0,0.719,0.987,0.719,54618900,0.718,68658100,0.717,43718500,0.716,30082000,0.715,25665400,0.720,38346800,0.721,35397600,0.722,35203600,0.723,24615900,0.724,20639200,497,0,0
sh513130,09:31:14,1767058277288,09:32:14,1767058276747,0.72,0.7197,0.0417,5523.22,0.9008,4.1034,4816900,3467167,0.7198,1.001,0.719,43281000,0.718,69037100,0.717,44107000,0.716,30032900,0.715,25665400,0.720,39089800,0.721,35143800,0.722,35399600,0.723,20115900,0.724,20639200,540,0,0
sh513130,09:31:14,1767058278286,09:32:16,1767058277792,0.72,0.7197,0.0417,5522.66,0.9008,7.5711,0,0,0.72,0.998,0.719,43281000,0.718,69037100,0.717,44107000,0.716,30032900,0.715,25665400,0.720,39089800,0.721,35143800,0.722,35399600,0.723,20115900,0.724,20639200,494,0,0
sh513130,09:31:17,1767058279288,09:32:16,1767058278912,0.72,0.7197,0.0417,5522.66,0.9008,7.0501,7992200,5754310,0.72,1.002,0.719,27282700,0.718,68719200,0.717,45092400,0.716,44998900,0.715,25665400,0.720,32656900,0.721,38363900,0.722,35379600,0.723,20088300,0.724,20649200,376,0,0
sh513130,09:31:17,1767058280291,09:32:18,1767058279785,0.72,0.7197,0.0417,5522.54,0.9008,6.9607,0,0,0.72,1.002,0.719,27282700,0.718,68719200,0.717,45092400,0.716,44998900,0.715,25665400,0.720,32656900,0.721,38363900,0.722,35379600,0.723,20088300,0.724,20649200,505,0,0
sh513130,09:31:17,1767058281297,09:32:18,1767058281074,0.72,0.7197,0.0417,5522.54,0.9008,5.1995,0,0,0.72,1.007,0.719,27282700,0.718,68719200,0.717,45092400,0.716,44998900,0.715,25665400,0.720,32656900,0.721,38363900,0.722,35379600,0.723,20088300,0.724,20649200,222,0,0
sh513130,09:31:17,1767058282295,09:32:20,1767058281732,0.72,0.7197,0.0417,5521.26,0.9008,2.419,0,0,0.72,0.998,0.719,27282700,0.718,68719200,0.717,45092400,0.716,44998900,0.715,25665400,0.720,32656900,0.721,38363900,0.722,35379600,0.723,20088300,0.724,20649200,563,0,0
sh513130,09:31:20,1767058283296,09:32:20,1767058283248,0.72,0.7203,-0.0416,5521.26,0.9008,2.5085,997000,717539,0.7197,1.001,0.719,42206600,0.718,68614400,0.717,46196500,0.716,29970500,0.715,25634000,0.720,30712200,0.721,38363900,0.722,35413600,0.723,20058300,0.724,20649200,48,0,0
sh513130,09:31:20,1767058284288,09:32:22,1767058283767,0.72,0.7203,-0.0416,5520.69,0.9008,2.5826,0,0,0.72,0.992,0.719,42206600,0.718,68614400,0.717,46196500,0.716,29970500,0.715,25634000,0.720,30712200,0.721,38363900,0.722,35413600,0.723,20058300,0.724,20649200,520,0,0
sh513130,09:31:20,1767058285292,09:32:22,1767058283767,0.72,0.7203,-0.0416,5520.69,0.9008,2.1494,0,0,0.72,1.004,0.719,42206600,0.718,68614400,0.717,46196500,0.716,29970500,0.715,25634000,0.720,30712200,0.721,38363900,0.722,35413600,0.723,20058300,0.724,20649200,1524,0,0
sh513130,09:31:23,1767058286293,09:32:24,1767058285823,0.72,0.7203,-0.0416,5521.39,0.9008,2.1141,1970800,1418383,0.7197,1.001,0.719,44806900,0.718,68800200,0.717,47702200,0.716,29990500,0.715,25110600,0.720,21409600,0.721,38399000,0.722,35436300,0.723,20058300,0.724,20649200,469,0,0
sh513130,09:31:23,1767058287291,09:32:24,1767058285823,0.72,0.7203,-0.0416,5521.39,0.9008,1.4778,0,0,0.72,0.999,0.719,44806900,0.718,68800200,0.717,47702200,0.716,29990500,0.715,25110600,0.720,21409600,0.721,38399000,0.722,35436300,0.723,20058300,0.724,20649200,1468,0,0
sh513130,09:31:23,1767058288296,09:32:26,1767058287804,0.72,0.7203,-0.0416,5523.64,0.9008,5.3412,0,0,0.72,1.004,0.719,44806900,0.718,68800200,0.717,47702200,0.716,29990500,0.715,25110600,0.720,21409600,0.721,38399000,0.722,35436300,0.723,20058300,0.724,20649200,491,0,0
sh513130,09:31:26,1767058289289,09:32:26,1767058287804,0.72,0.7197,0.0417,5523.64,0.9008,5.36,7119900,5126261,0.72,0.994,0.719,45271900,0.718,68794200,0.717,47722100,0.716,29985500,0.715,25134400,0.720,14142900,0.721,37815000,0.722,37888100,0.723,31046800,0.724,20726500,1485,0,0
sh513130,09:31:26,1767058290290,09:32:28,1767058289805,0.72,0.7197,0.0417,5521.7,0.9008,3.1188,0,0,0.72,1.001,0.719,45271900,0.718,68794200,0.717,47722100,0.716,29985500,0.715,25134400,0.720,14142900,0.721,37815000,0.722,37888100,0.723,31046800,0.724,20726500,485,0,0
sh513130,09:31:26,1767058291290,09:32:28,1767058289805,0.72,0.7197,0.0417,5521.7,0.9008,2.7847,0,0,0.72,1.0,0.719,45271900,0.718,68794200,0.717,47722100,0.716,29985500,0.715,25134400,0.720,14142900,0.721,37815000,0.722,37888100,0.723,31046800,0.724,20726500,1485,0,0
sh513130,09:31:26,1767058292286,09:32:30,1767058291926,0.72,0.7197,0.0417,5522.88,0.9008,2.7044,0,0,0.72,0.996,0.719,45271900,0.718,68794200,0.717,47722100,0.716,29985500,0.715,25134400,0.720,14142900,0.721,37815000,0.722,37888100,0.723,31046800,0.724,20726500,359,0,0
sh513130,09:31:29,1767058293298,09:32:30,1767058291926,0.72,0.7197,0.0417,5522.88,0.9008,2.0288,10776700,7759194,0.72,1.012,0.719,47113500,0.718,68911600,0.717,48780300,0.716,28809500,0.715,25164000,0.720,17006900,0.721,37893000,0.722,37908100,0.723,20116600,0.724,20726500,1371,0,0
sh513130,09:31:32,1767058294296,09:32:32,1767058294087,0.72,0.7197,0.0417,5522.11,0.9008,1.7658,2964500,2134430,0.72,0.998,0.719,32817200,0.718,68882700,0.717,49532800,0.716,28834300,0.715,25164000,0.720,8283700,0.721,39544400,0.722,38821300,0.723,21208600,0.724,21244700,208,0,0
sh513130,09:31:32,1767058295285,09:32:32,1767058294087,0.72,0.7197,0.0417,5522.11,0.9008,1.5432,0,0,0.72,0.99,0.719,32817200,0.718,68882700,0.717,49532800,0.716,28834300,0.715,25164000,0.720,8283700,0.721,39544400,0.722,38821300,0.723,21208600,0.724,21244700,1198,0,0
sh513130,09:31:32,1767058296290,09:32:34,1767058296244,0.72,0.7197,0.0417,5522.04,0.9008,0.6118,0,0,0.72,1.005,0.719,32817200,0.718,68882700,0.717,49532800,0.716,28834300,0.715,25164000,0.720,8283700,0.721,39544400,0.722,38821300,0.723,21208600,0.724,21244700,46,0,0
sh513130,09:31:35,1767058297294,09:32:34,1767058296244,0.72,0.7197,0.0417,5522.04,0.9008,0.7852,6759800,4867056,0.72,1.003,0.719,48060900,0.718,53701500,0.717,49510600,0.716,28834300,0.715,26135800,0.720,14628800,0.721,39788400,0.722,38888900,0.723,21209900,0.724,21609700,1050,0,0
sh513130,09:31:35,1767058298294,09:32:34,1767058296244,0.72,0.7197,0.0417,5522.04,0.9008,0.8427,0,0,0.72,1.0,0.719,48060900,0.718,53701500,0.717,49510600,0.716,28834300,0.715,26135800,0.720,14628800,0.721,39788400,0.722,38888900,0.723,21209900,0.724,21609700,2050,0,0
sh513130,09:31:35,1767058299301,09:32:36,1767058298614,0.72,0.7197,0.0417,5524.86,0.9008,0.9524,0,0,0.72,1.007,0.719,48060900,0.718,53701500,0.717,49510600,0.716,28834300,0.715,26135800,0.720,14628800,0.721,39788400,0.722,38888900,0.723,21209900,0.724,21609700,686,0,0
sh513130,09:31:35,1767058300302,09:32:38,1767058299773,0.72,0.7197,0.0417,5524.77,0.9008,1.809,0,0,0.72,1.001,0.719,48060900,0.718,53701500,0.717,49510600,0.716,28834300,0.715,26135800,0.720,14628800,0.721,39788400,0.722,38888900,0.723,21209900,0.724,21609700,528,0,0
sh513130,09:31:38,1767058301305,09:32:38,1767058300567,0.719,0.7197,-0.0973,5524.77,0.9008,2.1888,8555000,6159600,0.72,1.003,0.720,37400,0.719,50934100,0.718,54838700,0.717,49285400,0.716,29262500,0.721,39909300,0.722,40122500,0.723,30521200,0.724,21614700,0.725,21051500,737,0,0
sh513130,09:31:38,1767058302308,09:32:40,1767058301739,0.719,0.7197,-0.0973,5523.58,0.9008,2.9296,0,0,0.719,1.003,0.720,37400,0.719,50934100,0.718,54838700,0.717,49285400,0.716,29262500,0.721,39909300,0.722,40122500,0.723,30521200,0.724,21614700,0.725,21051500,568,0,0
sh513130,09:31:38,1767058303315,09:32:40,1767058302729,0.719,0.7197,-0.0973,5523.58,0.9008,2.8743,0,0,0.719,1.007,0.720,37400,0.719,50934100,0.718,54838700,0.717,49285400,0.716,29262500,0.721,39909300,0.722,40122500,0.723,30521200,0.724,21614700,0.725,21051500,586,0,0
sh513130,09:31:41,1767058304304,09:32:42,1767058303806,0.72,0.7197,0.0417,5524.57,0.9008,3.2316,7603400,5474448,0.72,0.99,0.720,1592100,0.719,50485600,0.718,54846700,0.717,49707700,0.716,29344900,0.721,37750100,0.722,39384500,0.723,30521200,0.724,21619700,0.725,21051600,498,0,0
sh513130,09:31:41,1767058305312,09:32:42,1767058304887,0.72,0.7197,0.0417,5524.57,0.9008,3.1714,0,0,0.72,1.008,0.720,1592100,0.719,50485600,0.718,54846700,0.717,49707700,0.716,29344900,0.721,37750100,0.722,39384500,0.723,30521200,0.724,21619700,0.725,21051600,424,0,0
sh513130,09:31:41,1767058306305,09:32:44,1767058305787,0.72,0.7197,0.0417,5523.82,0.9008,4.9148,0,0,0.72,0.993,0.720,1592100,0.719,50485600,0.718,54846700,0.717,49707700,0.716,29344900,0.721,37750100,0.722,39384500,0.723,30521200,0.724,21619700,0.725,21051600,517,0,0
sh513130,09:31:44,1767058307315,09:32:44,1767058307047,0.72,0.7197,0.0417,5523.82,0.9008,4.4023,3909700,2814994,0.72,1.01,0.720,1537000,0.719,50975100,0.718,54841700,0.717,49780300,0.716,29344900,0.721,37797600,0.722,40288700,0.723,22521200,0.724,21646900,0.725,21070100,267,0,0
sh513130,09:31:44,1767058308323,09:32:46,1767058307777,0.72,0.7197,0.0417,5523.88,0.9008,3.3617,0,0,0.72,1.008,0.720,1537000,0.719,50975100,0.718,54841700,0.717,49780300,0.716,29344900,0.721,37797600,0.722,40288700,0.723,22521200,0.724,21646900,0.725,21070100,546,0,0
sh513130,09:31:44,1767058309313,09:32:46,1767058309205,0.72,0.7197,0.0417,5523.88,0.9008,2.446,0,0,0.72,0.991,0.720,1537000,0.719,50975100,0.718,54841700,0.717,49780300,0.716,29344900,0.721,37797600,0.722,40288700,0.723,22521200,0.724,21646900,0.725,21070100,108,0,0
sh513130,09:31:47,1767058310302,09:32:48,1767058309806,0.719,0.7197,-0.0973,5523.82,0.9008,2.1903,1632200,1175186,0.72,0.988,0.720,24400,0.719,51042900,0.718,55024700,0.717,49918300,0.716,29349900,0.721,37892800,0.722,40957700,0.723,22541200,0.724,21646900,0.725,21150500,495,0,0
sh513130,09:31:47,1767058311314,09:32:48,1767058309806,0.719,0.7197,-0.0973,5523.82,0.9008,2.1479,0,0,0.719,1.012,0.720,24400,0.719,51042900,0.718,55024700,0.717,49918300,0.716,29349900,0.721,37892800,0.722,40957700,0.723,22541200,0.724,21646900,0.725,21150500,1508,0,0
sh513130,09:31:47,1767058312304,09:32:50,1767058311796,0.719,0.7197,-0.0973,5525.08,0.9008,2.9738,0,0,0.719,0.99,0.720,24400,0.719,51042900,0.718,55024700,0.717,49918300,0.716,29349900,0.721,37892800,0.722,40957700,0.723,22541200,0.724,21646900,0.725,21150500,507,0,0
sh513130,09:31:50,1767058313303,09:32:50,1767058311796,0.72,0.7197,0.0417,5525.08,0.9008,2.9178,4082900,2939793,0.72,0.999,0.720,363000,0.719,48856900,0.718,54083000,0.717,50028600,0.716,29349900,0.721,38364600,0.722,41037700,0.723,23413200,0.724,21746900,0.725,21126900,1506,0,0
sh513130,09:31:50,1767058314315,09:32:52,1767058313764,0.72,0.7197,0.0417,5525.29,0.9008,3.055,0,0,0.72,1.012,0.720,363000,0.719,48856900,0.718,54083000,0.717,50028600,0.716,29349900,0.721,38364600,0.722,41037700,0.723,23413200,0.724,21746900,0.725,21126900,550,0,0
sh513130,09:31:50,1767058315305,09:32:52,1767058313764,0.72,0.7197,0.0417,5525.29,0.9008,2.5119,0,0,0.72,0.99,0.720,363000,0.719,48856900,0.718,54083000,0.717,50028600,0.716,29349900,0.721,38364600,0.722,41037700,0.723,23413200,0.724,21746900,0.725,21126900,1540,0,0
sh513130,09:31:50,1767058316311,09:32:54,1767058315790,0.72,0.7197,0.0417,5525.88,0.9008,2.4637,0,0,0.72,1.007,0.720,363000,0.719,48856900,0.718,54083000,0.717,50028600,0.716,29349900,0.721,38364600,0.722,41037700,0.723,23413200,0.724,21746900,0.725,21126900,521,0,0
sh513130,09:31:53,1767058317306,09:32:54,1767058315790,0.721,0.7197,0.1806,5525.88,0.9008,2.6551,426300,307069,0.7203,0.994,0.720,6213800,0.719,45638100,0.718,54131700,0.717,45033900,0.716,29449900,0.721,40275300,0.722,40982300,0.723,24293200,0.724,22346300,0.725,21326900,1515,0,0
sh513130,09:31:56,1767058318312,09:32:56,1767058317881,0.721,0.7197,0.1806,5527.01,0.9008,3.1852,1192100,859111,0.7207,1.006,0.720,18110300,0.719,52570100,0.718,53446100,0.717,43583500,0.716,24039900,0.721,41819500,0.722,41282900,0.723,24616600,0.724,22964800,0.725,22026600,430,0,0
sh513130,09:31:56,1767058319310,09:32:56,1767058317881,0.721,0.7197,0.1806,5527.01,0.9008,2.7939,0,0,0.721,0.999,0.720,18110300,0.719,52570100,0.718,53446100,0.717,43583500,0.716,24039900,0.721,41819500,0.722,41282900,0.723,24616600,0.724,22964800,0.725,22026600,1429,0,0
sh513130,09:31:56,1767058320315,09:32:58,1767058320032,0.721,0.7197,0.1806,5526.64,0.9008,2.7725,0,0,0.721,1.004,0.720,18110300,0.719,52570100,0.718,53446100,0.717,43583500,0.716,24039900,0.721,41819500,0.722,41282900,0.723,24616600,0.724,22964800,0.725,22026600,283,0,0
sh513130,09:31:56,1767058321307,09:32:58,1767058320032,0.721,0.7197,0.1806,5526.64,0.9008,2.3722,0,0,0.721,0.992,0.720,18110300,0.719,52570100,0.718,53446100,0.717,43583500,0.716,24039900,0.721,41819500,0.722,41282900,0.723,24616600,0.724,22964800,0.725,22026600,1275,0,0
sh513130,09:31:59,1767058322308,09:33:00,1767058322185,0.721,0.7203,0.0972,5525.17,0.9008,1.9478,96300,69383,0.7205,1.001,0.720,14301600,0.719,53532500,0.718,53640900,0.717,44056000,0.716,24091900,0.721,41411300,0.722,41276900,0.723,25319100,0.724,22969800,0.725,22036600,123,0,0
sh513130,09:31:59,1767058323303,09:33:00,1767058322185,0.721,0.7203,0.0972,5525.17,0.9008,1.5801,0,0,0.721,0.995,0.720,14301600,0.719,53532500,0.718,53640900,0.717,44056000,0.716,24091900,0.721,41411300,0.722,41276900,0.723,25319100,0.724,22969800,0.725,22036600,1118,0,0
sh513130,09:31:59,1767058324305,09:33:02,1767058323754,0.721,0.7203,0.0972,5523.79,0.9008,1.3169,0,0,0.721,1.002,0.720,14301600,0.719,53532500,0.718,53640900,0.717,44056000,0.716,24091900,0.721,41411300,0.722,41276900,0.723,25319100,0.724,22969800,0.725,22036600,551,0,0
sh513130,09:31:59,1767058325307,09:33:02,1767058324349,0.721,0.7203,0.0972,5523.79,0.9008,1.7051,0,0,0.721,1.001,0.720,14301600,0.719,53532500,0.718,53640900,0.717,44056000,0.716,24091900,0.721,41411300,0.722,41276900,0.723,25319100,0.724,22969800,0.725,22036600,957,0,0
sh513130,09:32:02,1767058326299,09:33:04,1767058325813,0.72,0.7203,-0.0416,5524.93,0.9008,1.6717,5213700,3754256,0.7201,0.992,0.719,52452300,0.718,53892900,0.717,45003600,0.716,29174900,0.715,25118500,0.720,2308100,0.721,40039200,0.722,41171200,0.723,25363200,0.724,22969800,485,0,0
sh513130,09:32:02,1767058327300,09:33:04,1767058326508,0.72,0.7203,-0.0416,5524.93,0.9008,1.8623,0,0,0.72,1.001,0.719,52452300,0.718,53892900,0.717,45003600,0.716,29174900,0.715,25118500,0.720,2308100,0.721,40039200,0.722,41171200,0.723,25363200,0.724,22969800,792,0,0
sh513130,09:32:05,1767058328292,09:33:06,1767058327812,0.72,0.7203,-0.0416,5522.93,0.9008,2.2911,479700,345384,0.72,0.992,0.719,52498400,0.718,54785500,0.717,47169900,0.716,29211100,0.715,25108500,0.720,25381000,0.721,35812500,0.722,34135200,0.723,24480800,0.724,23631800,479,0,0
sh513130,09:32:05,1767058329284,09:33:06,1767058328670,0.72,0.7203,-0.0416,5522.93,0.9008,3.0436,0,0,0.72,0.992,0.719,52498400,0.718,54785500,0.717,47169900,0.716,29211100,0.715,25108500,0.720,25381000,0.721,35812500,0.722,34135200,0.723,24480800,0.724,23631800,613,0,0
sh513130,09:32:05,1767058330276,09:33:08,1767058329770,0.72,0.7203,-0.0416,5523.13,0.9008,2.0992,0,0,0.72,0.992,0.719,52498400,0.718,54785500,0.717,47169900,0.716,29211100,0.715,25108500,0.720,25381000,0.721,35812500,0.722,34135200,0.723,24480800,0.724,23631800,505,0,0
sh513130,09:32:08,1767058331273,09:33:08,1767058330838,0.72,0.7203,-0.0416,5523.13,0.9008,2.0854,916000,659490,0.72,0.997,0.719,37553400,0.718,54892900,0.717,48072900,0.716,44709700,0.715,25113500,0.720,36824400,0.721,35455700,0.722,33762400,0.723,25491800,0.724,23631800,434,0,0
sh513130,09:32:08,1767058332273,09:33:10,1767058331816,0.72,0.7203,-0.0416,5522.69,0.9008,1.4485,0,0,0.72,1.0,0.719,37553400,0.718,54892900,0.717,48072900,0.716,44709700,0.715,25113500,0.720,36824400,0.721,35455700,0.722,33762400,0.723,25491800,0.724,23631800,456,0,0
sh513130,09:32:08,1767058333274,09:33:10,1767058333007,0.72,0.7203,-0.0416,5522.69,0.9008,1.2439,0,0,0.72,1.001,0.719,37553400,0.718,54892900,0.717,48072900,0.716,44709700,0.715,25113500,0.720,36824400,0.721,35455700,0.722,33762400,0.723,25491800,0.724,23631800,266,0,0
sh513130,09:32:11,1767058334285,09:33:12,1767058333766,0.72,0.7199,0.0139,5523.45,0.9008,2.5751,932600,671419,0.7199,1.011,0.719,52647800,0.718,55065400,0.717,49043300,0.716,29709700,0.715,25113500,0.720,29173600,0.721,39648200,0.722,34389900,0.723,26621700,0.724,23633800,519,0,0
sh513130,09:32:11,1767058335293,09:33:12,1767058335169,0.72,0.7199,0.0139,5523.45,0.9008,3.2108,0,0,0.72,1.008,0.719,52647800,0.718,55065400,0.717,49043300,0.716,29709700,0.715,25113500,0.720,29173600,0.721,39648200,0.722,34389900,0.723,26621700,0.724,23633800,123,0,0
sh513130,09:32:11,1767058336296,09:33:14,1767058335889,0.72,0.7199,0.0139,5523.3,0.9008,1.8664,0,0,0.72,1.003,0.719,52647800,0.718,55065400,0.717,49043300,0.716,29709700,0.715,25113500,0.720,29173600,0.721,39648200,0.722,34389900,0.723,26621700,0.724,23633800,407,0,0
sh513130,09:32:14,1767058337295,09:33:14,1767058335889,0.72,0.7199,0.0139,5523.3,0.9008,1.8366,625400,449996,0.7195,0.999,0.719,50881300,0.718,54833600,0.717,49914900,0.716,29680500,0.715,25115500,0.720,28742800,0.721,40440900,0.722,34390400,0.723,26719500,0.724,23635800,1405,0,0
sh513130,09:32:14,1767058338294,09:33:16,1767058337791,0.72,0.7199,0.0139,5523.16,0.9008,5.1198,0,0,0.72,0.999,0.719,50881300,0.718,54833600,0.717,49914900,0.716,29680500,0.715,25115500,0.720,28742800,0.721,40440900,0.722,34390400,0.723,26719500,0.724,23635800,502,0,0
sh513130,09:32:14,1767058339291,09:33:16,1767058337791,0.72,0.7199,0.0139,5523.16,0.9008,5.0359,0,0,0.72,0.998,0.719,50881300,0.718,54833600,0.717,49914900,0.716,29680500,0.715,25115500,0.720,28742800,0.721,40440900,0.722,34390400,0.723,26719500,0.724,23635800,1500,0,0
sh513130,09:32:17,1767058340284,09:33:18,1767058339770,0.719,0.7199,-0.125,5523.39,0.9008,3.8916,250700,180489,0.7199,0.993,0.719,51079500,0.718,53151700,0.717,49930800,0.716,29680500,0.715,26103100,0.720,18083500,0.721,40784000,0.722,42441900,0.723,26183400,0.724,23620800,514,0,0
sh513130,09:32:17,1767058341291,09:33:18,1767058339770,0.719,0.7199,-0.125,5523.39,0.9008,4.1691,0,0,0.719,1.007,0.719,51079500,0.718,53151700,0.717,49930800,0.716,29680500,0.715,26103100,0.720,18083500,0.721,40784000,0.722,42441900,0.723,26183400,0.724,23620800,1521,0,0
sh513130,09:32:17,1767058342297,09:33:20,1767058341794,0.719,0.7199,-0.125,5524.0,0.9008,4.1532,0,0,0.719,1.005,0.719,51079500,0.718,53151700,0.717,49930800,0.716,29680500,0.715,26103100,0.720,18083500,0.721,40784000,0.722,42441900,0.723,26183400,0.724,23620800,502,0,0
sh513130,09:32:20,1767058343287,09:33:20,1767058341794,0.72,0.7199,0.0139,5524.0,0.9008,4.9457,903100,649687,0.7194,0.99,0.719,50613900,0.718,53232900,0.717,44931300,0.716,29690500,0.715,25969000,0.720,17124400,0.721,40708300,0.722,42431900,0.723,26253800,0.724,23620800,1492,0,0
sh513130,09:32:20,1767058344294,09:33:22,1767058343965,0.72,0.7199,0.0139,5524.28,0.9008,4.4158,0,0,0.72,1.008,0.719,50613900,0.718,53232900,0.717,44931300,0.716,29690500,0.715,25969000,0.720,17124400,0.721,40708300,0.722,42431900,0.723,26253800,0.724,23620800,329,0,0
sh513130,09:32:20,1767058345291,09:33:22,1767058343965,0.72,0.7199,0.0139,5524.28,0.9008,4.638,0,0,0.72,0.997,0.719,50613900,0.718,53232900,0.717,44931300,0.716,29690500,0.715,25969000,0.720,17124400,0.721,40708300,0.722,42431900,0.723,26253800,0.724,23620800,1325,0,0
sh513130,09:32:20,1767058346287,09:33:24,1767058345954,0.72,0.7199,0.0139,5525.77,0.9008,3.4168,0,0,0.72,0.996,0.719,50613900,0.718,53232900,0.717,44931300,0.716,29690500,0.715,25969000,0.720,17124400,0.721,40708300,0.722,42431900,0.723,26253800,0.724,23620800,331,0,0
sh513130,09:32:23,1767058347297,09:33:24,1767058345954,0.719,0.7199,-0.125,5525.77,0.9008,3.3537,4050100,2916029,0.72,1.01,0.719,48287500,0.718,53111100,0.717,44009400,0.716,33650400,0.715,26069000,0.720,13333200,0.721,42134100,0.722,42333900,0.723,26283800,0.724,23620800,1341,0,0
sh513130,09:32:23,1767058348287,09:33:26,1767058348114,0.719,0.7199,-0.125,5525.65,0.9008,3.071,0,0,0.719,0.99,0.719,48287500,0.718,53111100,0.717,44009400,0.716,33650400,0.715,26069000,0.720,13333200,0.721,42134100,0.722,42333900,0.723,26283800,0.724,23620800,172,0,0
sh513130,09:32:26,1767058349291,09:33:26,1767058348114,0.72,0.7198,0.0278,5525.65,0.9008,2.8369,12176200,8766854,0.72,1.005,0.720,17098400,0.719,58240700,0.718,53102500,0.717,44003600,0.716,29280400,0.721,46193000,0.722,42862000,0.723,26285200,0.724,23641800,0.725,23817100,1177,0,0
sh513130,09:32:26,1767058350290,09:33:28,1767058350275,0.72,0.7198,0.0278,5526.5,0.9008,2.7832,0,0,0.72,0.999,0.720,17098400,0.719,58240700,0.718,53102500,0.717,44003600,0.716,29280400,0.721,46193000,0.722,42862000,0.723,26285200,0.724,23641800,0.725,23817100,14,0,0
sh513130,09:32:26,1767058351293,09:33:28,1767058350275,0.72,0.7198,0.0278,5526.5,0.9008,2.6212,0,0,0.72,1.003,0.720,17098400,0.719,58240700,0.718,53102500,0.717,44003600,0.716,29280400,0.721,46193000,0.722,42862000,0.723,26285200,0.724,23641800,0.725,23817100,1018,0,0
sh513130,09:32:29,1767058352297,09:33:30,1767058351795,0.72,0.7198,0.0278,5526.15,0.9008,2.2053,1603900,1154908,0.7201,1.004,0.720,16999900,0.719,61344200,0.718,53362000,0.717,47965800,0.716,26280400,0.721,45942700,0.722,42782000,0.723,27280200,0.724,23641800,0.725,23831600,502,0,0
sh513130,09:32:29,1767058353291,09:33:30,1767058352430,0.72,0.7198,0.0278,5526.15,0.9008,1.8772,0,0,0.72,0.994,0.720,16999900,0.719,61344200,0.718,53362000,0.717,47965800,0.716,26280400,0.721,45942700,0.722,42782000,0.723,27280200,0.724,23641800,0.725,23831600,861,0,0
sh513130,09:32:29,1767058354294,09:33:32,1767058353776,0.72,0.7198,0.0278,5526.29,0.9008,2.0826,0,0,0.72,1.003,0.720,16999900,0.719,61344200,0.718,53362000,0.717,47965800,0.716,26280400,0.721,45942700,0.722,42782000,0.723,27280200,0.724,23641800,0.725,23831600,517,0,0
sh513130,09:32:29,1767058355292,09:33:32,1767058354585,0.72,0.7198,0.0278,5526.29,0.9008,1.937,0,0,0.72,0.999,0.720,16999900,0.719,61344200,0.718,53362000,0.717,47965800,0.716,26280400,0.721,45942700,0.722,42782000,0.723,27280200,0.724,23641800,0.725,23831600,707,0,0
sh513130,09:32:32,1767058356291,09:33:34,1767058355790,0.72,0.7198,0.0278,5527.91,0.9008,1.8036,472100,339912,0.72,0.999,0.720,29906600,0.719,55987100,0.718,53090600,0.717,48560100,0.716,27001500,0.721,45572600,0.722,42693900,0.723,27335600,0.724,23752600,0.725,23712900,500,0,0
sh513130,09:32:32,1767058357296,09:33:34,1767058356752,0.72,0.7198,0.0278,5527.91,0.9008,1.7264,0,0,0.72,1.005,0.720,29906600,0.719,55987100,0.718,53090600,0.717,48560100,0.716,27001500,0.721,45572600,0.722,42693900,0.723,27335600,0.724,23752600,0.725,23712900,544,0,0
sh513130,09:32:35,1767058358287,09:33:36,1767058357806,0.72,0.7205,-0.0694,5527.44,0.9008,1.6925,204300,147100,0.72,0.99,0.720,21643500,0.719,61679900,0.718,53247500,0.717,48591100,0.716,26951500,0.721,47184000,0.722,42751000,0.723,27182200,0.724,23777600,0.725,23734900,481,0,0
sh513130,09:32:35,1767058359293,09:33:36,1767058358917,0.72,0.7205,-0.0694,5527.44,0.9008,2.0519,0,0,0.72,1.007,0.720,21643500,0.719,61679900,0.718,53247500,0.717,48591100,0.716,26951500,0.721,47184000,0.722,42751000,0.723,27182200,0.724,23777600,0.725,23734900,376,0,0
sh513130,09:32:35,1767058360299,09:33:38,1767058359776,0.72,0.7205,-0.0694,5527.68,0.9008,1.9653,0,0,0.72,1.005,0.720,21643500,0.719,61679900,0.718,53247500,0.717,48591100,0.716,26951500,0.721,47184000,0.722,42751000,0.723,27182200,0.724,23777600,0.725,23734900,523,0,0
sh513130,09:32:35,1767058361296,09:33:38,1767058361090,0.72,0.7205,-0.0694,5527.68,0.9008,1.9269,0,0,0.72,0.998,0.720,21643500,0.719,61679900,0.718,53247500,0.717,48591100,0.716,26951500,0.721,47184000,0.722,42751000,0.723,27182200,0.724,23777600,0.725,23734900,206,0,0
sh513130,09:32:38,1767058362293,09:33:40,1767058361799,0.72,0.7205,-0.0694,5527.98,0.9008,3.3518,152000,109449,0.7201,0.997,0.720,18201600,0.719,62142300,0.718,53277500,0.717,48561500,0.716,26943800,0.721,49313700,0.722,43466300,0.723,27277200,0.724,23807600,0.725,23515200,494,0,0
sh513130,09:32:38,1767058363297,09:33:40,1767058363261,0.72,0.7205,-0.0694,5527.98,0.9008,3.2898,0,0,0.72,1.004,0.720,18201600,0.719,62142300,0.718,53277500,0.717,48561500,0.716,26943800,0.721,49313700,0.722,43466300,0.723,27277200,0.724,23807600,0.725,23515200,36,0,0
sh513130,09:32:41,1767058364292,09:33:42,1767058363812,0.72,0.7205,-0.0694,5527.33,0.9008,2.7174,443900,319620,0.72,0.995,0.720,18063500,0.719,62361400,0.718,53318800,0.717,48518500,0.716,26969800,0.721,49962500,0.722,43566300,0.723,28219000,0.724,25388700,0.725,23597200,480,0,0
sh513130,09:32:41,1767058365295,09:33:42,1767058363812,0.72,0.7205,-0.0694,5527.33,0.9008,2.0474,0,0,0.72,1.003,0.720,18063500,0.719,62361400,0.718,53318800,0.717,48518500,0.716,26969800,0.721,49962500,0.722,43566300,0.723,28219000,0.724,25388700,0.725,23597200,1482,0,0
sh513130,09:32:41,1767058366297,09:33:44,1767058365781,0.72,0.7205,-0.0694,5528.44,0.9008,3.5051,0,0,0.72,1.001,0.720,18063500,0.719,62361400,0.718,53318800,0.717,48518500,0.716,26969800,0.721,49962500,0.722,43566300,0.723,28219000,0.724,25388700,0.725,23597200,515,0,0
sh513130,09:32:44,1767058367299,09:33:44,1767058365781,0.721,0.7205,0.0694,5528.44,0.9008,3.4839,1433600,1032462,0.7202,1.003,0.720,29063500,0.719,56335500,0.718,53502600,0.717,48631500,0.716,26507300,0.721,50143000,0.722,44145500,0.723,29891000,0.724,25378700,0.725,23632600,1518,0,0
sh513130,09:32:44,1767058368286,09:33:46,1767058367784,0.721,0.7205,0.0694,5527.98,0.9008,2.5335,0,0,0.721,0.987,0.720,29063500,0.719,56335500,0.718,53502600,0.717,48631500,0.716,26507300,0.721,50143000,0.722,44145500,0.723,29891000,0.724,25378700,0.725,23632600,501,0,0
sh513130,09:32:44,1767058369292,09:33:46,1767058367784,0.721,0.7205,0.0694,5527.98,0.9008,2.5053,0,0,0.721,1.006,0.720,29063500,0.719,56335500,0.718,53502600,0.717,48631500,0.716,26507300,0.721,50143000,0.722,44145500,0.723,29891000,0.724,25378700,0.725,23632600,1507,0,0
sh513130,09:32:47,1767058370290,09:33:48,1767058369787,0.721,0.7205,0.0694,5528.84,0.9008,3.2863,104700,75415,0.7203,0.997,0.720,46627900,0.719,56584200,0.718,53538300,0.717,33633500,0.716,26507300,0.721,44696200,0.722,43214500,0.723,30763200,0.724,26178500,0.725,23995900,502,0,0
sh513130,09:32:47,1767058371285,09:33:48,1767058369787,0.721,0.7205,0.0694,5528.84,0.9008,2.7683,0,0,0.721,0.996,0.720,46627900,0.719,56584200,0.718,53538300,0.717,33633500,0.716,26507300,0.721,44696200,0.722,43214500,0.723,30763200,0.724,26178500,0.725,23995900,1497,0,0
sh513130,09:32:47,1767058372294,09:33:50,1767058371902,0.721,0.7205,0.0694,5528.18,0.9008,3.5936,0,0,0.721,1.009,0.720,46627900,0.719,56584200,0.718,53538300,0.717,33633500,0.716,26507300,0.721,44696200,0.722,43214500,0.723,30763200,0.724,26178500,0.725,23995900,392,0,0
sh513130,09:32:50,1767058373289,09:33:50,1767058371902,0.721,0.7205,0.0694,5528.18,0.9008,2.9032,627000,452016,0.7209,0.995,0.720,32503100,0.719,56778900,0.718,53533900,0.717,48633500,0.716,26507300,0.721,47745500,0.722,39274500,0.723,30763200,0.724,26178500,0.725,24391400,1387,0,0
sh513130,09:32:50,1767058374292,09:33:52,1767058374057,0.721,0.7205,0.0694,5529.15,0.9008,3.1516,0,0,0.721,1.003,0.720,32503100,0.719,56778900,0.718,53533900,0.717,48633500,0.716,26507300,0.721,47745500,0.722,39274500,0.723,30763200,0.724,26178500,0.725,24391400,235,0,0
sh513130,09:32:50,1767058375294,09:33:52,1767058374057,0.721,0.7205,0.0694,5529.15,0.9008,3.0015,0,0,0.721,1.002,0.720,32503100,0.719,56778900,0.718,53533900,0.717,48633500,0.716,26507300,0.721,47745500,0.722,39274500,0.723,30763200,0.724,26178500,0.725,24391400,1237,0,0
sh513130,09:32:53,1767058376289,09:33:54,1767058376212,0.721,0.7205,0.0694,5528.53,0.9008,4.4683,600000,432143,0.7202,0.996,0.720,36814800,0.719,56411400,0.718,53543900,0.717,48581700,0.716,26493600,0.721,47979600,0.722,39893000,0.723,31343200,0.724,28160500,0.725,26574700,77,0,0
sh513130,09:32:53,1767058377298,09:33:54,1767058376212,0.721,0.7205,0.0694,5528.53,0.9008,4.352,0,0,0.721,1.008,0.720,36814800,0.719,56411400,0.718,53543900,0.717,48581700,0.716,26493600,0.721,47979600,0.722,39893000,0.723,31343200,0.724,28160500,0.725,26574700,1085,0,0
sh513130,09:32:53,1767058378289,09:33:56,1767058377804,0.721,0.7205,0.0694,5528.34,0.9008,4.1914,0,0,0.721,0.992,0.720,36814800,0.719,56411400,0.718,53543900,0.717,48581700,0.716,26493600,0.721,47979600,0.722,39893000,0.723,31343200,0.724,28160500,0.725,26574700,485,0,0
sh513130,09:32:56,1767058379291,09:33:56,1767058378366,0.72,0.7205,-0.0694,5528.34,0.9008,4.0271,152400,109742,0.7201,1.002,0.720,40067500,0.719,55920700,0.718,53378400,0.717,48540300,0.716,26125300,0.721,48823300,0.722,39838200,0.723,31373600,0.724,28160500,0.725,26626900,924,0,0
sh513130,09:32:56,1767058380291,09:33:58,1767058379805,0.72,0.7205,-0.0694,5527.43,0.9008,6.0512,0,0,0.72,1.0,0.720,40067500,0.719,55920700,0.718,53378400,0.717,48540300,0.716,26125300,0.721,48823300,0.722,39838200,0.723,31373600,0.724,28160500,0.725,26626900,486,0,0
sh513130,09:32:56,1767058381299,09:33:58,1767058380529,0.72,0.7205,-0.0694,5527.43,0.9008,5.2948,0,0,0.72,1.008,0.720,40067500,0.719,55920700,0.718,53378400,0.717,48540300,0.716,26125300,0.721,48823300,0.722,39838200,0.723,31373600,0.724,28160500,0.725,26626900,769,0,0
sh513130,09:32:59,1767058382290,09:34:00,1767058381766,0.721,0.7205,0.0694,5528.53,0.9008,5.2094,1391200,1001944,0.7202,0.991,0.720,55433600,0.719,55836000,0.718,53156300,0.717,33515300,0.716,25546700,0.721,50089400,0.722,40136600,0.723,31376600,0.724,28160500,0.725,26639900,524,0,0
sh513130,09:32:59,1767058383288,09:34:00,1767058382691,0.721,0.7205,0.0694,5528.53,0.9008,4.1546,0,0,0.721,0.998,0.720,55433600,0.719,55836000,0.718,53156300,0.717,33515300,0.716,25546700,0.721,50089400,0.722,40136600,0.723,31376600,0.724,28160500,0.725,26639900,597,0,0
sh513130,09:32:59,1767058384297,09:34:02,1767058384103,0.721,0.7205,0.0694,5528.54,0.9008,4.0811,0,0,0.721,1.009,0.720,55433600,0.719,55836000,0.718,53156300,0.717,33515300,0.716,25546700,0.721,50089400,0.722,40136600,0.723,31376600,0.724,28160500,0.725,26639900,193,0,0
sh513130,09:32:59,1767058385292,09:34:02,1767058384856,0.721,0.7205,0.0694,5528.54,0.9008,5.2959,0,0,0.721,0.995,0.720,55433600,0.719,55836000,0.718,53156300,0.717,33515300,0.716,25546700,0.721,50089400,0.722,40136600,0.723,31376600,0.724,28160500,0.725,26639900,435,0,0
sh513130,09:33:02,1767058386292,09:34:04,1767058385790,0.72,0.7205,-0.0694,5529.49,0.9008,5.9373,418000,300963,0.72,1.0,0.720,41459800,0.719,57756400,0.718,56126100,0.717,48528300,0.716,25496700,0.721,49404900,0.722,42300600,0.723,34956400,0.724,28160500,0.725,26506600,502,0,0
sh513130,09:33:02,1767058387297,09:34:04,1767058387018,0.72,0.7205,-0.0694,5529.49,0.9008,5.0787,0,0,0.72,1.005,0.720,41459800,0.719,57756400,0.718,56126100,0.717,48528300,0.716,25496700,0.721,49404900,0.722,42300600,0.723,34956400,0.724,28160500,0.725,26506600,278,0,0
sh513130,09:33:05,1767058388301,09:34:06,1767058387815,0.721,0.7205,0.0694,5528.84,0.9008,4.5049,186300,134288,0.7208,1.004,0.720,56802400,0.719,57715400,0.718,56141100,0.717,33528300,0.716,25496700,0.721,45004000,0.722,46301600,0.723,34956400,0.724,28189300,0.725,26508200,485,0,0
sh513130,09:33:05,1767058389315,09:34:06,1767058389182,0.721,0.7205,0.0694,5528.84,0.9008,4.3442,0,0,0.721,1.015,0.720,56802400,0.719,57715400,0.718,56141100,0.717,33528300,0.716,25496700,0.721,45004000,0.722,46301600,0.723,34956400,0.724,28189300,0.725,26508200,133,0,0
sh513130,09:33:05,1767058390316,09:34:08,1767058389784,0.721,0.7205,0.0694,5529.52,0.9008,5.9988,0,0,0.721,1.001,0.720,56802400,0.719,57715400,0.718,56141100,0.717,33528300,0.716,25496700,0.721,45004000,0.722,46301600,0.723,34956400,0.724,28189300,0.725,26508200,532,0,0
sh513130,09:33:05,1767058391316,09:34:08,1767058389784,0.721,0.7205,0.0694,5529.52,0.9008,5.115,0,0,0.721,0.999,0.720,56802400,0.719,57715400,0.718,56141100,0.717,33528300,0.716,25496700,0.721,45004000,0.722,46301600,0.723,34956400,0.724,28189300,0.725,26508200,1531,0,0
sh513130,09:33:08,1767058392314,09:34:10,1767058391780,0.721,0.7205,0.0694,5529.2,0.9008,4.155,122800,88431,0.7201,0.999,0.720,42809100,0.719,57847300,0.718,56235900,0.717,48528300,0.716,25647600,0.721,50506700,0.722,42374500,0.723,34956400,0.724,28189300,0.725,26542800,534,0,0
sh513130,09:33:08,1767058393310,09:34:10,1767058391780,0.721,0.7205,0.0694,5529.2,0.9008,3.6659,0,0,0.721,0.996,0.720,42809100,0.719,57847300,0.718,56235900,0.717,48528300,0.716,25647600,0.721,50506700,0.722,42374500,0.723,34956400,0.724,28189300,0.725,26542800,1530,0,0
sh513130,09:33:11,1767058394313,09:34:12,1767058393738,0.721,0.7204,0.0833,5528.12,0.9008,3.5992,1182700,852699,0.721,1.003,0.720,42869700,0.719,56891100,0.718,56235900,0.717,48525200,0.716,25668600,0.721,52212200,0.722,42375500,0.723,35183400,0.724,28189300,0.725,26542800,574,0,0
sh513130,09:33:11,1767058395305,09:34:12,1767058393738,0.721,0.7204,0.0833,5528.12,0.9008,2.7789,0,0,0.721,0.992,0.720,42869700,0.719,56891100,0.718,56235900,0.717,48525200,0.716,25668600,0.721,52212200,0.722,42375500,0.723,35183400,0.724,28189300,0.725,26542800,1566,0,0
sh513130,09:33:11,1767058396303,09:34:14,1767058395774,0.721,0.7204,0.0833,5526.43,0.9008,3.2863,0,0,0.721,0.998,0.720,42869700,0.719,56891100,0.718,56235900,0.717,48525200,0.716,25668600,0.721,52212200,0.722,42375500,0.723,35183400,0.724,28189300,0.725,26542800,528,0,0
sh513130,09:33:14,1767058397308,09:34:14,1767058395774,0.72,0.7204,-0.0555,5526.43,0.9008,5.1853,22505600,16204095,0.72,1.005,0.719,65437200,0.718,56157800,0.717,48520200,0.716,25669100,0.715,26063800,0.720,36347200,0.721,53264400,0.722,42241200,0.723,34193400,0.724,28189300,1534,0,0
sh513130,09:33:14,1767058398315,09:34:16,1767058397815,0.72,0.7204,-0.0555,5526.04,0.9008,5.1189,0,0,0.72,1.007,0.719,65437200,0.718,56157800,0.717,48520200,0.716,25669100,0.715,26063800,0.720,36347200,0.721,53264400,0.722,42241200,0.723,34193400,0.724,28189300,499,0,0
sh513130,09:33:14,1767058399317,09:34:16,1767058397815,0.72,0.7204,-0.0555,5526.04,0.9008,4.7457,0,0,0.72,1.002,0.719,65437200,0.718,56157800,0.717,48520200,0.716,25669100,0.715,26063800,0.720,36347200,0.721,53264400,0.722,42241200,0.723,34193400,0.724,28189300,1501,0,0
sh513130,09:33:17,1767058400315,09:34:18,1767058399972,0.72,0.7204,-0.0555,5526.67,0.9008,4.5161,2164000,1558080,0.72,0.999,0.719,63619500,0.718,56168300,0.717,51275600,0.716,25739100,0.715,26063800,0.720,17347400,0.721,56460600,0.722,42283200,0.723,34260900,0.724,28189300,343,0,0
sh513130,09:33:17,1767058401323,09:34:18,1767058399972,0.72,0.7204,-0.0555,5526.67,0.9008,4.4383,0,0,0.72,1.007,0.719,63619500,0.718,56168300,0.717,51275600,0.716,25739100,0.715,26063800,0.720,17347400,0.721,56460600,0.722,42283200,0.723,34260900,0.724,28189300,1350,0,0
sh513130,09:33:17,1767058402329,09:34:20,1767058402126,0.72,0.7204,-0.0555,5526.03,0.9008,4.7368,0,0,0.72,1.007,0.719,63619500,0.718,56168300,0.717,51275600,0.716,25739100,0.715,26063800,0.720,17347400,0.721,56460600,0.722,42283200,0.723,34260900,0.724,28189300,203,0,0
sh513130,09:33:20,1767058403319,09:34:20,1767058402126,0.72,0.7204,-0.0555,5526.03,0.9008,4.0065,1065600,767175,0.7199,0.99,0.719,64364100,0.718,56172700,0.717,52196200,0.716,25739100,0.715,28019000,0.720,18151800,0.721,56577200,0.722,42509400,0.723,34260900,0.724,29189300,1192,0,0
sh513130,09:33:20,1767058404319,09:34:22,1767058404287,0.72,0.7204,-0.0555,5525.8,0.9008,3.4083,0,0,0.72,1.0,0.719,64364100,0.718,56172700,0.717,52196200,0.716,25739100,0.715,28019000,0.720,18151800,0.721,56577200,0.722,42509400,0.723,34260900,0.724,29189300,31,0,0
sh513130,09:33:20,1767058405319,09:34:22,1767058404287,0.72,0.7204,-0.0555,5525.8,0.9008,2.8487,0,0,0.72,1.0,0.719,64364100,0.718,56172700,0.717,52196200,0.716,25739100,0.715,28019000,0.720,18151800,0.721,56577200,0.722,42509400,0.723,34260900,0.724,29189300,1031,0,0
sh513130,09:33:23,1767058406329,09:34:24,1767058405796,0.72,0.7204,-0.0555,5525.37,0.9008,2.6829,752800,541810,0.7197,1.01,0.719,64264800,0.718,56223100,0.717,52179700,0.716,25739100,0.715,28019000,0.720,20335500,0.721,57423300,0.722,42525200,0.723,34585200,0.724,29189300,532,0,0
sh513130,09:33:23,1767058407325,09:34:24,1767058406449,0.72,0.7204,-0.0555,5525.37,0.9008,2.4419,0,0,0.72,0.996,0.719,64264800,0.718,56223100,0.717,52179700,0.716,25739100,0.715,28019000,0.720,20335500,0.721,57423300,0.722,42525200,0.723,34585200,0.724,29189300,876,0,0
sh513130,09:33:26,1767058408341,09:34:26,1767058407809,0.72,0.7198,0.0278,5525.19,0.9008,2.0703,109000,78460,0.7198,1.016,0.719,64730400,0.718,56613200,0.717,52651800,0.716,25719100,0.715,28019000,0.720,22583700,0.721,58720000,0.722,42740500,0.723,34985200,0.724,29189300,531,0,0
sh513130,09:33:26,1767058409316,09:34:26,1767058408611,0.72,0.7198,0.0278,5525.19,0.9008,1.9785,0,0,0.72,0.975,0.719,64730400,0.718,56613200,0.717,52651800,0.716,25719100,0.715,28019000,0.720,22583700,0.721,58720000,0.722,42740500,0.723,34985200,0.724,29189300,705,0,0
sh513130,09:33:26,1767058410329,09:34:28,1767058409794,0.72,0.7198,0.0278,5524.36,0.9008,1.0757,0,0,0.72,1.013,0.719,64730400,0.718,56613200,0.717,52651800,0.716,25719100,0.715,28019000,0.720,22583700,0.721,58720000,0.722,42740500,0.723,34985200,0.724,29189300,535,0,0
sh513130,09:33:26,1767058411323,09:34:28,1767058410765,0.72,0.7198,0.0278,5524.36,0.9008,1.0544,0,0,0.72,0.994,0.719,64730400,0.718,56613200,0.717,52651800,0.716,25719100,0.715,28019000,0.720,22583700,0.721,58720000,0.722,42740500,0.723,34985200,0.724,29189300,556,0,0
sh513130,09:33:29,1767058412318,09:34:30,1767058411809,0.719,0.7204,-0.1943,5522.67,0.9008,1.6792,1071000,770996,0.7199,0.995,0.719,62713300,0.718,56619200,0.717,54521300,0.716,26719200,0.715,28018800,0.720,21992000,0.721,58133600,0.722,42859400,0.723,35034700,0.724,29559000,508,0,0
sh513130,09:33:29,1767058413321,09:34:30,1767058412934,0.719,0.7204,-0.1943,5522.67,0.9008,2.5327,0,0,0.719,1.003,0.719,62713300,0.718,56619200,0.717,54521300,0.716,26719200,0.715,28018800,0.720,21992000,0.721,58133600,0.722,42859400,0.723,35034700,0.724,29559000,386,0,0
sh513130,09:33:29,1767058414331,09:34:32,1767058413813,0.719,0.7204,-0.1943,5521.04,0.9008,3.0415,0,0,0.719,1.01,0.719,62713300,0.718,56619200,0.717,54521300,0.716,26719200,0.715,28018800,0.720,21992000,0.721,58133600,0.722,42859400,0.723,35034700,0.724,29559000,517,0,0
sh513130,09:33:32,1767058415325,09:34:32,1767058415092,0.72,0.7204,-0.0555,5521.04,0.9008,3.8394,26200,18843,0.7192,0.995,0.719,37971100,0.718,60041900,0.717,55400700,0.716,48099300,0.715,30053800,0.720,40141200,0.721,54928000,0.722,35385400,0.723,25774100,0.724,29616000,233,0,0
sh513130,09:33:32,1767058416329,09:34:34,1767058415771,0.72,0.7204,-0.0555,5522.95,0.9008,3.4563,0,0,0.72,1.004,0.719,37971100,0.718,60041900,0.717,55400700,0.716,48099300,0.715,30053800,0.720,40141200,0.721,54928000,0.722,35385400,0.723,25774100,0.724,29616000,557,0,0
sh513130,09:33:32,1767058417333,09:34:34,1767058417249,0.72,0.7204,-0.0555,5522.95,0.9008,3.4562,0,0,0.72,1.003,0.719,37971100,0.718,60041900,0.717,55400700,0.716,48099300,0.715,30053800,0.720,40141200,0.721,54928000,0.722,35385400,0.723,25774100,0.724,29616000,83,0,0
sh513130,09:33:32,1767058418335,09:34:36,1767058417751,0.72,0.7204,-0.0555,5522.58,0.9008,3.4425,0,0,0.72,1.003,0.719,37971100,0.718,60041900,0.717,55400700,0.716,48099300,0.715,30053800,0.720,40141200,0.721,54928000,0.722,35385400,0.723,25774100,0.724,29616000,584,0,0
sh513130,09:33:35,1767058419338,09:34:36,1767058417751,0.719,0.7191,-0.0139,5522.58,0.9008,3.3627,303400,218150,0.719,1.003,0.719,57966200,0.718,66779700,0.717,61544700,0.716,33099300,0.715,30083800,0.720,24272100,0.721,59950500,0.722,43535400,0.723,30274100,0.724,29627000,1587,0,0
sh513130,09:33:38,1767058420346,09:34:38,1767058419841,0.719,0.7191,-0.0139,5521.53,0.9008,4.2774,143900,103541,0.7195,1.007,0.719,58381900,0.718,66766500,0.717,62147700,0.716,33109300,0.715,30083800,0.720,40795500,0.721,55946600,0.722,35535400,0.723,26174100,0.724,29629400,504,0,0
sh513130,09:33:38,1767058421335,09:34:38,1767058419841,0.719,0.7191,-0.0139,5521.53,0.9008,4.2024,0,0,0.719,0.989,0.719,58381900,0.718,66766500,0.717,62147700,0.716,33109300,0.715,30083800,0.720,40795500,0.721,55946600,0.722,35535400,0.723,26174100,0.724,29629400,1494,0,0
sh513130,09:33:38,1767058422333,09:34:40,1767058421757,0.719,0.7191,-0.0139,5520.1,0.9008,4.3267,0,0,0.719,0.998,0.719,58381900,0.718,66766500,0.717,62147700,0.716,33109300,0.715,30083800,0.720,40795500,0.721,55946600,0.722,35535400,0.723,26174100,0.724,29629400,576,0,0
sh513130,09:33:41,1767058423336,09:34:40,1767058421757,0.72,0.7198,0.0278,5520.1,0.9008,4.0223,391000,281483,0.7199,1.003,0.719,38713000,0.718,66768500,0.717,62150200,0.716,48107900,0.715,30084300,0.720,45401900,0.721,56026600,0.722,34547400,0.723,26398200,0.724,29660900,1578,0,0
sh513130,09:33:41,1767058424342,09:34:42,1767058423793,0.72,0.7198,0.0278,5520.07,0.9008,3.4365,0,0,0.72,1.006,0.719,38713000,0.718,66768500,0.717,62150200,0.716,48107900,0.715,30084300,0.720,45401900,0.721,56026600,0.722,34547400,0.723,26398200,0.724,29660900,549,0,0
sh513130,09:33:41,1767058425345,09:34:42,1767058423793,0.72,0.7198,0.0278,5520.07,0.9008,3.3714,0,0,0.72,1.003,0.719,38713000,0.718,66768500,0.717,62150200,0.716,48107900,0.715,30084300,0.720,45401900,0.721,56026600,0.722,34547400,0.723,26398200,0.724,29660900,1552,0,0
sh513130,09:33:41,1767058426336,09:34:44,1767058425871,0.72,0.7198,0.0278,5520.58,0.9008,6.2262,0,0,0.72,0.991,0.719,38713000,0.718,66768500,0.717,62150200,0.716,48107900,0.715,30084300,0.720,45401900,0.721,56026600,0.722,34547400,0.723,26398200,0.724,29660900,465,0,0
sh513130,09:33:44,1767058427337,09:34:44,1767058425871,0.72,0.7198,0.0278,5520.58,0.9008,5.2189,52100,37488,0.7195,1.001,0.719,36910800,0.718,66770100,0.717,61899600,0.716,49168500,0.715,30084300,0.720,48243100,0.721,56355700,0.722,34557400,0.723,26392900,0.724,29660900,1466,0,0
sh513130,09:33:44,1767058428334,09:34:46,1767058428037,0.72,0.7198,0.0278,5521.72,0.9008,4.2571,0,0,0.72,0.997,0.719,36910800,0.718,66770100,0.717,61899600,0.716,49168500,0.715,30084300,0.720,48243100,0.721,56355700,0.722,34557400,0.723,26392900,0.724,29660900,296,0,0
sh513130,09:33:44,1767058429341,09:34:46,1767058428037,0.72,0.7198,0.0278,5521.72,0.9008,4.2774,0,0,0.72,1.007,0.719,36910800,0.718,66770100,0.717,61899600,0.716,49168500,0.715,30084300,0.720,48243100,0.721,56355700,0.722,34557400,0.723,26392900,0.724,29660900,1303,0,0
sh513130,09:33:47,1767058430335,09:34:48,1767058430209,0.72,0.7198,0.0278,5520.92,0.9008,2.8084,162300,116844,0.7199,0.994,0.719,52951800,0.718,66782900,0.717,61964200,0.716,33257900,0.715,30033900,0.720,47898500,0.721,57208600,0.722,35192000,0.723,26455700,0.724,29684700,126,0,0
sh513130,09:33:47,1767058431342,09:34:48,1767058430209,0.72,0.7198,0.0278,5520.92,0.9008,2.6177,0,0,0.72,1.007,0.719,52951800,0.718,66782900,0.717,61964200,0.716,33257900,0.715,30033900,0.720,47898500,0.721,57208600,0.722,35192000,0.723,26455700,0.724,29684700,1133,0,0
sh513130,09:33:47,1767058432335,09:34:50,1767058431839,0.72,0.7198,0.0278,5519.73,0.9008,1.8969,0,0,0.72,0.993,0.719,52951800,0.718,66782900,0.717,61964200,0.716,33257900,0.715,30033900,0.720,47898500,0.721,57208600,0.722,35192000,0.723,26455700,0.724,29684700,495,0,0
sh513130,09:33:47,1767058433343,09:34:50,1767058432366,0.72,0.7198,0.0278,5519.73,0.9008,1.9327,0,0,0.72,1.008,0.719,52951800,0.718,66782900,0.717,61964200,0.716,33257900,0.715,30033900,0.720,47898500,0.721,57208600,0.722,35192000,0.723,26455700,0.724,29684700,976,0,0
sh513130,09:33:50,1767058434331,09:34:52,1767058433808,0.72,0.7198,0.0278,5519.54,0.9008,1.7621,3100,2232,0.72,0.989,0.719,39622800,0.718,66782900,0.717,61864200,0.716,48285700,0.715,30122700,0.720,49139700,0.721,57185900,0.722,35269000,0.723,26455700,0.724,29684700,523,0,0
sh513130,09:33:50,1767058435334,09:34:52,1767058434524,0.72,0.7198,0.0278,5519.54,0.9008,3.7752,0,0,0.72,1.002,0.719,39622800,0.718,66782900,0.717,61864200,0.716,48285700,0.715,30122700,0.720,49139700,0.721,57185900,0.722,35269000,0.723,26455700,0.724,29684700,809,0,0
sh513130,09:33:53,1767058436334,09:34:54,1767058435822,0.72,0.7198,0.0278,5519.83,0.9008,3.7069,187000,134520,0.7194,1.0,0.719,38039300,0.718,67690900,0.717,61844200,0.716,49059600,0.715,30071700,0.720,52343800,0.721,57591900,0.722,34316100,0.723,26612600,0.724,29684700,511,0,0
sh513130,09:33:53,1767058437336,09:34:54,1767058436699,0.72,0.7198,0.0278,5519.83,0.9008,3.4025,0,0,0.72,1.002,0.719,38039300,0.718,67690900,0.717,61844200,0.716,49059600,0.715,30071700,0.720,52343800,0.721,57591900,0.722,34316100,0.723,26612600,0.724,29684700,636,0,0
sh513130,09:33:53,1767058438329,09:34:56,1767058437822,0.72,0.7198,0.0278,5519.22,0.9008,2.5004,0,0,0.72,0.993,0.719,38039300,0.718,67690900,0.717,61844200,0.716,49059600,0.715,30071700,0.720,52343800,0.721,57591900,0.722,34316100,0.723,26612600,0.724,29684700,507,0,0
sh513130,09:33:56,1767058439318,09:34:56,1767058438865,0.72,0.7197,0.0417,5519.22,0.9008,2.3371,247900,178240,0.719,0.989,0.719,32318400,0.718,73270200,0.717,61894200,0.716,49973200,0.715,30071700,0.720,55295600,0.721,57516100,0.722,34339600,0.723,26604800,0.724,29684700,453,0,0
sh513130,09:33:56,1767058440326,09:34:58,1767058439787,0.72,0.7197,0.0417,5519.43,0.9008,2.292,0,0,0.72,1.008,0.719,32318400,0.718,73270200,0.717,61894200,0.716,49973200,0.715,30071700,0.720,55295600,0.721,57516100,0.722,34339600,0.723,26604800,0.724,29684700,538,0,0
sh513130,09:33:59,1767058441324,09:34:58,1767058441029,0.72,0.7191,0.1252,5519.43,0.9008,1.0002,40300,28996,0.7195,0.998,0.719,32481600,0.718,73265200,0.717,61899200,0.716,50870300,0.715,30121700,0.720,55258400,0.721,58374300,0.722,34339600,0.723,26604800,0.724,29704700,295,0,0
sh513130,09:33:59,1767058442319,09:35:00,1767058441810,0.72,0.7191,0.1252,5518.85,0.9008,0.9955,0,0,0.72,0.995,0.719,32481600,0.718,73265200,0.717,61899200,0.716,50870300,0.715,30121700,0.720,55258400,0.721,58374300,0.722,34339600,0.723,26604800,0.724,29704700,508,0,0
sh513130,09:33:59,1767058443318,09:35:00,1767058443178,0.72,0.7191,0.1252,5518.85,0.9008,1.9281,0,0,0.72,0.999,0.719,32481600,0.718,73265200,0.717,61899200,0.716,50870300,0.715,30121700,0.720,55258400,0.721,58374300,0.722,34339600,0.723,26604800,0.724,29704700,138,0,0
sh513130,09:33:59,1767058444314,09:35:02,1767058443726,0.72,0.7191,0.1252,5519.25,0.9008,1.9119,0,0,0.72,0.996,0.719,32481600,0.718,73265200,0.717,61899200,0.716,50870300,0.715,30121700,0.720,55258400,0.721,58374300,0.722,34339600,0.723,26604800,0.724,29704700,587,0,0
sh513130,09:33:59,1767058445306,09:35:02,1767058443726,0.72,0.7191,0.1252,5519.25,0.9008,1.1597,0,0,0.72,0.992,0.719,32481600,0.718,73265200,0.717,61899200,0.716,50870300,0.715,30121700,0.720,55258400,0.721,58374300,0.722,34339600,0.723,26604800,0.724,29704700,1579,0,0
sh513130,09:34:02,1767058446305,09:35:04,1767058445834,0.72,0.7191,0.1252,5519.61,0.9008,2.0726,25000,17999,0.72,1.0,0.719,37889200,0.718,67686300,0.717,61952400,0.716,51755900,0.715,30146700,0.720,55776600,0.721,58142100,0.722,34280200,0.723,26605800,0.724,29709500,469,0,0
sh513130,09:34:02,1767058447301,09:35:04,1767058445834,0.72,0.7191,0.1252,5519.61,0.9008,0.5523,0,0,0.72,0.996,0.719,37889200,0.718,67686300,0.717,61952400,0.716,51755900,0.715,30146700,0.720,55776600,0.721,58142100,0.722,34280200,0.723,26605800,0.724,29709500,1465,0,0
sh513130,09:34:02,1767058448300,09:35:06,1767058447740,0.72,0.7191,0.1252,5520.93,0.9008,0.4123,0,0,0.72,0.999,0.719,37889200,0.718,67686300,0.717,61952400,0.716,51755900,0.715,30146700,0.720,55776600,0.721,58142100,0.722,34280200,0.723,26605800,0.724,29709500,560,0,0
sh513130,09:34:05,1767058449297,09:35:06,1767058447740,0.719,0.7191,-0.0139,5520.93,0.9008,0.8238,577900,415897,0.7197,0.997,0.719,38034200,0.718,67750700,0.717,61962900,0.716,34985800,0.715,30146700,0.720,56739300,0.721,58062400,0.722,34300200,0.723,26605800,0.724,29710500,1557,0,0
sh513130,09:34:05,1767058450294,09:35:08,1767058449787,0.719,0.7191,-0.0139,5519.66,0.9008,5.8013,0,0,0.719,0.997,0.719,38034200,0.718,67750700,0.717,61962900,0.716,34985800,0.715,30146700,0.720,56739300,0.721,58062400,0.722,34300200,0.723,26605800,0.724,29710500,507,0,0
sh513130,09:34:05,1767058451290,09:35:08,1767058449787,0.719,0.7191,-0.0139,5519.66,0.9008,5.5071,0,0,0.719,0.996,0.719,38034200,0.718,67750700,0.717,61962900,0.716,34985800,0.715,30146700,0.720,56739300,0.721,58062400,0.722,34300200,0.723,26605800,0.724,29710500,1503,0,0
sh513130,09:34:08,1767058452285,09:35:10,1767058451804,0.719,0.7191,-0.0139,5519.13,0.9008,5.3919,251500,180930,0.7194,0.995,0.719,53862800,0.718,67829800,0.717,62002900,0.716,34105100,0.715,30126700,0.720,50713300,0.721,62358700,0.722,35840200,0.723,27280300,0.724,29712500,480,0,0
sh513130,09:34:08,1767058453285,09:35:10,1767058451804,0.719,0.7191,-0.0139,5519.13,0.9008,4.7168,0,0,0.719,1.0,0.719,53862800,0.718,67829800,0.717,62002900,0.716,34105100,0.715,30126700,0.720,50713300,0.721,62358700,0.722,35840200,0.723,27280300,0.724,29712500,1480,0,0
sh513130,09:34:11,1767058454285,09:35:12,1767058453970,0.719,0.7198,-0.1111,5519.7,0.9008,4.0421,167000,120073,0.719,1.0,0.719,54634200,0.718,67769800,0.717,62002900,0.716,34145800,0.715,30121700,0.720,55271400,0.721,58347000,0.722,36713500,0.723,27280300,0.724,29712500,315,0,0
sh513130,09:34:11,1767058455286,09:35:12,1767058453970,0.719,0.7198,-0.1111,5519.7,0.9008,3.1487,0,0,0.719,1.001,0.719,54634200,0.718,67769800,0.717,62002900,0.716,34145800,0.715,30121700,0.720,55271400,0.721,58347000,0.722,36713500,0.723,27280300,0.724,29712500,1316,0,0
sh513130,09:34:11,1767058456290,09:35:14,1767058456138,0.719,0.7198,-0.1111,5520.29,0.9008,4.0493,0,0,0.719,1.003,0.719,54634200,0.718,67769800,0.717,62002900,0.716,34145800,0.715,30121700,0.720,55271400,0.721,58347000,0.722,36713500,0.723,27280300,0.724,29712500,151,0,0
sh513130,09:34:11,1767058457286,09:35:14,1767058456138,0.719,0.7198,-0.1111,5520.29,0.9008,3.4982,0,0,0.719,0.996,0.719,54634200,0.718,67769800,0.717,62002900,0.716,34145800,0.715,30121700,0.720,55271400,0.721,58347000,0.722,36713500,0.723,27280300,0.724,29712500,1147,0,0
sh513130,09:34:14,1767058458285,09:35:16,1767058457761,0.719,0.7198,-0.1111,5521.13,0.9008,3.7839,135300,97329,0.7194,1.0,0.719,56713300,0.718,67734800,0.717,62077900,0.716,34145800,0.715,30121700,0.720,46593600,0.721,62282900,0.722,38476600,0.723,27478200,0.724,29742500,524,0,0
sh513130,09:34:14,1767058459285,09:35:16,1767058458306,0.719,0.7198,-0.1111,5521.13,0.9008,6.131,0,0,0.719,0.999,0.719,56713300,0.718,67734800,0.717,62077900,0.716,34145800,0.715,30121700,0.720,46593600,0.721,62282900,0.722,38476600,0.723,27478200,0.724,29742500,978,0,0
sh513130,09:34:17,1767058460284,09:35:18,1767058459833,0.72,0.7198,0.0278,5521.46,0.9008,5.0931,374900,269568,0.719,0.999,0.719,62915000,0.718,67774200,0.717,62110400,0.716,27747800,0.715,30010700,0.720,29008300,0.721,62619500,0.722,47088300,0.723,31978200,0.724,29742500,451,0,0
sh513130,09:34:17,1767058461280,09:35:18,1767058460463,0.72,0.7198,0.0278,5521.46,0.9008,4.5596,0,0,0.72,0.996,0.719,62915000,0.718,67774200,0.717,62110400,0.716,27747800,0.715,30010700,0.720,29008300,0.721,62619500,0.722,47088300,0.723,31978200,0.724,29742500,816,0,0
sh513130,09:34:17,1767058462271,09:35:20,1767058461799,0.72,0.7198,0.0278,5521.31,0.9008,4.4813,0,0,0.72,0.991,0.719,62915000,0.718,67774200,0.717,62110400,0.716,27747800,0.715,30010700,0.720,29008300,0.721,62619500,0.722,47088300,0.723,31978200,0.724,29742500,471,0,0
sh513130,09:34:20,1767058463277,09:35:20,1767058462628,0.72,0.7198,0.0278,5521.31,0.9008,5.4012,121300,87267,0.7194,1.005,0.719,57819500,0.718,67909300,0.717,62110400,0.716,34187800,0.715,30017400,0.720,45422700,0.721,58658300,0.722,39123300,0.723,28012700,0.724,28942700,648,0,0
sh513130,09:34:20,1767058464284,09:35:22,1767058463778,0.72,0.7198,0.0278,5522.05,0.9008,6.4056,0,0,0.72,1.007,0.719,57819500,0.718,67909300,0.717,62110400,0.716,34187800,0.715,30017400,0.720,45422700,0.721,58658300,0.722,39123300,0.723,28012700,0.724,28942700,505,0,0
sh513130,09:34:20,1767058465273,09:35:22,1767058464794,0.72,0.7198,0.0278,5522.05,0.9008,7.7786,0,0,0.72,0.989,0.719,57819500,0.718,67909300,0.717,62110400,0.716,34187800,0.715,30017400,0.720,45422700,0.721,58658300,0.722,39123300,0.723,28012700,0.724,28942700,478,0,0
sh513130,09:34:23,1767058466274,09:35:24,1767058465803,0.72,0.7198,0.0278,5522.58,0.9008,6.6281,69600,50088,0.7197,1.001,0.719,63085000,0.718,67905000,0.717,62130400,0.716,29793800,0.715,30017400,0.720,29387700,0.721,62807100,0.722,47123300,0.723,32512700,0.724,28942700,471,0,0
sh513130,09:34:23,1767058467284,09:35:24,1767058466954,0.72,0.7198,0.0278,5522.58,0.9008,5.9908,0,0,0.72,1.01,0.719,63085000,0.718,67905000,0.717,62130400,0.716,29793800,0.715,30017400,0.720,29387700,0.721,62807100,0.722,47123300,0.723,32512700,0.724,28942700,329,0,0
sh513130,09:34:23,1767058468288,09:35:26,1767058467748,0.72,0.7198,0.0278,5521.97,0.9008,5.7168,0,0,0.72,1.004,0.719,63085000,0.718,67905000,0.717,62130400,0.716,29793800,0.715,30017400,0.720,29387700,0.721,62807100,0.722,47123300,0.723,32512700,0.724,28942700,539,0,0
sh513130,09:34:26,1767058469285,09:35:26,1767058469134,0.72,0.7198,0.0278,5521.97,0.9008,4.854,116200,83562,0.7191,0.997,0.719,59359400,0.718,67908000,0.717,62134600,0.716,34173800,0.715,30017400,0.720,48765600,0.721,59792100,0.722,39133300,0.723,27612700,0.724,28942700,151,0,0
sh513130,09:34:26,1767058470298,09:35:28,1767058469754,0.72,0.7198,0.0278,5521.59,0.9008,4.0576,0,0,0.72,1.013,0.719,59359400,0.718,67908000,0.717,62134600,0.716,34173800,0.715,30017400,0.720,48765600,0.721,59792100,0.722,39133300,0.723,27612700,0.724,28942700,544,0,0
sh513130,09:34:26,1767058471296,09:35:28,1767058469754,0.72,0.7198,0.0278,5521.59,0.9008,4.0395,0,0,0.72,0.999,0.719,59359400,0.718,67908000,0.717,62134600,0.716,34173800,0.715,30017400,0.720,48765600,0.721,59792100,0.722,39133300,0.723,27612700,0.724,28942700,1542,0,0
sh513130,09:34:29,1767058472284,09:35:30,1767058471776,0.72,0.7198,0.0278,5521.07,0.9008,3.5252,189600,136372,0.7193,0.988,0.719,59737500,0.718,67948000,0.717,62161700,0.716,34992600,0.715,30022900,0.720,50123700,0.721,59764000,0.722,39133300,0.723,27612700,0.724,29442700,508,0,0
sh513130,09:34:29,1767058473281,09:35:30,1767058471776,0.72,0.7198,0.0278,5521.07,0.9008,2.857,0,0,0.72,0.997,0.719,59737500,0.718,67948000,0.717,62161700,0.716,34992600,0.715,30022900,0.720,50123700,0.721,59764000,0.722,39133300,0.723,27612700,0.724,29442700,1505,0,0
sh513130,09:34:29,1767058474282,09:35:32,1767058473744,0.72,0.7198,0.0278,5521.4,0.9008,4.2768,0,0,0.72,1.001,0.719,59737500,0.718,67948000,0.717,62161700,0.716,34992600,0.715,30022900,0.720,50123700,0.721,59764000,0.722,39133300,0.723,27612700,0.724,29442700,537,0,0
sh513130,09:34:32,1767058475284,09:35:32,1767058473744,0.72,0.7198,0.0278,5521.4,0.9008,4.2102,27600,19872,0.72,1.002,0.719,67375900,0.718,67951000,0.717,62164700,0.716,27586700,0.715,30025900,0.720,31954600,0.721,63820000,0.722,47133300,0.723,32626500,0.724,29223300,1539,0,0
sh513130,09:34:32,1767058476278,09:35:34,1767058475749,0.72,0.7198,0.0278,5520.56,0.9008,3.8676,0,0,0.72,0.994,0.719,67375900,0.718,67951000,0.717,62164700,0.716,27586700,0.715,30025900,0.720,31954600,0.721,63820000,0.722,47133300,0.723,32626500,0.724,29223300,527,0,0
sh513130,09:34:32,1767058477276,09:35:34,1767058475749,0.72,0.7198,0.0278,5520.56,0.9008,3.7727,0,0,0.72,0.998,0.719,67375900,0.718,67951000,0.717,62164700,0.716,27586700,0.715,30025900,0.720,31954600,0.721,63820000,0.722,47133300,0.723,32626500,0.724,29223300,1525,0,0
sh513130,09:34:35,1767058478279,09:35:36,1767058477824,0.719,0.7198,-0.1111,5519.3,0.9008,3.8039,292300,210233,0.7192,1.003,0.719,60177700,0.718,67954800,0.717,62155600,0.716,34971700,0.715,30025900,0.720,49576300,0.721,60090000,0.722,39251600,0.723,27726500,0.724,29204600,454,0,0
sh513130,09:34:35,1767058479273,09:35:36,1767058477824,0.719,0.7198,-0.1111,5519.3,0.9008,3.7351,0,0,0.719,0.994,0.719,60177700,0.718,67954800,0.717,62155600,0.716,34971700,0.715,30025900,0.720,49576300,0.721,60090000,0.722,39251600,0.723,27726500,0.724,29204600,1449,0,0
sh513130,09:34:38,1767058480273,09:35:38,1767058479933,0.719,0.7198,-0.1111,5519.99,0.9008,5.0131,24700,17760,0.719,1.0,0.719,39791000,0.718,73597900,0.717,62264300,0.716,49971700,0.715,29996600,0.720,53092200,0.721,59990000,0.722,38261600,0.723,27776500,0.724,29204600,339,0,0
sh513130,09:34:35,1767058481287,09:35:38,1767058479933,0.719,0.7198,-0.1111,5519.99,0.9008,5.0758,0,0,0.719,1.014,0.719,60177700,0.718,67954800,0.717,62155600,0.716,34971700,0.715,30025900,0.720,49576300,0.721,60090000,0.722,39251600,0.723,27726500,0.724,29204600,1353,0,1
sh513130,09:34:38,1767058482281,09:35:40,1767058482090,0.719,0.7198,-0.1111,5519.64,0.9008,4.9922,24700,17760,0.719,0.994,0.719,39791000,0.718,73597900,0.717,62264300,0.716,49971700,0.715,29996600,0.720,53092200,0.721,59990000,0.722,38261600,0.723,27776500,0.724,29204600,190,0,0
sh513130,09:34:41,1767058483276,09:35:40,1767058482090,0.719,0.7198,-0.1111,5519.64,0.9008,4.9082,73800,53094,0.7194,0.995,0.719,34556200,0.718,74099800,0.717,62314300,0.716,49951000,0.715,29947100,0.720,59194800,0.721,65012700,0.722,43261600,0.723,27847800,0.724,29204600,1186,0,0
sh513130,09:34:41,1767058484279,09:35:42,1767058484247,0.719,0.7198,-0.1111,5519.71,0.9008,4.7684,0,0,0.719,1.003,0.719,34556200,0.718,74099800,0.717,62314300,0.716,49951000,0.715,29947100,0.720,59194800,0.721,65012700,0.722,43261600,0.723,27847800,0.724,29204600,31,0,0
sh513130,09:34:41,1767058485275,09:35:42,1767058484247,0.719,0.7198,-0.1111,5519.71,0.9008,4.5026,0,0,0.719,0.996,0.719,34556200,0.718,74099800,0.717,62314300,0.716,49951000,0.715,29947100,0.720,59194800,0.721,65012700,0.722,43261600,0.723,27847800,0.724,29204600,1027,0,0
sh513130,09:34:41,1767058486279,09:35:44,1767058485833,0.719,0.7198,-0.1111,5518.21,0.9008,4.4249,0,0,0.719,1.003,0.719,34556200,0.718,74099800,0.717,62314300,0.716,49951000,0.715,29947100,0.720,59194800,0.721,65012700,0.722,43261600,0.723,27847800,0.724,29204600,445,0,0
sh513130,09:34:44,1767058487284,09:35:44,1767058486399,0.719,0.7198,-0.1111,5518.21,0.9008,5.3679,2029200,1458998,0.719,1.006,0.719,22259100,0.718,76182600,0.717,65086300,0.716,50831700,0.715,29956400,0.720,59943000,0.721,64961000,0.722,42251600,0.723,27847800,0.724,27224600,885,0,0
sh513130,09:34:44,1767058488282,09:35:46,1767058487759,0.719,0.7198,-0.1111,5516.82,0.9008,5.1269,0,0,0.719,0.998,0.719,22259100,0.718,76182600,0.717,65086300,0.716,50831700,0.715,29956400,0.720,59943000,0.721,64961000,0.722,42251600,0.723,27847800,0.724,27224600,523,0,0
sh513130,09:34:44,1767058489271,09:35:46,1767058488554,0.719,0.7198,-0.1111,5516.82,0.9008,4.4302,0,0,0.719,0.989,0.719,22259100,0.718,76182600,0.717,65086300,0.716,50831700,0.715,29956400,0.720,59943000,0.721,64961000,0.722,42251600,0.723,27847800,0.724,27224600,717,0,0
sh513130,09:34:47,1767058490270,09:35:48,1767058489771,0.719,0.7198,-0.1111,5517.77,0.9008,4.1489,2272700,1634083,0.719,0.999,0.719,23519800,0.718,76267900,0.717,65086300,0.716,51732400,0.715,29959200,0.720,58947800,0.721,64916800,0.722,42568500,0.723,27847800,0.724,27224600,498,0,0
sh513130,09:34:47,1767058491266,09:35:48,1767058490713,0.719,0.7198,-0.1111,5517.77,0.9008,4.0755,0,0,0.719,0.996,0.719,23519800,0.718,76267900,0.717,65086300,0.716,51732400,0.715,29959200,0.720,58947800,0.721,64916800,0.722,42568500,0.723,27847800,0.724,27224600,552,0,0
sh513130,09:34:47,1767058492261,09:35:50,1767058491834,0.719,0.7198,-0.1111,5516.6,0.9008,5.1875,0,0,0.719,0.995,0.719,23519800,0.718,76267900,0.717,65086300,0.716,51732400,0.715,29959200,0.720,58947800,0.721,64916800,0.722,42568500,0.723,27847800,0.724,27224600,427,0,0
sh513130,09:34:50,1767058493263,09:35:50,1767058492873,0.719,0.7198,-0.1111,5516.6,0.9008,6.6406,19263900,13850835,0.719,1.002,0.719,48400,0.718,76534800,0.717,65661500,0.716,53613100,0.715,29959200,0.720,59242000,0.721,64305300,0.722,42568500,0.723,27857800,0.724,27244600,389,0,0
sh513130,09:34:50,1767058494266,09:35:52,1767058493761,0.719,0.7198,-0.1111,5516.75,0.9008,6.7574,0,0,0.719,1.002,0.719,48400,0.718,76534800,0.717,65661500,0.716,53613100,0.715,29959200,0.720,59242000,0.721,64305300,0.722,42568500,0.723,27857800,0.724,27244600,504,0,0
sh513130,09:34:50,1767058495261,09:35:52,1767058495041,0.719,0.7198,-0.1111,5516.75,0.9008,6.1359,0,0,0.719,0.996,0.719,48400,0.718,76534800,0.717,65661500,0.716,53613100,0.715,29959200,0.720,59242000,0.721,64305300,0.722,42568500,0.723,27857800,0.724,27244600,219,0,0
sh513130,09:34:53,1767058496257,09:35:54,1767058495785,0.719,0.7198,-0.1111,5517.26,0.9008,5.7605,1706500,1226953,0.719,0.996,0.718,79310600,0.717,65769200,0.716,59894800,0.715,30180900,0.714,23805000,0.720,57597500,0.721,61756800,0.722,41557000,0.723,27857800,0.724,27223600,472,0,0
sh513130,09:34:53,1767058497258,09:35:54,1767058497210,0.719,0.7198,-0.1111,5517.26,0.9008,5.6721,0,0,0.719,1.0,0.718,79310600,0.717,65769200,0.716,59894800,0.715,30180900,0.714,23805000,0.720,57597500,0.721,61756800,0.722,41557000,0.723,27857800,0.724,27223600,47,0,0
sh513130,09:34:53,1767058498268,09:35:56,1767058497785,0.719,0.7198,-0.1111,5516.27,0.9008,4.7322,0,0,0.719,1.011,0.718,79310600,0.717,65769200,0.716,59894800,0.715,30180900,0.714,23805000,0.720,57597500,0.721,61756800,0.722,41557000,0.723,27857800,0.724,27223600,482,0,0
sh513130,09:34:56,1767058499268,09:35:56,1767058497785,0.72,0.7198,0.0278,5516.27,0.9008,3.6435,7161100,5148944,0.719,0.999,0.719,12786900,0.718,78419300,0.717,66192100,0.716,55884800,0.715,30714600,0.720,57597500,0.721,61761800,0.722,42198600,0.723,27857800,0.724,27223600,1481,0,0
sh513130,09:34:56,1767058500268,09:35:58,1767058499769,0.72,0.7198,0.0278,5517.02,0.9008,3.4442,0,0,0.72,1.0,0.719,12786900,0.718,78419300,0.717,66192100,0.716,55884800,0.715,30714600,0.720,57597500,0.721,61761800,0.722,42198600,0.723,27857800,0.724,27223600,498,0,0
sh513130,09:34:56,1767058501258,09:35:58,1767058499769,0.72,0.7198,0.0278,5517.02,0.9008,3.9536,0,0,0.72,0.99,0.719,12786900,0.718,78419300,0.717,66192100,0.716,55884800,0.715,30714600,0.720,57597500,0.721,61761800,0.722,42198600,0.723,27857800,0.724,27223600,1488,0,0
sh513130,09:34:59,1767058502268,09:36:00,1767058501813,0.72,0.7191,0.1252,5521.94,0.9008,3.772,85100,61188,0.719,1.01,0.719,19166800,0.718,79654100,0.717,66196100,0.716,55398300,0.715,30714800,0.720,58053600,0.721,61761800,0.722,42606600,0.723,27860800,0.724,27223600,454,0,0
sh513130,09:34:59,1767058503261,09:36:00,1767058501813,0.72,0.7191,0.1252,5521.94,0.9008,9.1595,0,0,0.72,0.993,0.719,19166800,0.718,79654100,0.717,66196100,0.716,55398300,0.715,30714800,0.720,58053600,0.721,61761800,0.722,42606600,0.723,27860800,0.724,27223600,1447,0,0
sh513130,09:34:59,1767058504270,09:36:02,1767058503815,0.72,0.7191,0.1252,5521.85,0.9008,9.2449,0,0,0.72,1.009,0.719,19166800,0.718,79654100,0.717,66196100,0.716,55398300,0.715,30714800,0.720,58053600,0.721,61761800,0.722,42606600,0.723,27860800,0.724,27223600,455,0,0
sh513130,09:34:59,1767058505266,09:36:02,1767058503815,0.72,0.7191,0.1252,5521.85,0.9008,9.2612,0,0,0.72,0.996,0.719,19166800,0.718,79654100,0.717,66196100,0.716,55398300,0.715,30714800,0.720,58053600,0.721,61761800,0.722,42606600,0.723,27860800,0.724,27223600,1451,0,0
sh513130,09:35:02,1767058506259,09:36:04,1767058505880,0.719,0.7191,-0.0139,5520.21,0.9008,8.3678,183700,132111,0.7192,0.992,0.719,49357300,0.718,75301000,0.717,66397000,0.716,35994800,0.715,30592800,0.720,58871100,0.721,62811700,0.722,42764000,0.723,28662800,0.724,27223600,378,0,0
sh513130,09:35:02,1767058507269,09:36:04,1767058505880,0.719,0.7191,-0.0139,5520.21,0.9008,7.8581,0,0,0.719,1.01,0.719,49357300,0.718,75301000,0.717,66397000,0.716,35994800,0.715,30592800,0.720,58871100,0.721,62811700,0.722,42764000,0.723,28662800,0.724,27223600,1388,0,0
sh513130,09:35:05,1767058508287,09:36:06,1767058508047,0.72,0.7191,0.1252,5521.02,0.9008,7.6873,42300,30419,0.7191,1.018,0.719,54008200,0.718,82979200,0.717,66404400,0.716,46651000,0.715,30602800,0.720,59126800,0.721,63002100,0.722,43504000,0.723,29199800,0.724,27223600,239,0,0
sh513130,09:35:05,1767058509281,09:36:06,1767058508047,0.72,0.7191,0.1252,5521.02,0.9008,7.3245,0,0,0.72,0.994,0.719,54008200,0.718,82979200,0.717,66404400,0.716,46651000,0.715,30602800,0.720,59126800,0.721,63002100,0.722,43504000,0.723,29199800,0.724,27223600,1233,0,0
sh513130,09:35:05,1767058510280,09:36:08,1767058510216,0.72,0.7191,0.1252,5520.15,0.9008,7.2367,0,0,0.72,0.999,0.719,54008200,0.718,82979200,0.717,66404400,0.716,46651000,0.715,30602800,0.720,59126800,0.721,63002100,0.722,43504000,0.723,29199800,0.724,27223600,63,0,0
sh513130,09:35:08,1767058511278,09:36:08,1767058510216,0.72,0.7191,0.1252,5520.15,0.9008,6.5423,1380900,993385,0.7194,0.998,0.719,72069100,0.718,83022400,0.717,66405100,0.716,28660300,0.715,30607800,0.720,53511700,0.721,66748900,0.722,43504000,0.723,29134800,0.724,27223600,1061,0,0
sh513130,09:35:08,1767058512284,09:36:10,1767058511746,0.72,0.7191,0.1252,5520.65,0.9008,6.939,0,0,0.72,1.006,0.719,72069100,0.718,83022400,0.717,66405100,0.716,28660300,0.715,30607800,0.720,53511700,0.721,66748900,0.722,43504000,0.723,29134800,0.724,27223600,537,0,0
sh513130,09:35:08,1767058513271,09:36:10,1767058512378,0.72,0.7191,0.1252,5520.65,0.9008,6.8103,0,0,0.72,0.988,0.719,72069100,0.718,83022400,0.717,66405100,0.716,28660300,0.715,30607800,0.720,53511700,0.721,66748900,0.722,43504000,0.723,29134800,0.724,27223600,892,0,0
sh513130,09:35:11,1767058514283,09:36:12,1767058513815,0.72,0.7198,0.0278,5522.74,0.9008,6.5461,130600,93971,0.7195,1.012,0.719,74218200,0.718,83029500,0.717,66430100,0.716,28650500,0.715,30612800,0.720,54024300,0.721,66757600,0.722,44484000,0.723,29134800,0.724,27196400,468,0,0
sh513130,09:35:08,1767058515274,09:36:12,1767058514548,0.72,0.7191,0.1252,5522.74,0.9008,6.5273,0,0,0.72,0.991,0.719,72069100,0.718,83022400,0.717,66405100,0.716,28660300,0.715,30607800,0.720,53511700,0.721,66748900,0.722,43504000,0.723,29134800,0.724,27223600,726,0,1
sh513130,09:35:11,1767058516268,09:36:14,1767058515784,0.72,0.7198,0.0278,5520.07,0.9008,4.7647,130600,93971,0.7195,0.994,0.719,74218200,0.718,83029500,0.717,66430100,0.716,28650500,0.715,30612800,0.720,54024300,0.721,66757600,0.722,44484000,0.723,29134800,0.724,27196400,483,0,0
sh513130,09:35:14,1767058517273,09:36:14,1767058516709,0.72,0.7198,0.0278,5520.07,0.9008,4.875,496000,357103,0.72,1.005,0.719,53731900,0.718,82975200,0.717,66410100,0.716,51030500,0.715,30732800,0.720,53960100,0.721,63298600,0.722,44484000,0.723,29384800,0.724,27196400,564,0,0
sh513130,09:35:14,1767058518275,09:36:16,1767058517862,0.72,0.7198,0.0278,5519.95,0.9008,4.2864,0,0,0.72,1.002,0.719,53731900,0.718,82975200,0.717,66410100,0.716,51030500,0.715,30732800,0.720,53960100,0.721,63298600,0.722,44484000,0.723,29384800,0.724,27196400,412,0,0
sh513130,09:35:14,1767058519283,09:36:16,1767058518871,0.72,0.7198,0.0278,5519.95,0.9008,4.1246,0,0,0.72,1.008,0.719,53731900,0.718,82975200,0.717,66410100,0.716,51030500,0.715,30732800,0.720,53960100,0.721,63298600,0.722,44484000,0.723,29384800,0.724,27196400,411,0,0
sh513130,09:35:17,1767058520277,09:36:18,1767058519776,0.72,0.7198,0.0278,5520.61,0.9008,3.6435,142600,102534,0.719,0.994,0.719,75925400,0.718,82859100,0.717,66412100,0.716,28625500,0.715,30757800,0.720,58774800,0.721,63312100,0.722,43494000,0.723,29384800,0.724,27196400,500,0,0
sh513130,09:35:17,1767058521276,09:36:18,1767058521027,0.72,0.7198,0.0278,5520.61,0.9008,3.5771,0,0,0.72,0.999,0.719,75925400,0.718,82859100,0.717,66412100,0.716,28625500,0.715,30757800,0.720,58774800,0.721,63312100,0.722,43494000,0.723,29384800,0.724,27196400,249,0,0
sh513130,09:35:20,1767058522272,09:36:20,1767058521756,0.72,0.7198,0.0278,5520.53,0.9008,3.6093,221700,159611,0.7199,0.996,0.719,76820200,0.718,82861400,0.717,66451700,0.716,28626500,0.715,30787800,0.720,59830300,0.721,63509700,0.722,43594000,0.723,29384800,0.724,27208900,515,0,0
sh513130,09:35:17,1767058523267,09:36:20,1767058523199,0.72,0.7198,0.0278,5520.53,0.9008,3.5453,0,0,0.72,0.995,0.719,75925400,0.718,82859100,0.717,66412100,0.716,28625500,0.715,30757800,0.720,58774800,0.721,63312100,0.722,43494000,0.723,29384800,0.724,27196400,68,0,1
sh513130,09:35:20,1767058524268,09:36:22,1767058523898,0.72,0.7198,0.0278,5520.48,0.9008,3.3837,221700,159611,0.7199,1.0,0.719,76820200,0.718,82861400,0.717,66451700,0.716,28626500,0.715,30787800,0.720,59830300,0.721,63509700,0.722,43594000,0.723,29384800,0.724,27208900,369,0,0
sh513130,09:35:23,1767058525264,09:36:22,1767058523898,0.72,0.7198,0.0278,5520.48,0.9008,4.0138,53000,38160,0.72,0.997,0.719,76918100,0.718,83861400,0.717,66495700,0.716,28640900,0.715,30787800,0.720,43765900,0.721,67525400,0.722,51594000,0.723,29385000,0.724,27242200,1365,0,0
sh513130,09:35:23,1767058526258,09:36:24,1767058525719,0.72,0.7198,0.0278,5521.36,0.9008,5.0005,0,0,0.72,0.993,0.719,76918100,0.718,83861400,0.717,66495700,0.716,28640900,0.715,30787800,0.720,43765900,0.721,67525400,0.722,51594000,0.723,29385000,0.724,27242200,538,0,0
sh513130,09:35:23,1767058527265,09:36:24,1767058525719,0.72,0.7198,0.0278,5521.36,0.9008,4.7706,0,0,0.72,1.007,0.719,76918100,0.718,83861400,0.717,66495700,0.716,28640900,0.715,30787800,0.720,43765900,0.721,67525400,0.722,51594000,0.723,29385000,0.724,27242200,1545,0,0
sh513130,09:35:23,1767058528256,09:36:26,1767058527732,0.72,0.7198,0.0278,5521.59,0.9008,6.8834,0,0,0.72,0.991,0.719,76918100,0.718,83861400,0.717,66495700,0.716,28640900,0.715,30787800,0.720,43765900,0.721,67525400,0.722,51594000,0.723,29385000,0.724,27242200,524,0,0
sh513130,09:35:26,1767058529258,09:36:26,1767058527732,0.719,0.7198,-0.1111,5521.59,0.9008,6.7935,152000,109389,0.7197,1.002,0.719,77110600,0.718,83922700,0.717,66501800,0.716,28642800,0.715,30751400,0.720,47386700,0.721,67455400,0.722,45457300,0.723,34855000,0.724,27242200,1526,0,0
sh513130,09:35:26,1767058530263,09:36:28,1767058529798,0.719,0.7198,-0.1111,5521.87,0.9008,5.8655,0,0,0.719,1.005,0.719,77110600,0.718,83922700,0.717,66501800,0.716,28642800,0.715,30751400,0.720,47386700,0.721,67455400,0.722,45457300,0.723,34855000,0.724,27242200,464,0,0
sh513130,09:35:26,1767058531260,09:36:28,1767058529798,0.719,0.7198,-0.1111,5521.87,0.9008,5.0037,0,0,0.719,0.997,0.719,77110600,0.718,83922700,0.717,66501800,0.716,28642800,0.715,30751400,0.720,47386700,0.721,67455400,0.722,45457300,0.723,34855000,0.724,27242200,1461,0,0
sh513130,09:35:26,1767058532264,09:36:30,1767058531842,0.719,0.7198,-0.1111,5521.68,0.9008,4.9924,0,0,0.719,1.004,0.719,77110600,0.718,83922700,0.717,66501800,0.716,28642800,0.715,30751400,0.720,47386700,0.721,67455400,0.722,45457300,0.723,34855000,0.724,27242200,422,0,0
sh513130,09:35:29,1767058533260,09:36:30,1767058531842,0.72,0.7198,0.0278,5521.68,0.9008,4.7494,50600,36412,0.7196,0.996,0.719,76866300,0.718,83969300,0.717,66502000,0.716,28642800,0.715,30758400,0.720,52562800,0.721,63529100,0.722,45500000,0.723,34455000,0.724,27242200,1417,0,0
sh513130,09:35:29,1767058534264,09:36:32,1767058533997,0.72,0.7198,0.0278,5520.74,0.9008,3.9876,0,0,0.72,1.004,0.719,76866300,0.718,83969300,0.717,66502000,0.716,28642800,0.715,30758400,0.720,52562800,0.721,63529100,0.722,45500000,0.723,34455000,0.724,27242200,267,0,0
sh513130,09:35:32,1767058535256,09:36:32,1767058533997,0.719,0.7198,-0.1111,5520.74,0.9008,3.5463,108000,77660,0.7191,0.992,0.719,78883000,0.718,81974300,0.717,66502000,0.716,28642800,0.715,30788400,0.720,48316100,0.721,67724600,0.722,45672400,0.723,34435000,0.724,27305700,1259,0,0
sh513130,09:35:32,1767058536259,09:36:34,1767058536151,0.719,0.7198,-0.1111,5521.48,0.9008,2.9201,0,0,0.719,1.002,0.719,78883000,0.718,81974300,0.717,66502000,0.716,28642800,0.715,30788400,0.720,48316100,0.721,67724600,0.722,45672400,0.723,34435000,0.724,27305700,107,0,0
sh513130,09:35:32,1767058537260,09:36:34,1767058536151,0.719,0.7198,-0.1111,5521.48,0.9008,2.6771,0,0,0.719,1.002,0.719,78883000,0.718,81974300,0.717,66502000,0.716,28642800,0.715,30788400,0.720,48316100,0.721,67724600,0.722,45672400,0.723,34435000,0.724,27305700,1109,0,0
sh513130,09:35:32,1767058538260,09:36:36,1767058537808,0.719,0.7198,-0.1111,5521.15,0.9008,2.626,0,0,0.719,0.999,0.719,78883000,0.718,81974300,0.717,66502000,0.716,28642800,0.715,30788400,0.720,48316100,0.721,67724600,0.722,45672400,0.723,34435000,0.724,27305700,451,0,0
sh513130,09:35:35,1767058539267,09:36:36,1767058538302,0.72,0.7198,0.0278,5521.15,0.9008,3.2609,557600,401472,0.72,1.008,0.719,80307300,0.718,81970500,0.717,66604600,0.716,28642800,0.715,30788400,0.720,54464700,0.721,63718100,0.722,44690400,0.723,34435000,0.724,27405700,965,0,0
sh513130,09:35:35,1767058540255,09:36:38,1767058539768,0.72,0.7198,0.0278,5520.19,0.9008,3.8431,0,0,0.72,0.988,0.719,80307300,0.718,81970500,0.717,66604600,0.716,28642800,0.715,30788400,0.720,54464700,0.721,63718100,0.722,44690400,0.723,34435000,0.724,27405700,485,0,0
sh513130,09:35:38,1767058541258,09:36:38,1767058540459,0.719,0.7198,-0.1111,5520.19,0.9008,3.7739,1059300,761669,0.719,1.003,0.719,54683100,0.718,82052400,0.717,66617600,0.716,51012800,0.715,30589400,0.720,61535600,0.721,64060600,0.722,44697600,0.723,29435000,0.724,27457400,798,0,0
sh513130,09:35:38,1767058542253,09:36:40,1767058541792,0.719,0.7198,-0.1111,5519.55,0.9008,3.3095,0,0,0.719,0.995,0.719,54683100,0.718,82052400,0.717,66617600,0.716,51012800,0.715,30589400,0.720,61535600,0.721,64060600,0.722,44697600,0.723,29435000,0.724,27457400,461,0,0
sh513130,09:35:38,1767058543240,09:36:40,1767058542625,0.719,0.7198,-0.1111,5519.55,0.9008,3.1395,0,0,0.719,0.987,0.719,54683100,0.718,82052400,0.717,66617600,0.716,51012800,0.715,30589400,0.720,61535600,0.721,64060600,0.722,44697600,0.723,29435000,0.724,27457400,614,0,0
sh513130,09:35:41,1767058544240,09:36:42,1767058543741,0.719,0.7198,-0.1111,5519.3,0.9008,3.0261,164300,118261,0.7198,1.001,0.719,38609100,0.718,87653400,0.717,68628300,0.716,51012800,0.715,30822300,0.720,63630300,0.721,64081200,0.722,43721600,0.723,29435000,0.724,29493900,499,0,0
sh513130,09:35:41,1767058545247,09:36:42,1767058544783,0.719,0.7198,-0.1111,5519.3,0.9008,3.0545,0,0,0.719,1.006,0.719,38609100,0.718,87653400,0.717,68628300,0.716,51012800,0.715,30822300,0.720,63630300,0.721,64081200,0.722,43721600,0.723,29435000,0.724,29493900,463,0,0
sh513130,09:35:41,1767058546241,09:36:44,1767058545743,0.719,0.7198,-0.1111,5519.57,0.9008,2.986,0,0,0.719,0.995,0.719,38609100,0.718,87653400,0.717,68628300,0.716,51012800,0.715,30822300,0.720,63630300,0.721,64081200,0.722,43721600,0.723,29435000,0.724,29493900,498,0,0
sh513130,09:35:44,1767058547236,09:36:44,1767058546947,0.72,0.7191,0.1252,5519.57,0.9008,3.3476,230100,165462,0.7191,0.994,0.719,69612500,0.718,82133400,0.717,68629300,0.716,28546500,0.715,30823500,0.720,63851600,0.721,64116600,0.722,43741600,0.723,29435000,0.724,29495200,288,0,0
sh513130,09:35:44,1767058548233,09:36:46,1767058547777,0.72,0.7191,0.1252,5520.26,0.9008,4.2961,0,0,0.72,0.997,0.719,69612500,0.718,82133400,0.717,68629300,0.716,28546500,0.715,30823500,0.720,63851600,0.721,64116600,0.722,43741600,0.723,29435000,0.724,29495200,455,0,0
sh513130,09:35:44,1767058549228,09:36:46,1767058549101,0.72,0.7191,0.1252,5520.26,0.9008,4.4147,0,0,0.72,0.996,0.719,69612500,0.718,82133400,0.717,68629300,0.716,28546500,0.715,30823500,0.720,63851600,0.721,64116600,0.722,43741600,0.723,29435000,0.724,29495200,127,0,0
sh513130,09:35:47,1767058550229,09:36:48,1767058549813,0.719,0.7191,-0.0139,5520.85,0.9008,4.3381,93500,67245,0.7192,1.0,0.719,70740700,0.718,82136400,0.717,68629300,0.716,28537500,0.715,30830500,0.720,62342300,0.721,64752100,0.722,44575000,0.723,29435000,0.724,29495200,415,0,0
sh513130,09:35:47,1767058551222,09:36:48,1767058549813,0.719,0.7191,-0.0139,5520.85,0.9008,3.5308,0,0,0.719,0.993,0.719,70740700,0.718,82136400,0.717,68629300,0.716,28537500,0.715,30830500,0.720,62342300,0.721,64752100,0.722,44575000,0.723,29435000,0.724,29495200,1409,0,0
sh513130,09:35:47,1767058552226,09:36:50,1767058551725,0.719,0.7191,-0.0139,5521.0,0.9008,3.1914,0,0,0.719,1.004,0.719,70740700,0.718,82136400,0.717,68629300,0.716,28537500,0.715,30830500,0.720,62342300,0.721,64752100,0.722,44575000,0.723,29435000,0.724,29495200,501,0,0
sh513130,09:35:50,1767058553226,09:36:50,1767058551725,0.719,0.7198,-0.1111,5521.0,0.9008,3.1599,85000,61144,0.7193,1.0,0.719,73934900,0.718,82184500,0.717,68663200,0.716,28557500,0.715,30830500,0.720,58481000,0.721,68779200,0.722,44575000,0.723,29445000,0.724,29495200,1501,0,0
sh513130,09:35:50,1767058554230,09:36:52,1767058553827,0.719,0.7198,-0.1111,5521.43,0.9008,2.7486,0,0,0.719,1.003,0.719,73934900,0.718,82184500,0.717,68663200,0.716,28557500,0.715,30830500,0.720,58481000,0.721,68779200,0.722,44575000,0.723,29445000,0.724,29495200,402,0,0
sh513130,09:35:53,1767058555224,09:36:52,1767058553827,0.719,0.7198,-0.1111,5521.43,0.9008,2.6992,85000,61150,0.7194,0.994,0.719,75169200,0.718,82214500,0.717,68708100,0.716,28557500,0.715,30823500,0.720,57657500,0.721,69207800,0.722,45565000,0.723,29501400,0.724,29495200,1396,0,0
sh513130,09:35:53,1767058556226,09:36:54,1767058555816,0.719,0.7198,-0.1111,5522.55,0.9008,2.5188,0,0,0.719,1.002,0.719,75169200,0.718,82214500,0.717,68708100,0.716,28557500,0.715,30823500,0.720,57657500,0.721,69207800,0.722,45565000,0.723,29501400,0.724,29495200,409,0,0
sh513130,09:35:53,1767058557237,09:36:54,1767058555816,0.719,0.7198,-0.1111,5522.55,0.9008,5.2294,0,0,0.719,1.011,0.719,75169200,0.718,82214500,0.717,68708100,0.716,28557500,0.715,30823500,0.720,57657500,0.721,69207800,0.722,45565000,0.723,29501400,0.724,29495200,1420,0,0
sh513130,09:35:53,1767058558234,09:36:56,1767058557951,0.719,0.7198,-0.1111,5521.25,0.9008,5.5438,0,0,0.719,0.997,0.719,75169200,0.718,82214500,0.717,68708100,0.716,28557500,0.715,30823500,0.720,57657500,0.721,69207800,0.722,45565000,0.723,29501400,0.724,29495200,281,0,0
sh513130,09:35:53,1767058559237,09:36:56,1767058557951,0.719,0.7198,-0.1111,5521.25,0.9008,4.9587,0,0,0.719,1.003,0.719,75169200,0.718,82214500,0.717,68708100,0.716,28557500,0.715,30823500,0.720,57657500,0.721,69207800,0.722,45565000,0.723,29501400,0.724,29495200,1284,0,0
sh513130,09:35:56,1767058560237,09:36:58,1767058559905,0.719,0.7198,-0.1111,5522.07,0.9008,4.3167,294200,211596,0.7192,1.0,0.719,75841500,0.718,82497100,0.717,68712100,0.716,28588500,0.715,30848300,0.720,62897300,0.721,65207800,0.722,45535000,0.723,29517900,0.724,29495200,331,0,0
sh513130,09:35:56,1767058561238,09:36:58,1767058559905,0.719,0.7198,-0.1111,5522.07,0.9008,4.2729,0,0,0.719,1.002,0.719,75841500,0.718,82497100,0.717,68712100,0.716,28588500,0.715,30848300,0.720,62897300,0.721,65207800,0.722,45535000,0.723,29517900,0.724,29495200,1333,0,0
sh513130,09:35:59,1767058562239,09:37:00,1767058562066,0.719,0.7198,-0.1111,5521.29,0.9008,3.6267,186000,133888,0.7198,1.001,0.719,77574800,0.718,82568500,0.717,68731000,0.716,28588500,0.715,30832100,0.720,59311300,0.721,69310800,0.722,44545000,0.723,29497900,0.724,29495200,173,0,0
sh513130,09:35:59,1767058563252,09:37:00,1767058562066,0.719,0.7198,-0.1111,5521.29,0.9008,3.4799,0,0,0.719,1.012,0.719,77574800,0.718,82568500,0.717,68731000,0.716,28588500,0.715,30832100,0.720,59311300,0.721,69310800,0.722,44545000,0.723,29497900,0.724,29495200,1185,0,0
sh513130,09:35:59,1767058564243,09:37:02,1767058564228,0.719,0.7198,-0.1111,5521.04,0.9008,3.2178,0,0,0.719,0.991,0.719,77574800,0.718,82568500,0.717,68731000,0.716,28588500,0.715,30832100,0.720,59311300,0.721,69310800,0.722,44545000,0.723,29497900,0.724,29495200,15,0,0
sh513130,09:36:02,1767058565221,09:37:02,1767058564228,0.72,0.7198,0.0278,5521.04,0.9008,5.8664,29900,21528,0.72,0.979,0.719,80206900,0.718,82618500,0.717,69273600,0.716,28593500,0.715,30846100,0.720,68193800,0.721,65310800,0.722,43535000,0.723,29497900,0.724,29495200,993,0,0
sh513130,09:36:02,1767058566212,09:37:04,1767058565806,0.72,0.7198,0.0278,5520.67,0.9008,5.6896,0,0,0.72,0.99,0.719,80206900,0.718,82618500,0.717,69273600,0.716,28593500,0.715,30846100,0.720,68193800,0.721,65310800,0.722,43535000,0.723,29497900,0.724,29495200,405,0,0
sh513130,09:36:05,1767058567209,09:37:04,1767058566386,0.719,0.7198,-0.1111,5520.67,0.9008,8.114,128500,92463,0.7196,0.997,0.719,77540600,0.718,82874300,0.717,69287000,0.716,32973500,0.715,30846100,0.720,53944400,0.721,69320800,0.722,44526000,0.723,29498600,0.724,29695200,823,0,0
sh513130,09:36:05,1767058568217,09:37:06,1767058567729,0.719,0.7198,-0.1111,5521.31,0.9008,6.9351,0,0,0.719,1.008,0.719,77540600,0.718,82874300,0.717,69287000,0.716,32973500,0.715,30846100,0.720,53944400,0.721,69320800,0.722,44526000,0.723,29498600,0.724,29695200,486,0,0
sh513130,09:36:05,1767058569211,09:37:06,1767058568538,0.719,0.7198,-0.1111,5521.31,0.9008,6.0624,0,0,0.719,0.994,0.719,77540600,0.718,82874300,0.717,69287000,0.716,32973500,0.715,30846100,0.720,53944400,0.721,69320800,0.722,44526000,0.723,29498600,0.724,29695200,673,0,0
sh513130,09:36:05,1767058570222,09:37:08,1767058569864,0.719,0.7198,-0.1111,5521.57,0.9008,5.0455,0,0,0.719,1.011,0.719,77540600,0.718,82874300,0.717,69287000,0.716,32973500,0.715,30846100,0.720,53944400,0.721,69320800,0.722,44526000,0.723,29498600,0.724,29695200,358,0,0
sh513130,09:36:05,1767058571226,09:37:08,1767058570693,0.719,0.7198,-0.1111,5521.57,0.9008,4.5911,0,0,0.719,1.003,0.719,77540600,0.718,82874300,0.717,69287000,0.716,32973500,0.715,30846100,0.720,53944400,0.721,69320800,0.722,44526000,0.723,29498600,0.724,29695200,532,0,0
