symbol,tx_server_time,tx_local_time,bd_server_time,bd_local_time,price,iopv,premium_rate,index_price,fx_rate,sentiment,tick_vol,tick_amt,tick_vwap,interval_s,bp1,bv1,bp2,bv2,bp3,bv3,bp4,bv4,bp5,bv5,sp1,sv1,sp2,sv2,sp3,sv3,sp4,sv4,sp5,sv5
sh513130,09:30:58,1764725461966,,0,0.736,0.7353,0.0952,0.0,0.9078,0.0,0,0,0.736,0.0,0.736,28465700,0.735,73363300,0.734,60987800,0.733,41178900,0.732,37146600,0.737,31832800,0.738,39373800,0.739,33156100,0.74,27332700,0.741,27480300
sh513130,09:30:58,1764725462860,,0,0.736,0.7353,0.0952,0.0,0.9078,1.4345,0,0,0.736,0.894,0.736,28465700,0.735,73363300,0.734,60987800,0.733,41178900,0.732,37146600,0.737,31832800,0.738,39373800,0.739,33156100,0.74,27332700,0.741,27480300
sh513130,09:31:01,1764725463869,,0,0.736,0.736,0.0,0.0,0.9078,3.3965,8466200,6231128,0.736,1.009,0.736,25311000,0.735,81259400,0.734,62209700,0.733,41206400,0.732,36156600,0.737,28343200,0.738,38985500,0.739,37598200,0.74,29041800,0.741,27480300
sh513130,09:31:01,1764725464875,,0,0.736,0.736,0.0,0.0,0.9078,3.9796,0,0,0.736,1.006,0.736,25311000,0.735,81259400,0.734,62209700,0.733,41206400,0.732,36156600,0.737,28343200,0.738,38985500,0.739,37598200,0.74,29041800,0.741,27480300
sh513130,09:31:01,1764725465868,,0,0.736,0.736,0.0,0.0,0.9078,3.9796,0,0,0.736,0.992,0.736,25311000,0.735,81259400,0.734,62209700,0.733,41206400,0.732,36156600,0.737,28343200,0.738,38985500,0.739,37598200,0.74,29041800,0.741,27480300
sh513130,09:31:04,1764725466872,09:32:06,1764725466662,0.736,0.736,0.0,5588.81,0.9078,5.6262,8475800,6238189,0.736,1.005,0.735,78133000,0.734,60803700,0.733,40368200,0.732,36200200,0.731,36001000,0.736,2474600,0.737,30387000,0.738,40097000,0.739,36689000,0.74,26241800
sh513130,09:31:04,1764725467879,09:32:06,1764725467496,0.736,0.736,0.0,5588.81,0.9078,5.2141,0,0,0.736,1.007,0.735,78133000,0.734,60803700,0.733,40368200,0.732,36200200,0.731,36001000,0.736,2474600,0.737,30387000,0.738,40097000,0.739,36689000,0.74,26241800
sh513130,09:31:04,1764725468890,09:32:08,1764725468507,0.736,0.736,0.0,5590.22,0.9078,4.7269,0,0,0.736,1.011,0.735,78133000,0.734,60803700,0.733,40368200,0.732,36200200,0.731,36001000,0.736,2474600,0.737,30387000,0.738,40097000,0.739,36689000,0.74,26241800
sh513130,09:31:07,1764725469867,09:32:08,1764725469654,0.736,0.736,0.0,5590.22,0.9078,4.937,12175000,8960843,0.736,0.977,0.736,25052400,0.735,78878000,0.734,62766000,0.733,40388900,0.732,35212200,0.737,31433100,0.738,40794100,0.739,36939000,0.74,28746800,0.741,26530300
sh513130,09:31:07,1764725470859,09:32:10,1764725470768,0.736,0.736,0.0,5591.55,0.9078,3.8957,0,0,0.736,0.992,0.736,25052400,0.735,78878000,0.734,62766000,0.733,40388900,0.732,35212200,0.737,31433100,0.738,40794100,0.739,36939000,0.74,28746800,0.741,26530300
sh513130,09:31:10,1764725471875,09:32:10,1764725471835,0.736,0.7353,0.0952,5591.55,0.9078,3.6019,261500,192464,0.736,1.017,0.736,35579600,0.735,78347300,0.734,63676400,0.733,35029900,0.732,35180200,0.737,36431100,0.738,40666100,0.739,37950000,0.74,28807800,0.741,26549900
sh513130,09:31:10,1764725472878,09:32:12,1764725472480,0.736,0.7353,0.0952,5591.48,0.9078,2.8646,0,0,0.736,1.002,0.736,35579600,0.735,78347300,0.734,63676400,0.733,35029900,0.732,35180200,0.737,36431100,0.738,40666100,0.739,37950000,0.74,28807800,0.741,26549900
sh513130,09:31:10,1764725473891,09:32:12,1764725472480,0.736,0.7353,0.0952,5591.48,0.9078,2.7287,0,0,0.736,1.014,0.736,35579600,0.735,78347300,0.734,63676400,0.733,35029900,0.732,35180200,0.737,36431100,0.738,40666100,0.739,37950000,0.74,28807800,0.741,26549900
sh513130,09:31:10,1764725474878,09:32:14,1764725474474,0.736,0.7353,0.0952,5589.8,0.9078,-0.4938,0,0,0.736,0.987,0.736,35579600,0.735,78347300,0.734,63676400,0.733,35029900,0.732,35180200,0.737,36431100,0.738,40666100,0.739,37950000,0.74,28807800,0.741,26549900
sh513130,09:31:13,1764725475893,09:32:14,1764725474474,0.737,0.7353,0.2312,5589.8,0.9078,-0.126,423600,311829,0.7361,1.015,0.736,34180000,0.735,79359800,0.734,63880000,0.733,40364800,0.732,35207100,0.737,33363700,0.738,44047500,0.739,37950000,0.74,28833900,0.741,26437100
sh513130,09:31:13,1764725476899,09:32:16,1764725476595,0.737,0.7353,0.2312,5589.77,0.9078,-0.1197,0,0,0.737,1.006,0.736,34180000,0.735,79359800,0.734,63880000,0.733,40364800,0.732,35207100,0.737,33363700,0.738,44047500,0.739,37950000,0.74,28833900,0.741,26437100
sh513130,09:31:16,1764725477890,09:32:16,1764725476595,0.736,0.7366,-0.0815,5589.77,0.9078,5.9355,26796800,19722456,0.736,0.991,0.736,1686500,0.735,81126000,0.734,63890000,0.733,40345100,0.732,35244100,0.737,34701600,0.738,45046900,0.739,36960000,0.74,28954100,0.741,26457100
sh513130,09:31:16,1764725478893,09:32:18,1764725478497,0.736,0.7366,-0.0815,5590.94,0.9078,7.7931,0,0,0.736,1.004,0.736,1686500,0.735,81126000,0.734,63890000,0.733,40345100,0.732,35244100,0.737,34701600,0.738,45046900,0.739,36960000,0.74,28954100,0.741,26457100
sh513130,09:31:16,1764725479888,09:32:18,1764725478497,0.736,0.7366,-0.0815,5590.94,0.9078,6.8923,0,0,0.736,0.994,0.736,1686500,0.735,81126000,0.734,63890000,0.733,40345100,0.732,35244100,0.737,34701600,0.738,45046900,0.739,36960000,0.74,28954100,0.741,26457100
sh513130,09:31:19,1764725480890,09:32:20,1764725480574,0.736,0.7366,-0.0815,5587.76,0.9078,6.6727,6756300,4972667,0.736,1.002,0.735,82290200,0.734,64020500,0.733,40230700,0.732,35244100,0.731,36144500,0.736,36882600,0.737,40210200,0.738,35941000,0.739,37952000,0.74,25464300
sh513130,09:31:19,1764725481899,09:32:20,1764725480574,0.736,0.7366,-0.0815,5587.76,0.9078,6.0263,0,0,0.736,1.009,0.735,82290200,0.734,64020500,0.733,40230700,0.732,35244100,0.731,36144500,0.736,36882600,0.737,40210200,0.738,35941000,0.739,37952000,0.74,25464300
sh513130,09:31:19,1764725482893,09:32:22,1764725482607,0.736,0.7366,-0.0815,5586.86,0.9078,5.1964,0,0,0.736,0.994,0.735,82290200,0.734,64020500,0.733,40230700,0.732,35244100,0.731,36144500,0.736,36882600,0.737,40210200,0.738,35941000,0.739,37952000,0.74,25464300
sh513130,09:31:19,1764725483894,09:32:22,1764725482607,0.736,0.7366,-0.0815,5586.86,0.9078,4.9831,0,0,0.736,1.002,0.735,82290200,0.734,64020500,0.733,40230700,0.732,35244100,0.731,36144500,0.736,36882600,0.737,40210200,0.738,35941000,0.739,37952000,0.74,25464300
sh513130,09:31:22,1764725484906,09:32:24,1764725484759,0.736,0.7366,-0.0815,5585.92,0.9078,4.9831,1928300,1419216,0.736,1.012,0.735,75911900,0.734,71530500,0.733,40246900,0.732,36244100,0.731,36144500,0.736,26105900,0.737,40115100,0.738,36941000,0.739,36962000,0.74,25544000
sh513130,09:31:22,1764725485898,09:32:24,1764725484759,0.736,0.7366,-0.0815,5585.92,0.9078,2.9182,0,0,0.736,0.991,0.735,75911900,0.734,71530500,0.733,40246900,0.732,36244100,0.731,36144500,0.736,26105900,0.737,40115100,0.738,36941000,0.739,36962000,0.74,25544000
sh513130,09:31:22,1764725486915,09:32:26,1764725486907,0.736,0.7366,-0.0815,5584.97,0.9078,3.1345,0,0,0.736,1.018,0.735,75911900,0.734,71530500,0.733,40246900,0.732,36244100,0.731,36144500,0.736,26105900,0.737,40115100,0.738,36941000,0.739,36962000,0.74,25544000
sh513130,09:31:25,1764725487908,09:32:26,1764725486907,0.736,0.736,0.0,5584.97,0.9078,2.9939,2550800,1877389,0.736,0.992,0.735,67455200,0.734,71546100,0.733,40227100,0.732,43634100,0.731,36174500,0.736,28978800,0.737,40450700,0.738,37789000,0.739,36967000,0.74,25544000
sh513130,09:31:25,1764725488912,09:32:28,1764725488541,0.736,0.736,0.0,5585.17,0.9078,3.4005,0,0,0.736,1.004,0.735,67455200,0.734,71546100,0.733,40227100,0.732,43634100,0.731,36174500,0.736,28978800,0.737,40450700,0.738,37789000,0.739,36967000,0.74,25544000
sh513130,09:31:28,1764725489905,09:32:28,1764725489061,0.736,0.736,0.0,5585.17,0.9078,2.7567,440500,324177,0.7359,0.993,0.735,82293600,0.734,64145800,0.733,40521300,0.732,38256100,0.731,36244500,0.736,29569500,0.737,40768700,0.738,37802500,0.739,37770300,0.74,25749100
sh513130,09:31:28,1764725490914,09:32:30,1764725490552,0.736,0.736,0.0,5585.46,0.9078,2.2143,0,0,0.736,1.008,0.735,82293600,0.734,64145800,0.733,40521300,0.732,38256100,0.731,36244500,0.736,29569500,0.737,40768700,0.738,37802500,0.739,37770300,0.74,25749100
sh513130,09:31:28,1764725491913,09:32:30,1764725491212,0.736,0.736,0.0,5585.46,0.9078,2.4,0,0,0.736,0.999,0.735,82293600,0.734,64145800,0.733,40521300,0.732,38256100,0.731,36244500,0.736,29569500,0.737,40768700,0.738,37802500,0.739,37770300,0.74,25749100
sh513130,09:31:31,1764725492911,09:32:32,1764725492482,0.736,0.736,0.0,5587.39,0.9078,4.4961,1418000,1043608,0.736,0.998,0.735,84674400,0.734,64176700,0.733,40956900,0.732,36256100,0.731,36244500,0.736,11282700,0.737,44000800,0.738,39553100,0.739,37770300,0.74,27799700
sh513130,09:31:31,1764725493915,09:32:32,1764725493365,0.736,0.736,0.0,5587.39,0.9078,6.8433,0,0,0.736,1.005,0.735,84674400,0.734,64176700,0.733,40956900,0.732,36256100,0.731,36244500,0.736,11282700,0.737,44000800,0.738,39553100,0.739,37770300,0.74,27799700
sh513130,09:31:31,1764725494910,09:32:34,1764725494525,0.736,0.736,0.0,5588.22,0.9078,5.6714,0,0,0.736,0.995,0.735,84674400,0.734,64176700,0.733,40956900,0.732,36256100,0.731,36244500,0.736,11282700,0.737,44000800,0.738,39553100,0.739,37770300,0.74,27799700
sh513130,09:31:31,1764725495915,09:32:34,1764725495513,0.736,0.736,0.0,5588.22,0.9078,4.6907,0,0,0.736,1.005,0.735,84674400,0.734,64176700,0.733,40956900,0.732,36256100,0.731,36244500,0.736,11282700,0.737,44000800,0.738,39553100,0.739,37770300,0.74,27799700
sh513130,09:31:34,1764725496914,09:32:36,1764725496494,0.736,0.736,0.0,5588.53,0.9078,3.7947,7803200,5743152,0.736,0.999,0.735,85732300,0.734,64953400,0.733,40976900,0.732,36271100,0.731,36249500,0.736,5799000,0.737,42146500,0.738,39785100,0.739,37836800,0.74,27799700
sh513130,09:31:34,1764725497921,09:32:36,1764725497674,0.736,0.736,0.0,5588.53,0.9078,3.6225,0,0,0.736,1.007,0.735,85732300,0.734,64953400,0.733,40976900,0.732,36271100,0.731,36249500,0.736,5799000,0.737,42146500,0.738,39785100,0.739,37836800,0.74,27799700
sh513130,09:31:34,1764725498911,09:32:38,1764725498554,0.736,0.736,0.0,5590.18,0.9078,5.1747,0,0,0.736,0.991,0.735,85732300,0.734,64953400,0.733,40976900,0.732,36271100,0.731,36249500,0.736,5799000,0.737,42146500,0.738,39785100,0.739,37836800,0.74,27799700
sh513130,09:31:37,1764725499916,09:32:38,1764725499822,0.736,0.736,0.0,5590.18,0.9078,4.8589,1970400,1450094,0.7359,1.004,0.736,3996100,0.735,87470900,0.734,65949200,0.733,40923300,0.732,35336100,0.737,43160400,0.738,42402300,0.739,37836800,0.74,29339700,0.741,27651800
sh513130,09:31:37,1764725500925,09:32:40,1764725500529,0.736,0.736,0.0,5590.9,0.9078,6.763,0,0,0.736,1.009,0.736,3996100,0.735,87470900,0.734,65949200,0.733,40923300,0.732,35336100,0.737,43160400,0.738,42402300,0.739,37836800,0.74,29339700,0.741,27651800
sh513130,09:31:37,1764725501929,09:32:40,1764725500529,0.736,0.736,0.0,5590.9,0.9078,6.1146,0,0,0.736,1.004,0.736,3996100,0.735,87470900,0.734,65949200,0.733,40923300,0.732,35336100,0.737,43160400,0.738,42402300,0.739,37836800,0.74,29339700,0.741,27651800
sh513130,09:31:40,1764725502918,09:32:42,1764725502510,0.736,0.7366,-0.0815,5589.99,0.9078,5.0792,108000,79488,0.736,0.989,0.736,24018200,0.735,86786800,0.734,65949200,0.733,43136300,0.732,35229500,0.737,42440100,0.738,42448800,0.739,38892700,0.74,29339700,0.741,27878800
sh513130,09:31:40,1764725503917,09:32:42,1764725502510,0.736,0.7366,-0.0815,5589.99,0.9078,5.286,0,0,0.736,1.0,0.736,24018200,0.735,86786800,0.734,65949200,0.733,43136300,0.732,35229500,0.737,42440100,0.738,42448800,0.739,38892700,0.74,29339700,0.741,27878800
sh513130,09:31:40,1764725504917,09:32:44,1764725504538,0.736,0.7366,-0.0815,5590.07,0.9078,5.286,0,0,0.736,1.0,0.736,24018200,0.735,86786800,0.734,65949200,0.733,43136300,0.732,35229500,0.737,42440100,0.738,42448800,0.739,38892700,0.74,29339700,0.741,27878800
sh513130,09:31:43,1764725505925,09:32:44,1764725504538,0.737,0.7366,0.0543,5590.07,0.9078,3.7655,79400,58444,0.7361,1.008,0.736,22419800,0.735,87432400,0.734,66157700,0.733,43156300,0.732,37430000,0.737,43481400,0.738,42477900,0.739,38925700,0.74,29463600,0.741,27983800
sh513130,09:31:43,1764725506957,09:32:46,1764725506510,0.737,0.7366,0.0543,5590.13,0.9078,3.2575,0,0,0.737,1.032,0.736,22419800,0.735,87432400,0.734,66157700,0.733,43156300,0.732,37430000,0.737,43481400,0.738,42477900,0.739,38925700,0.74,29463600,0.741,27983800
sh513130,09:31:43,1764725507924,09:32:46,1764725506510,0.737,0.7366,0.0543,5590.13,0.9078,3.5511,0,0,0.737,0.967,0.736,22419800,0.735,87432400,0.734,66157700,0.733,43156300,0.732,37430000,0.737,43481400,0.738,42477900,0.739,38925700,0.74,29463600,0.741,27983800
sh513130,09:31:46,1764725508932,09:32:48,1764725508512,0.737,0.7366,0.0543,5590.39,0.9078,3.2562,2753100,2026341,0.736,1.008,0.736,10919900,0.735,88826300,0.734,66211000,0.733,43279300,0.732,37445000,0.737,43749800,0.738,42486300,0.739,37959700,0.74,27963600,0.741,27983900
sh513130,09:31:46,1764725509938,09:32:48,1764725508512,0.737,0.7366,0.0543,5590.39,0.9078,2.8465,0,0,0.737,1.006,0.736,10919900,0.735,88826300,0.734,66211000,0.733,43279300,0.732,37445000,0.737,43749800,0.738,42486300,0.739,37959700,0.74,27963600,0.741,27983900
sh513130,09:31:49,1764725510936,09:32:50,1764725510590,0.737,0.7359,0.1495,5590.38,0.9078,2.7115,13259600,9759094,0.736,0.998,0.736,500000,0.735,89651000,0.734,66101100,0.733,43328300,0.732,37495000,0.737,43183900,0.738,42742900,0.739,37964700,0.74,29463700,0.741,27983900
sh513130,09:31:49,1764725511937,09:32:50,1764725510590,0.737,0.7359,0.1495,5590.38,0.9078,1.9215,0,0,0.737,1.001,0.736,500000,0.735,89651000,0.734,66101100,0.733,43328300,0.732,37495000,0.737,43183900,0.738,42742900,0.739,37964700,0.74,29463700,0.741,27983900
sh513130,09:31:49,1764725512930,09:32:52,1764725512743,0.737,0.7359,0.1495,5590.95,0.9078,3.7339,0,0,0.737,0.993,0.736,500000,0.735,89651000,0.734,66101100,0.733,43328300,0.732,37495000,0.737,43183900,0.738,42742900,0.739,37964700,0.74,29463700,0.741,27983900
sh513130,09:31:49,1764725513948,09:32:52,1764725512743,0.737,0.7359,0.1495,5590.95,0.9078,4.6907,0,0,0.737,1.018,0.736,500000,0.735,89651000,0.734,66101100,0.733,43328300,0.732,37495000,0.737,43183900,0.738,42742900,0.739,37964700,0.74,29463700,0.741,27983900
sh513130,09:31:52,1764725514936,09:32:54,1764725514900,0.736,0.736,0.0,5590.74,0.9078,4.0893,15510000,11415799,0.736,0.987,0.735,90122000,0.734,66155900,0.733,43352500,0.732,37495000,0.731,39352600,0.736,9616400,0.737,41848600,0.738,43880400,0.739,38964500,0.74,29463700
sh513130,09:31:52,1764725515937,09:32:54,1764725514900,0.736,0.736,0.0,5590.74,0.9078,3.1024,0,0,0.736,1.001,0.735,90122000,0.734,66155900,0.733,43352500,0.732,37495000,0.731,39352600,0.736,9616400,0.737,41848600,0.738,43880400,0.739,38964500,0.74,29463700
sh513130,09:31:52,1764725516940,09:32:56,1764725516541,0.736,0.736,0.0,5590.63,0.9078,3.1024,0,0,0.736,1.003,0.735,90122000,0.734,66155900,0.733,43352500,0.732,37495000,0.731,39352600,0.736,9616400,0.737,41848600,0.738,43880400,0.739,38964500,0.74,29463700
sh513130,09:31:55,1764725517947,09:32:56,1764725517042,0.736,0.736,0.0,5590.63,0.9078,4.9462,1858100,1367562,0.736,1.008,0.735,93955600,0.734,66254200,0.733,43342500,0.732,37644500,0.731,39656600,0.736,20286700,0.737,43332700,0.738,44742000,0.739,39414400,0.74,28163700
sh513130,09:31:55,1764725518941,09:32:58,1764725518476,0.736,0.736,0.0,5590.21,0.9078,5.2027,0,0,0.736,0.994,0.735,93955600,0.734,66254200,0.733,43342500,0.732,37644500,0.731,39656600,0.736,20286700,0.737,43332700,0.738,44742000,0.739,39414400,0.74,28163700
sh513130,09:31:55,1764725519942,09:32:58,1764725519204,0.736,0.736,0.0,5590.21,0.9078,4.18,0,0,0.736,1.001,0.735,93955600,0.734,66254200,0.733,43342500,0.732,37644500,0.731,39656600,0.736,20286700,0.737,43332700,0.738,44742000,0.739,39414400,0.74,28163700
sh513130,09:31:58,1764725520963,09:33:00,1764725520718,0.736,0.736,0.0,5588.71,0.9078,4.1295,569600,419178,0.7359,1.021,0.735,87950500,0.734,59335100,0.733,43373500,0.732,37676500,0.731,39656600,0.736,20614300,0.737,44594500,0.738,44742000,0.739,38424400,0.74,28171700
sh513130,09:31:58,1764725521954,09:33:00,1764725521355,0.736,0.736,0.0,5588.71,0.9078,5.8085,0,0,0.736,0.991,0.735,87950500,0.734,59335100,0.733,43373500,0.732,37676500,0.731,39656600,0.736,20614300,0.737,44594500,0.738,44742000,0.739,38424400,0.74,28171700
sh513130,09:31:58,1764725522955,09:33:02,1764725522501,0.736,0.736,0.0,5588.7,0.9078,5.5843,0,0,0.736,1.001,0.735,87950500,0.734,59335100,0.733,43373500,0.732,37676500,0.731,39656600,0.736,20614300,0.737,44594500,0.738,44742000,0.739,38424400,0.74,28171700
sh513130,09:32:01,1764725523948,09:33:02,1764725523505,0.736,0.736,0.0,5588.7,0.9078,8.2062,1427300,1050493,0.736,0.993,0.735,73391500,0.734,68208300,0.733,43483500,0.732,45056500,0.731,39661600,0.736,21073500,0.737,45779000,0.738,44742000,0.739,38434400,0.74,28184700
sh513130,09:32:01,1764725524956,09:33:04,1764725524555,0.736,0.736,0.0,5589.47,0.9078,6.967,0,0,0.736,1.008,0.735,73391500,0.734,68208300,0.733,43483500,0.732,45056500,0.731,39661600,0.736,21073500,0.737,45779000,0.738,44742000,0.739,38434400,0.74,28184700
sh513130,09:32:01,1764725525947,09:33:04,1764725525663,0.736,0.736,0.0,5589.47,0.9078,6.967,0,0,0.736,0.991,0.735,73391500,0.734,68208300,0.733,43483500,0.732,45056500,0.731,39661600,0.736,21073500,0.737,45779000,0.738,44742000,0.739,38434400,0.74,28184700
sh513130,09:32:04,1764725526958,09:33:06,1764725526504,0.736,0.736,0.0,5589.84,0.9078,5.1553,1158600,852399,0.7357,1.011,0.735,90319100,0.734,60324200,0.733,44454300,0.732,37687400,0.731,39677600,0.736,25875300,0.737,39981500,0.738,41870400,0.739,38464400,0.74,28484700
sh513130,09:32:04,1764725527959,09:33:06,1764725527818,0.736,0.736,0.0,5589.84,0.9078,4.2973,0,0,0.736,1.001,0.735,90319100,0.734,60324200,0.733,44454300,0.732,37687400,0.731,39677600,0.736,25875300,0.737,39981500,0.738,41870400,0.739,38464400,0.74,28484700
sh513130,09:32:07,1764725528976,09:33:08,1764725528519,0.736,0.7353,0.0952,5590.38,0.9078,4.1818,740400,544909,0.736,1.017,0.735,90927600,0.734,61148300,0.733,44540300,0.732,37716300,0.731,39678600,0.736,17714200,0.737,40687300,0.738,44055400,0.739,38532800,0.74,28491500
sh513130,09:32:07,1764725529969,09:33:08,1764725528519,0.736,0.7353,0.0952,5590.38,0.9078,3.806,0,0,0.736,0.993,0.735,90927600,0.734,61148300,0.733,44540300,0.732,37716300,0.731,39678600,0.736,17714200,0.737,40687300,0.738,44055400,0.739,38532800,0.74,28491500
sh513130,09:32:07,1764725530960,09:33:10,1764725530560,0.736,0.7353,0.0952,5589.81,0.9078,3.3137,0,0,0.736,0.991,0.735,90927600,0.734,61148300,0.733,44540300,0.732,37716300,0.731,39678600,0.736,17714200,0.737,40687300,0.738,44055400,0.739,38532800,0.74,28491500
sh513130,09:32:07,1764725531967,09:33:10,1764725530560,0.736,0.7353,0.0952,5589.81,0.9078,2.629,0,0,0.736,1.007,0.735,90927600,0.734,61148300,0.733,44540300,0.732,37716300,0.731,39678600,0.736,17714200,0.737,40687300,0.738,44055400,0.739,38532800,0.74,28491500
sh513130,09:32:10,1764725532963,09:33:12,1764725532658,0.736,0.7358,0.0272,5590.2,0.9078,2.394,916700,674681,0.736,0.996,0.735,91595700,0.734,62130200,0.733,43694100,0.732,37794700,0.731,39678600,0.736,15921800,0.737,40565800,0.738,44331800,0.739,38732800,0.74,28461600
sh513130,09:32:10,1764725533964,09:33:12,1764725532658,0.736,0.7358,0.0272,5590.2,0.9078,2.3795,0,0,0.736,1.001,0.735,91595700,0.734,62130200,0.733,43694100,0.732,37794700,0.731,39678600,0.736,15921800,0.737,40565800,0.738,44331800,0.739,38732800,0.74,28461600
sh513130,09:32:10,1764725534995,09:33:14,1764725534527,0.736,0.7358,0.0272,5589.92,0.9078,2.5622,0,0,0.736,1.03,0.735,91595700,0.734,62130200,0.733,43694100,0.732,37794700,0.731,39678600,0.736,15921800,0.737,40565800,0.738,44331800,0.739,38732800,0.74,28461600
sh513130,09:32:13,1764725535970,09:33:14,1764725534527,0.736,0.7358,0.0272,5589.92,0.9078,3.6993,248900,183181,0.736,0.975,0.735,92643200,0.734,63121800,0.733,43629500,0.732,37796700,0.731,39723200,0.736,20633100,0.737,37725800,0.738,44333800,0.739,38648800,0.74,28461600
sh513130,09:32:13,1764725536977,09:33:16,1764725536581,0.736,0.7358,0.0272,5590.26,0.9078,3.9292,0,0,0.736,1.007,0.735,92643200,0.734,63121800,0.733,43629500,0.732,37796700,0.731,39723200,0.736,20633100,0.737,37725800,0.738,44333800,0.739,38648800,0.74,28461600
sh513130,09:32:13,1764725537976,09:33:16,1764725536581,0.736,0.7358,0.0272,5590.26,0.9078,3.8802,0,0,0.736,0.999,0.735,92643200,0.734,63121800,0.733,43629500,0.732,37796700,0.731,39723200,0.736,20633100,0.737,37725800,0.738,44333800,0.739,38648800,0.74,28461600
sh513130,09:32:16,1764725538984,09:33:18,1764725538754,0.736,0.7358,0.0272,5588.26,0.9078,2.7776,967900,712372,0.736,1.008,0.735,94073000,0.734,64017500,0.733,43666400,0.732,37659300,0.731,39723200,0.736,28793500,0.737,37731700,0.738,42334000,0.739,38648800,0.74,28531600
sh513130,09:32:16,1764725539975,09:33:18,1764725538754,0.736,0.7358,0.0272,5588.26,0.9078,2.6927,0,0,0.736,0.991,0.735,94073000,0.734,64017500,0.733,43666400,0.732,37659300,0.731,39723200,0.736,28793500,0.737,37731700,0.738,42334000,0.739,38648800,0.74,28531600
sh513130,09:32:19,1764725540979,09:33:20,1764725540744,0.736,0.7358,0.0272,5587.6,0.9078,4.0783,260200,191507,0.736,1.004,0.735,78691800,0.734,83396300,0.733,53702400,0.732,55049300,0.731,39822400,0.736,33574000,0.737,52780700,0.738,47435000,0.739,38648800,0.74,28576500
sh513130,09:32:19,1764725541979,09:33:20,1764725540744,0.736,0.7358,0.0272,5587.6,0.9078,4.6831,0,0,0.736,1.0,0.735,78691800,0.734,83396300,0.733,53702400,0.732,55049300,0.731,39822400,0.736,33574000,0.737,52780700,0.738,47435000,0.739,38648800,0.74,28576500
sh513130,09:32:19,1764725542977,09:33:22,1764725542902,0.736,0.7358,0.0272,5587.3,0.9078,4.3271,0,0,0.736,0.998,0.735,78691800,0.734,83396300,0.733,53702400,0.732,55049300,0.731,39822400,0.736,33574000,0.737,52780700,0.738,47435000,0.739,38648800,0.74,28576500
sh513130,09:32:19,1764725543981,09:33:22,1764725542902,0.736,0.7358,0.0272,5587.3,0.9078,3.6733,0,0,0.736,1.004,0.735,78691800,0.734,83396300,0.733,53702400,0.732,55049300,0.731,39822400,0.736,33574000,0.737,52780700,0.738,47435000,0.739,38648800,0.74,28576500
sh513130,09:32:22,1764725544982,09:33:24,1764725544552,0.736,0.7358,0.0272,5587.55,0.9078,3.9055,270400,199008,0.736,1.0,0.735,103925000,0.734,75913000,0.733,53003800,0.732,38669300,0.731,39824400,0.736,34017000,0.737,52388300,0.738,47435000,0.739,38594800,0.74,28576500
sh513130,09:32:22,1764725545984,09:33:24,1764725545074,0.736,0.7358,0.0272,5587.55,0.9078,6.2115,0,0,0.736,1.003,0.735,103925000,0.734,75913000,0.733,53003800,0.732,38669300,0.731,39824400,0.736,34017000,0.737,52388300,0.738,47435000,0.739,38594800,0.74,28576500
sh513130,09:32:25,1764725547006,09:33:26,1764725546668,0.736,0.7358,0.0272,5587.26,0.9078,6.5071,570300,419741,0.736,1.022,0.735,106114400,0.734,76842300,0.733,53104800,0.732,37663300,0.731,39856400,0.736,34188800,0.737,51968100,0.738,47435000,0.739,38619200,0.74,28590100
sh513130,09:32:25,1764725547997,09:33:26,1764725547229,0.736,0.7358,0.0272,5587.26,0.9078,5.7702,0,0,0.736,0.99,0.735,106114400,0.734,76842300,0.733,53104800,0.732,37663300,0.731,39856400,0.736,34188800,0.737,51968100,0.738,47435000,0.739,38619200,0.74,28590100
sh513130,09:32:25,1764725548997,09:33:28,1764725548545,0.736,0.7358,0.0272,5587.68,0.9078,3.6669,0,0,0.736,1.0,0.735,106114400,0.734,76842300,0.733,53104800,0.732,37663300,0.731,39856400,0.736,34188800,0.737,51968100,0.738,47435000,0.739,38619200,0.74,28590100
sh513130,09:32:25,1764725549998,09:33:28,1764725549380,0.736,0.7358,0.0272,5587.68,0.9078,3.1129,0,0,0.736,1.001,0.735,106114400,0.734,76842300,0.733,53104800,0.732,37663300,0.731,39856400,0.736,34188800,0.737,51968100,0.738,47435000,0.739,38619200,0.74,28590100
sh513130,09:32:28,1764725551002,09:33:30,1764725550507,0.736,0.7358,0.0272,5587.88,0.9078,2.297,651000,479136,0.736,1.004,0.735,106413400,0.734,77778200,0.733,53025600,0.732,37663300,0.731,39871200,0.736,34603200,0.737,41597400,0.738,47435000,0.739,38619200,0.74,28590100
sh513130,09:32:28,1764725551996,09:33:30,1764725551529,0.736,0.7358,0.0272,5587.88,0.9078,4.1243,0,0,0.736,0.994,0.735,106413400,0.734,77778200,0.733,53025600,0.732,37663300,0.731,39871200,0.736,34603200,0.737,41597400,0.738,47435000,0.739,38619200,0.74,28590100
sh513130,09:32:31,1764725553004,09:33:32,1764725552578,0.735,0.7358,-0.1087,5587.54,0.9078,4.131,935400,687840,0.7353,1.008,0.735,106467500,0.734,79265000,0.733,53075600,0.732,37668300,0.731,39897200,0.736,35274800,0.737,41381000,0.738,47435000,0.739,38619200,0.74,28535000
sh513130,09:32:31,1764725553994,09:33:32,1764725553686,0.735,0.7358,-0.1087,5587.54,0.9078,3.9472,0,0,0.735,0.99,0.735,106467500,0.734,79265000,0.733,53075600,0.732,37668300,0.731,39897200,0.736,35274800,0.737,41381000,0.738,47435000,0.739,38619200,0.74,28535000
sh513130,09:32:31,1764725554996,09:33:34,1764725554501,0.735,0.7358,-0.1087,5588.38,0.9078,5.4439,0,0,0.735,1.002,0.735,106467500,0.734,79265000,0.733,53075600,0.732,37668300,0.731,39897200,0.736,35274800,0.737,41381000,0.738,47435000,0.739,38619200,0.74,28535000
sh513130,09:32:34,1764725555997,09:33:34,1764725555840,0.735,0.7358,-0.1087,5588.38,0.9078,5.6016,1034000,760977,0.736,1.0,0.735,107889800,0.734,82038300,0.733,53129600,0.732,37736900,0.731,39901800,0.736,35824300,0.737,41156200,0.738,47519600,0.739,38656500,0.74,28535500
sh513130,09:32:34,1764725557002,09:33:36,1764725556560,0.735,0.7358,-0.1087,5590.34,0.9078,5.119,0,0,0.735,1.005,0.735,107889800,0.734,82038300,0.733,53129600,0.732,37736900,0.731,39901800,0.736,35824300,0.737,41156200,0.738,47519600,0.739,38656500,0.74,28535500
sh513130,09:32:34,1764725557999,09:33:36,1764725557998,0.735,0.7358,-0.1087,5590.34,0.9078,6.0361,0,0,0.735,0.997,0.735,107889800,0.734,82038300,0.733,53129600,0.732,37736900,0.731,39901800,0.736,35824300,0.737,41156200,0.738,47519600,0.739,38656500,0.74,28535500
sh513130,09:32:37,1764725559002,09:33:38,1764725558515,0.736,0.7358,0.0272,5590.9,0.9078,5.8636,5890400,4335319,0.736,1.003,0.736,10031000,0.735,107987000,0.734,82038300,0.733,53351700,0.732,37749900,0.737,50056500,0.738,52535000,0.739,43656500,0.74,28535500,0.741,28303600
sh513130,09:32:37,1764725560001,09:33:38,1764725558515,0.736,0.7358,0.0272,5590.9,0.9078,4.8335,0,0,0.736,0.999,0.736,10031000,0.735,107987000,0.734,82038300,0.733,53351700,0.732,37749900,0.737,50056500,0.738,52535000,0.739,43656500,0.74,28535500,0.741,28303600
sh513130,09:32:37,1764725561001,09:33:40,1764725560502,0.736,0.7358,0.0272,5591.48,0.9078,4.0127,0,0,0.736,1.001,0.736,10031000,0.735,107987000,0.734,82038300,0.733,53351700,0.732,37749900,0.737,50056500,0.738,52535000,0.739,43656500,0.74,28535500,0.741,28303600
sh513130,09:32:37,1764725562041,09:33:40,1764725560502,0.736,0.7358,0.0272,5591.48,0.9078,4.0127,0,0,0.736,1.04,0.736,10031000,0.735,107987000,0.734,82038300,0.733,53351700,0.732,37749900,0.737,50056500,0.738,52535000,0.739,43656500,0.74,28535500,0.741,28303600
sh513130,09:32:40,1764725563013,09:33:42,1764725562519,0.736,0.7358,0.0272,5592.67,0.9078,4.0313,10285900,7570462,0.736,0.971,0.735,107747100,0.734,83837900,0.733,54390400,0.732,38764900,0.731,40956900,0.736,2272700,0.737,49545400,0.738,53535000,0.739,44756500,0.74,31050500
sh513130,09:32:40,1764725564016,09:33:42,1764725562519,0.736,0.7358,0.0272,5592.67,0.9078,3.4066,0,0,0.736,1.003,0.735,107747100,0.734,83837900,0.733,54390400,0.732,38764900,0.731,40956900,0.736,2272700,0.737,49545400,0.738,53535000,0.739,44756500,0.74,31050500
sh513130,09:32:40,1764725565012,09:33:44,1764725564496,0.736,0.7358,0.0272,5593.11,0.9078,3.0534,0,0,0.736,0.996,0.735,107747100,0.734,83837900,0.733,54390400,0.732,38764900,0.731,40956900,0.736,2272700,0.737,49545400,0.738,53535000,0.739,44756500,0.74,31050500
sh513130,09:32:43,1764725566015,09:33:44,1764725564496,0.737,0.7358,0.1631,5593.11,0.9078,2.5577,1514200,1114467,0.736,1.004,0.736,19650600,0.735,108967900,0.734,84764200,0.733,54410400,0.732,38754500,0.737,49472900,0.738,53631200,0.739,44416500,0.74,31050500,0.741,29311600
sh513130,09:32:43,1764725567016,09:33:46,1764725566643,0.737,0.7358,0.1631,5591.83,0.9078,2.1805,0,0,0.737,1.001,0.736,19650600,0.735,108967900,0.734,84764200,0.733,54410400,0.732,38754500,0.737,49472900,0.738,53631200,0.739,44416500,0.74,31050500,0.741,29311600
sh513130,09:32:46,1764725568020,09:33:46,1764725566643,0.737,0.7358,0.1631,5591.83,0.9078,1.7418,248600,183013,0.7362,1.004,0.736,22676500,0.735,109656900,0.734,84021700,0.733,54913200,0.732,38775100,0.737,46166500,0.738,53631200,0.739,44416500,0.74,31070500,0.741,30311600
sh513130,09:32:46,1764725569017,09:33:48,1764725568795,0.737,0.7358,0.1631,5592.41,0.9078,1.3436,0,0,0.737,0.998,0.736,22676500,0.735,109656900,0.734,84021700,0.733,54913200,0.732,38775100,0.737,46166500,0.738,53631200,0.739,44416500,0.74,31070500,0.741,30311600
sh513130,09:32:46,1764725570023,09:33:48,1764725568795,0.737,0.7358,0.1631,5592.41,0.9078,1.8488,0,0,0.737,1.006,0.736,22676500,0.735,109656900,0.734,84021700,0.733,54913200,0.732,38775100,0.737,46166500,0.738,53631200,0.739,44416500,0.74,31070500,0.741,30311600
sh513130,09:32:49,1764725571016,09:33:50,1764725570952,0.737,0.7358,0.1631,5593.17,0.9078,2.5961,210900,155246,0.7361,0.993,0.736,28267600,0.735,110704200,0.734,84229400,0.733,55065500,0.732,38774200,0.737,47045200,0.738,53627000,0.739,44413500,0.74,31070900,0.741,30321600
sh513130,09:32:49,1764725572028,09:33:50,1764725570952,0.737,0.7358,0.1631,5593.17,0.9078,4.2722,0,0,0.737,1.012,0.736,28267600,0.735,110704200,0.734,84229400,0.733,55065500,0.732,38774200,0.737,47045200,0.738,53627000,0.739,44413500,0.74,31070900,0.741,30321600
sh513130,09:32:49,1764725573025,09:33:52,1764725572488,0.737,0.7358,0.1631,5593.87,0.9078,4.2722,0,0,0.737,0.997,0.736,28267600,0.735,110704200,0.734,84229400,0.733,55065500,0.732,38774200,0.737,47045200,0.738,53627000,0.739,44413500,0.74,31070900,0.741,30321600
sh513130,09:32:49,1764725574031,09:33:52,1764725573101,0.737,0.7358,0.1631,5593.87,0.9078,3.7853,0,0,0.737,1.006,0.736,28267600,0.735,110704200,0.734,84229400,0.733,55065500,0.732,38774200,0.737,47045200,0.738,53627000,0.739,44413500,0.74,31070900,0.741,30321600
sh513130,09:32:52,1764725575035,09:33:54,1764725574500,0.737,0.7364,0.0815,5593.89,0.9078,3.3893,441200,325164,0.737,1.004,0.736,41318900,0.735,104193100,0.734,84272400,0.733,55065500,0.732,38734300,0.737,47050900,0.738,52527000,0.739,44413500,0.74,32070900,0.741,30321600
sh513130,09:32:52,1764725576032,09:33:54,1764725575255,0.737,0.7364,0.0815,5593.89,0.9078,3.2196,0,0,0.737,0.997,0.736,41318900,0.735,104193100,0.734,84272400,0.733,55065500,0.732,38734300,0.737,47050900,0.738,52527000,0.739,44413500,0.74,32070900,0.741,30321600
sh513130,09:32:52,1764725577035,09:33:56,1764725576500,0.737,0.7364,0.0815,5592.97,0.9078,2.9939,0,0,0.737,1.003,0.736,41318900,0.735,104193100,0.734,84272400,0.733,55065500,0.732,38734300,0.737,47050900,0.738,52527000,0.739,44413500,0.74,32070900,0.741,30321600
sh513130,09:32:55,1764725578033,09:33:56,1764725577425,0.736,0.7364,-0.0543,5592.97,0.9078,2.9308,18008200,13254049,0.736,0.998,0.735,114464900,0.734,84234800,0.733,55090500,0.732,38957400,0.731,41011100,0.736,1755800,0.737,47252100,0.738,62077500,0.739,44438500,0.74,32080900
sh513130,09:32:55,1764725579036,09:33:58,1764725578504,0.736,0.7364,-0.0543,5593.67,0.9078,2.0584,0,0,0.736,1.003,0.735,114464900,0.734,84234800,0.733,55090500,0.732,38957400,0.731,41011100,0.736,1755800,0.737,47252100,0.738,62077500,0.739,44438500,0.74,32080900
sh513130,09:32:55,1764725580047,09:33:58,1764725579593,0.736,0.7364,-0.0543,5593.67,0.9078,1.918,0,0,0.736,1.011,0.735,114464900,0.734,84234800,0.733,55090500,0.732,38957400,0.731,41011100,0.736,1755800,0.737,47252100,0.738,62077500,0.739,44438500,0.74,32080900
sh513130,09:32:58,1764725581044,09:34:00,1764725580558,0.737,0.7364,0.0815,5594.37,0.9078,1.8243,1378500,1014581,0.736,0.997,0.736,3497100,0.735,117284700,0.734,84171000,0.733,55090500,0.732,38957500,0.737,47873300,0.738,62454000,0.739,44515600,0.74,32220900,0.741,30322000
sh513130,09:32:58,1764725582044,09:34:00,1764725581744,0.737,0.7364,0.0815,5594.37,0.9078,1.6478,0,0,0.737,1.0,0.736,3497100,0.735,117284700,0.734,84171000,0.733,55090500,0.732,38957500,0.737,47873300,0.738,62454000,0.739,44515600,0.74,32220900,0.741,30322000
sh513130,09:33:01,1764725583037,09:34:02,1764725582564,0.736,0.7364,-0.0543,5593.65,0.9078,4.1051,8353800,6148392,0.736,0.993,0.735,120073800,0.734,84233100,0.733,54138500,0.732,38957300,0.731,41012100,0.736,2745400,0.737,47881900,0.738,62451000,0.739,44515600,0.74,32245900
sh513130,09:33:01,1764725584046,09:34:02,1764725583895,0.736,0.7364,-0.0543,5593.65,0.9078,3.6273,0,0,0.736,1.009,0.735,120073800,0.734,84233100,0.733,54138500,0.732,38957300,0.731,41012100,0.736,2745400,0.737,47881900,0.738,62451000,0.739,44515600,0.74,32245900
sh513130,09:33:01,1764725585051,09:34:04,1764725584574,0.736,0.7364,-0.0543,5592.64,0.9078,3.4524,0,0,0.736,1.005,0.735,120073800,0.734,84233100,0.733,54138500,0.732,38957300,0.731,41012100,0.736,2745400,0.737,47881900,0.738,62451000,0.739,44515600,0.74,32245900
sh513130,09:33:01,1764725586052,09:34:04,1764725586051,0.736,0.7364,-0.0543,5592.64,0.9078,2.6863,0,0,0.736,1.0,0.735,120073800,0.734,84233100,0.733,54138500,0.732,38957300,0.731,41012100,0.736,2745400,0.737,47881900,0.738,62451000,0.739,44515600,0.74,32245900
sh513130,09:33:01,1764725587042,09:34:06,1764725586510,0.736,0.7364,-0.0543,5592.68,0.9078,2.9883,0,0,0.736,0.99,0.735,120073800,0.734,84233100,0.733,54138500,0.732,38957300,0.731,41012100,0.736,2745400,0.737,47881900,0.738,62451000,0.739,44515600,0.74,32245900
sh513130,09:33:04,1764725588047,09:34:06,1764725586510,0.736,0.7364,-0.0543,5592.68,0.9078,4.5319,3167400,2331171,0.736,1.005,0.736,25300,0.735,114631300,0.734,84239100,0.733,54508500,0.732,38962300,0.737,47885800,0.738,63249100,0.739,44608600,0.74,32250900,0.741,30322000
sh513130,09:33:07,1764725589053,09:34:08,1764725588620,0.736,0.7364,-0.0543,5592.88,0.9078,3.3834,278600,205049,0.736,1.005,0.736,21106100,0.735,113807400,0.734,85091600,0.733,54451500,0.732,38961300,0.737,48750800,0.738,62166000,0.739,44608600,0.74,32250900,0.741,30322000
sh513130,09:33:07,1764725590046,09:34:08,1764725588620,0.736,0.7364,-0.0543,5592.88,0.9078,6.8695,0,0,0.736,0.993,0.736,21106100,0.735,113807400,0.734,85091600,0.733,54451500,0.732,38961300,0.737,48750800,0.738,62166000,0.739,44608600,0.74,32250900,0.741,30322000
sh513130,09:33:07,1764725591058,09:34:10,1764725590575,0.736,0.7364,-0.0543,5593.12,0.9078,5.6669,0,0,0.736,1.012,0.736,21106100,0.735,113807400,0.734,85091600,0.733,54451500,0.732,38961300,0.737,48750800,0.738,62166000,0.739,44608600,0.74,32250900,0.741,30322000
sh513130,09:33:10,1764725592052,09:34:10,1764725590575,0.737,0.7357,0.1767,5593.12,0.9078,5.4448,58600,43144,0.7362,0.994,0.736,3294000,0.735,113013300,0.734,85967700,0.733,55824500,0.732,38961300,0.737,50744900,0.738,62266000,0.739,44608600,0.74,31250900,0.741,30322000
sh513130,09:33:10,1764725593058,09:34:12,1764725592510,0.737,0.7357,0.1767,5593.09,0.9078,4.7099,0,0,0.737,1.006,0.736,3294000,0.735,113013300,0.734,85967700,0.733,55824500,0.732,38961300,0.737,50744900,0.738,62266000,0.739,44608600,0.74,31250900,0.741,30322000
sh513130,09:33:10,1764725594072,09:34:12,1764725592510,0.737,0.7357,0.1767,5593.09,0.9078,4.5827,0,0,0.737,1.014,0.736,3294000,0.735,113013300,0.734,85967700,0.733,55824500,0.732,38961300,0.737,50744900,0.738,62266000,0.739,44608600,0.74,31250900,0.741,30322000
sh513130,09:33:10,1764725595072,09:34:14,1764725594665,0.737,0.7357,0.1767,5593.66,0.9078,4.1056,0,0,0.737,1.0,0.736,3294000,0.735,113013300,0.734,85967700,0.733,55824500,0.732,38961300,0.737,50744900,0.738,62266000,0.739,44608600,0.74,31250900,0.741,30322000
sh513130,09:33:13,1764725596056,09:34:14,1764725594665,0.737,0.7357,0.1767,5593.66,0.9078,4.049,145300,107046,0.7367,0.984,0.736,25026100,0.735,114252500,0.734,86842600,0.733,55724200,0.732,38961300,0.737,51286100,0.738,63382800,0.739,44611600,0.74,32250900,0.741,30614200
sh513130,09:33:13,1764725597066,09:34:16,1764725596812,0.737,0.7357,0.1767,5593.28,0.9078,4.8054,0,0,0.737,1.01,0.736,25026100,0.735,114252500,0.734,86842600,0.733,55724200,0.732,38961300,0.737,51286100,0.738,63382800,0.739,44611600,0.74,32250900,0.741,30614200
sh513130,09:33:16,1764725598065,09:34:16,1764725596812,0.736,0.7357,0.0408,5593.28,0.9078,4.6015,223400,164600,0.7368,1.0,0.736,8350800,0.735,114201100,0.734,87750200,0.733,55730200,0.732,38971300,0.737,52055800,0.738,63382800,0.739,44711600,0.74,32250900,0.741,30614200
sh513130,09:33:16,1764725599061,09:34:18,1764725598959,0.736,0.7357,0.0408,5593.92,0.9078,5.3176,0,0,0.736,0.996,0.736,8350800,0.735,114201100,0.734,87750200,0.733,55730200,0.732,38971300,0.737,52055800,0.738,63382800,0.739,44711600,0.74,32250900,0.741,30614200
sh513130,09:33:16,1764725600077,09:34:18,1764725598959,0.736,0.7357,0.0408,5593.92,0.9078,4.4901,0,0,0.736,1.016,0.736,8350800,0.735,114201100,0.734,87750200,0.733,55730200,0.732,38971300,0.737,52055800,0.738,63382800,0.739,44711600,0.74,32250900,0.741,30614200
sh513130,09:33:16,1764725601072,09:34:20,1764725600510,0.736,0.7357,0.0408,5595.03,0.9078,4.1186,0,0,0.736,0.996,0.736,8350800,0.735,114201100,0.734,87750200,0.733,55730200,0.732,38971300,0.737,52055800,0.738,63382800,0.739,44711600,0.74,32250900,0.741,30614200
sh513130,09:33:19,1764725602078,09:34:20,1764725601113,0.737,0.7357,0.1767,5595.03,0.9078,3.9137,116800,86082,0.737,1.006,0.736,52765000,0.735,105260500,0.734,84286800,0.733,45733700,0.732,38977300,0.737,51282000,0.738,62232800,0.739,44711600,0.74,32251100,0.741,30614200
sh513130,09:33:19,1764725603068,09:34:22,1764725602528,0.737,0.7357,0.1767,5595.46,0.9078,3.4042,0,0,0.737,0.99,0.736,52765000,0.735,105260500,0.734,84286800,0.733,45733700,0.732,38977300,0.737,51282000,0.738,62232800,0.739,44711600,0.74,32251100,0.741,30614200
sh513130,09:33:22,1764725604076,09:34:22,1764725603272,0.737,0.7357,0.1767,5595.46,0.9078,3.4042,114700,84456,0.7363,1.007,0.736,61918400,0.735,107735100,0.734,84292800,0.733,38353700,0.732,39029200,0.737,50390500,0.738,61886300,0.739,45701600,0.74,32351000,0.741,30613200
sh513130,09:33:22,1764725605083,09:34:24,1764725604554,0.737,0.7357,0.1767,5596.89,0.9078,3.3909,0,0,0.737,1.008,0.736,61918400,0.735,107735100,0.734,84292800,0.733,38353700,0.732,39029200,0.737,50390500,0.738,61886300,0.739,45701600,0.74,32351000,0.741,30613200
sh513130,09:33:22,1764725606078,09:34:24,1764725605421,0.737,0.7357,0.1767,5596.89,0.9078,4.3364,0,0,0.737,0.995,0.736,61918400,0.735,107735100,0.734,84292800,0.733,38353700,0.732,39029200,0.737,50390500,0.738,61886300,0.739,45701600,0.74,32351000,0.741,30613200
sh513130,09:33:22,1764725607079,09:34:26,1764725606543,0.737,0.7357,0.1767,5597.79,0.9078,3.672,0,0,0.737,1.001,0.736,61918400,0.735,107735100,0.734,84292800,0.733,38353700,0.732,39029200,0.737,50390500,0.738,61886300,0.739,45701600,0.74,32351000,0.741,30613200
sh513130,09:33:25,1764725608090,09:34:26,1764725607570,0.737,0.7364,0.0815,5597.79,0.9078,3.5848,480600,353784,0.7361,1.011,0.736,63702500,0.735,109057600,0.734,84368900,0.733,38415600,0.732,39230200,0.737,45861000,0.738,62200600,0.739,45701600,0.74,37351000,0.741,30613200
sh513130,09:33:25,1764725609076,09:34:28,1764725608562,0.737,0.7364,0.0815,5597.55,0.9078,3.5205,0,0,0.737,0.986,0.736,63702500,0.735,109057600,0.734,84368900,0.733,38415600,0.732,39230200,0.737,45861000,0.738,62200600,0.739,45701600,0.74,37351000,0.741,30613200
sh513130,09:33:25,1764725610078,09:34:28,1764725609722,0.737,0.7364,0.0815,5597.55,0.9078,3.5205,0,0,0.737,1.002,0.736,63702500,0.735,109057600,0.734,84368900,0.733,38415600,0.732,39230200,0.737,45861000,0.738,62200600,0.739,45701600,0.74,37351000,0.741,30613200
sh513130,09:33:28,1764725611077,09:34:30,1764725610524,0.736,0.7364,-0.0543,5597.13,0.9078,2.9737,527200,388363,0.7367,0.999,0.736,65655700,0.735,110654500,0.734,84341000,0.733,38504800,0.732,39280600,0.737,50495600,0.738,63061900,0.739,45811800,0.74,32351000,0.741,30608600
sh513130,09:33:28,1764725612084,09:34:30,1764725611866,0.736,0.7364,-0.0543,5597.13,0.9078,4.4137,0,0,0.736,1.007,0.736,65655700,0.735,110654500,0.734,84341000,0.733,38504800,0.732,39280600,0.737,50495600,0.738,63061900,0.739,45811800,0.74,32351000,0.741,30608600
sh513130,09:33:28,1764725613082,09:34:32,1764725612562,0.736,0.7364,-0.0543,5597.41,0.9078,4.4203,0,0,0.736,0.998,0.736,65655700,0.735,110654500,0.734,84341000,0.733,38504800,0.732,39280600,0.737,50495600,0.738,63061900,0.739,45811800,0.74,32351000,0.741,30608600
sh513130,09:33:31,1764725614095,09:34:32,1764725614029,0.737,0.7364,0.0815,5597.41,0.9078,3.9044,325800,240113,0.737,1.013,0.736,66541700,0.735,112454900,0.734,84471600,0.733,38504800,0.732,39212200,0.737,46261400,0.738,64056600,0.739,45811800,0.74,37351000,0.741,30658600
sh513130,09:33:31,1764725615091,09:34:34,1764725614529,0.737,0.7364,0.0815,5597.65,0.9078,4.2214,0,0,0.737,0.996,0.736,66541700,0.735,112454900,0.734,84471600,0.733,38504800,0.732,39212200,0.737,46261400,0.738,64056600,0.739,45811800,0.74,37351000,0.741,30658600
sh513130,09:33:34,1764725616094,09:34:34,1764725614529,0.737,0.7364,0.0815,5597.65,0.9078,4.2214,1227200,904445,0.737,1.003,0.736,68086700,0.735,113580400,0.734,84472600,0.733,38497200,0.732,39212700,0.737,45193100,0.738,64042700,0.739,45861800,0.74,37399000,0.741,30732300
sh513130,09:33:34,1764725617096,09:34:36,1764725616522,0.737,0.7364,0.0815,5596.77,0.9078,3.694,0,0,0.737,1.001,0.736,68086700,0.735,113580400,0.734,84472600,0.733,38497200,0.732,39212700,0.737,45193100,0.738,64042700,0.739,45861800,0.74,37399000,0.741,30732300
sh513130,09:33:34,1764725618104,09:34:36,1764725616522,0.737,0.7364,0.0815,5596.77,0.9078,5.4917,0,0,0.737,1.008,0.736,68086700,0.735,113580400,0.734,84472600,0.733,38497200,0.732,39212700,0.737,45193100,0.738,64042700,0.739,45861800,0.74,37399000,0.741,30732300
sh513130,09:33:37,1764725619107,09:34:38,1764725618524,0.737,0.7364,0.0815,5597.35,0.9078,5.067,59000,43483,0.737,1.002,0.736,69669900,0.735,114531000,0.734,84477600,0.733,38497500,0.732,39226700,0.737,47853900,0.738,62950000,0.739,45934400,0.74,37548200,0.741,30867300
sh513130,09:33:37,1764725620095,09:34:38,1764725618524,0.737,0.7364,0.0815,5597.35,0.9078,4.9458,0,0,0.737,0.988,0.736,69669900,0.735,114531000,0.734,84477600,0.733,38497500,0.732,39226700,0.737,47853900,0.738,62950000,0.739,45934400,0.74,37548200,0.741,30867300
sh513130,09:33:37,1764725621100,09:34:40,1764725620491,0.737,0.7364,0.0815,5597.73,0.9078,4.2599,0,0,0.737,1.006,0.736,69669900,0.735,114531000,0.734,84477600,0.733,38497500,0.732,39226700,0.737,47853900,0.738,62950000,0.739,45934400,0.74,37548200,0.741,30867300
sh513130,09:33:40,1764725622100,09:34:40,1764725620491,0.737,0.7364,0.0815,5597.73,0.9078,3.7754,1168200,860270,0.7364,1.0,0.736,72283100,0.735,115594600,0.734,84658200,0.733,38459500,0.732,39228700,0.737,44917100,0.738,63949900,0.739,47934200,0.74,37558200,0.741,31107600
sh513130,09:33:40,1764725623097,09:34:42,1764725622652,0.737,0.7364,0.0815,5597.67,0.9078,4.0026,0,0,0.737,0.997,0.736,72283100,0.735,115594600,0.734,84658200,0.733,38459500,0.732,39228700,0.737,44917100,0.738,63949900,0.739,47934200,0.74,37558200,0.741,31107600
sh513130,09:33:40,1764725624111,09:34:42,1764725622652,0.737,0.7364,0.0815,5597.67,0.9078,4.4439,0,0,0.737,1.014,0.736,72283100,0.735,115594600,0.734,84658200,0.733,38459500,0.732,39228700,0.737,44917100,0.738,63949900,0.739,47934200,0.74,37558200,0.741,31107600
sh513130,09:33:40,1764725625103,09:34:44,1764725624798,0.737,0.7364,0.0815,5598.96,0.9078,4.4861,0,0,0.737,0.992,0.736,72283100,0.735,115594600,0.734,84658200,0.733,38459500,0.732,39228700,0.737,44917100,0.738,63949900,0.739,47934200,0.74,37558200,0.741,31107600
sh513130,09:33:43,1764725626101,09:34:44,1764725624798,0.736,0.7364,-0.0543,5598.96,0.9078,4.0434,1142300,841839,0.737,0.998,0.736,73730500,0.735,115936600,0.734,84653100,0.733,38459500,0.732,39138700,0.737,44179900,0.738,63949900,0.739,48300400,0.74,37625500,0.741,31107600
sh513130,09:33:43,1764725627113,09:34:46,1764725626963,0.736,0.7364,-0.0543,5599.5,0.9078,4.0434,0,0,0.736,1.012,0.736,73730500,0.735,115936600,0.734,84653100,0.733,38459500,0.732,39138700,0.737,44179900,0.738,63949900,0.739,48300400,0.74,37625500,0.741,31107600
sh513130,09:33:46,1764725628112,09:34:46,1764725626963,0.737,0.7364,0.0815,5599.5,0.9078,5.0897,464500,342333,0.737,0.999,0.736,74564200,0.735,117267800,0.734,84653100,0.733,38476300,0.732,39141700,0.737,42492600,0.738,64759700,0.739,48800400,0.74,37625500,0.741,31107600
sh513130,09:33:46,1764725629122,09:34:48,1764725629121,0.737,0.7364,0.0815,5599.07,0.9078,4.3237,0,0,0.737,1.01,0.736,74564200,0.735,117267800,0.734,84653100,0.733,38476300,0.732,39141700,0.737,42492600,0.738,64759700,0.739,48800400,0.74,37625500,0.741,31107600
sh513130,09:33:46,1764725630106,09:34:48,1764725629121,0.737,0.7364,0.0815,5599.07,0.9078,3.9727,0,0,0.737,0.985,0.736,74564200,0.735,117267800,0.734,84653100,0.733,38476300,0.732,39141700,0.737,42492600,0.738,64759700,0.739,48800400,0.74,37625500,0.741,31107600
sh513130,09:33:49,1764725631118,09:34:50,1764725630832,0.737,0.7364,0.0815,5599.8,0.9078,4.0364,493600,363748,0.7369,1.011,0.736,80229000,0.735,123986000,0.734,89670900,0.733,38476800,0.732,39151700,0.737,33764100,0.738,65718000,0.739,56818000,0.74,37722100,0.741,31107600
sh513130,09:33:49,1764725632155,09:34:50,1764725631275,0.737,0.7364,0.0815,5599.8,0.9078,3.9668,0,0,0.737,1.038,0.736,80229000,0.735,123986000,0.734,89670900,0.733,38476800,0.732,39151700,0.737,33764100,0.738,65718000,0.739,56818000,0.74,37722100,0.741,31107600
sh513130,09:33:49,1764725633116,09:34:52,1764725632581,0.737,0.7364,0.0815,5599.73,0.9078,4.8567,0,0,0.737,0.961,0.736,80229000,0.735,123986000,0.734,89670900,0.733,38476800,0.732,39151700,0.737,33764100,0.738,65718000,0.739,56818000,0.74,37722100,0.741,31107600
sh513130,09:33:49,1764725634122,09:34:52,1764725633432,0.737,0.7364,0.0815,5599.73,0.9078,6.0903,0,0,0.737,1.006,0.736,80229000,0.735,123986000,0.734,89670900,0.733,38476800,0.732,39151700,0.737,33764100,0.738,65718000,0.739,56818000,0.74,37722100,0.741,31107600
sh513130,09:33:52,1764725635118,09:34:54,1764725634508,0.737,0.7364,0.0815,5597.79,0.9078,5.5099,7464800,5501518,0.737,0.996,0.736,81625100,0.735,124131100,0.734,79298600,0.733,38464800,0.732,39161700,0.737,47411800,0.738,45577900,0.739,46834600,0.74,37722100,0.741,31107600
sh513130,09:33:52,1764725636123,09:34:54,1764725635576,0.737,0.7364,0.0815,5597.79,0.9078,5.0728,0,0,0.737,1.005,0.736,81625100,0.735,124131100,0.734,79298600,0.733,38464800,0.732,39161700,0.737,47411800,0.738,45577900,0.739,46834600,0.74,37722100,0.741,31107600
sh513130,09:33:55,1764725637123,09:34:56,1764725636604,0.737,0.7371,-0.0136,5597.09,0.9078,5.1551,142600,105096,0.737,1.0,0.736,65693600,0.735,131501300,0.734,79388100,0.733,45464800,0.732,39348400,0.737,52039200,0.738,46516800,0.739,46834700,0.74,32752100,0.741,31107600
sh513130,09:33:55,1764725638121,09:34:56,1764725637735,0.737,0.7371,-0.0136,5597.09,0.9078,5.3268,0,0,0.737,0.998,0.736,65693600,0.735,131501300,0.734,79388100,0.733,45464800,0.732,39348400,0.737,52039200,0.738,46516800,0.739,46834700,0.74,32752100,0.741,31107600
sh513130,09:33:55,1764725639132,09:34:58,1764725638473,0.737,0.7371,-0.0136,5597.02,0.9078,4.9274,0,0,0.737,1.011,0.736,65693600,0.735,131501300,0.734,79388100,0.733,45464800,0.732,39348400,0.737,52039200,0.738,46516800,0.739,46834700,0.74,32752100,0.741,31107600
sh513130,09:33:58,1764725640126,09:34:58,1764725639886,0.737,0.7371,-0.0136,5597.02,0.9078,3.2164,269300,198392,0.7367,0.994,0.736,55278200,0.735,131612400,0.734,79484900,0.733,56305400,0.732,39348400,0.737,52337400,0.738,46556800,0.739,46834900,0.74,32805100,0.741,31107600
sh513130,09:33:58,1764725641129,09:35:00,1764725640507,0.737,0.7371,-0.0136,5596.04,0.9078,3.0651,0,0,0.737,1.003,0.736,55278200,0.735,131612400,0.734,79484900,0.733,56305400,0.732,39348400,0.737,52337400,0.738,46556800,0.739,46834900,0.74,32805100,0.741,31107600
sh513130,09:33:58,1764725642133,09:35:00,1764725642035,0.737,0.7371,-0.0136,5596.04,0.9078,3.2044,0,0,0.737,1.003,0.736,55278200,0.735,131612400,0.734,79484900,0.733,56305400,0.732,39348400,0.737,52337400,0.738,46556800,0.739,46834900,0.74,32805100,0.741,31107600
sh513130,09:34:01,1764725643140,09:35:02,1764725642488,0.737,0.7371,-0.0136,5595.61,0.9078,3.0456,216300,159411,0.737,1.007,0.736,45830000,0.735,125541100,0.734,79456600,0.733,60675600,0.732,39362000,0.737,53486400,0.738,46576300,0.739,45844900,0.74,32805100,0.741,31107600
sh513130,09:34:01,1764725644132,09:35:02,1764725643812,0.737,0.7371,-0.0136,5595.61,0.9078,2.6287,0,0,0.737,0.992,0.736,45830000,0.735,125541100,0.734,79456600,0.733,60675600,0.732,39362000,0.737,53486400,0.738,46576300,0.739,45844900,0.74,32805100,0.741,31107600
sh513130,09:34:01,1764725645139,09:35:04,1764725644565,0.737,0.7371,-0.0136,5595.97,0.9078,2.7339,0,0,0.737,1.008,0.736,45830000,0.735,125541100,0.734,79456600,0.733,60675600,0.732,39362000,0.737,53486400,0.738,46576300,0.739,45844900,0.74,32805100,0.741,31107600
sh513130,09:34:01,1764725646138,09:35:04,1764725644565,0.737,0.7371,-0.0136,5595.97,0.9078,2.4503,0,0,0.737,0.999,0.736,45830000,0.735,125541100,0.734,79456600,0.733,60675600,0.732,39362000,0.737,53486400,0.738,46576300,0.739,45844900,0.74,32805100,0.741,31107600
sh513130,09:34:04,1764725647139,09:35:06,1764725646580,0.737,0.7371,-0.0136,5595.96,0.9078,2.1772,597800,440571,0.737,1.001,0.736,78897700,0.735,119090300,0.734,79471200,0.733,38297600,0.732,39367000,0.737,53078500,0.738,47337400,0.739,45844900,0.74,32805100,0.741,31137600
sh513130,09:34:04,1764725648128,09:35:06,1764725646580,0.737,0.7371,-0.0136,5595.96,0.9078,2.1772,0,0,0.737,0.989,0.736,78897700,0.735,119090300,0.734,79471200,0.733,38297600,0.732,39367000,0.737,53078500,0.738,47337400,0.739,45844900,0.74,32805100,0.741,31137600
sh513130,09:34:07,1764725649142,09:35:08,1764725648576,0.737,0.7357,0.1767,5595.81,0.9078,3.8829,647800,477061,0.7364,1.014,0.736,81364700,0.735,119915800,0.734,79494400,0.733,38297600,0.732,39370000,0.737,53133100,0.738,47648600,0.739,46017200,0.74,32921000,0.741,31137600
sh513130,09:34:07,1764725650143,09:35:08,1764725648576,0.737,0.7357,0.1767,5595.81,0.9078,4.2103,0,0,0.737,1.001,0.736,81364700,0.735,119915800,0.734,79494400,0.733,38297600,0.732,39370000,0.737,53133100,0.738,47648600,0.739,46017200,0.74,32921000,0.741,31137600
sh513130,09:34:07,1764725651152,09:35:10,1764725650650,0.737,0.7357,0.1767,5597.81,0.9078,4.0239,0,0,0.737,1.01,0.736,81364700,0.735,119915800,0.734,79494400,0.733,38297600,0.732,39370000,0.737,53133100,0.738,47648600,0.739,46017200,0.74,32921000,0.741,31137600
sh513130,09:34:10,1764725652147,09:35:10,1764725650650,0.737,0.7363,0.0951,5597.81,0.9078,4.6962,321800,237166,0.737,0.995,0.736,85260200,0.735,119973800,0.734,79617100,0.733,38315400,0.732,39370000,0.737,45641800,0.738,48689800,0.739,49007000,0.74,37921000,0.741,31137600
sh513130,09:34:10,1764725653165,09:35:12,1764725652802,0.737,0.7363,0.0951,5598.25,0.9078,4.1211,0,0,0.737,1.018,0.736,85260200,0.735,119973800,0.734,79617100,0.733,38315400,0.732,39370000,0.737,45641800,0.738,48689800,0.739,49007000,0.74,37921000,0.741,31137600
sh513130,09:34:10,1764725654155,09:35:12,1764725652802,0.737,0.7363,0.0951,5598.25,0.9078,7.5974,0,0,0.737,0.99,0.736,85260200,0.735,119973800,0.734,79617100,0.733,38315400,0.732,39370000,0.737,45641800,0.738,48689800,0.739,49007000,0.74,37921000,0.741,31137600
sh513130,09:34:13,1764725655146,09:35:14,1764725654953,0.737,0.7363,0.0951,5599.06,0.9078,7.5209,54400,40079,0.7367,0.991,0.736,87949600,0.735,120653000,0.734,79445600,0.733,38789700,0.732,39370200,0.737,26675600,0.738,54732300,0.739,61006800,0.74,37921000,0.741,31137600
sh513130,09:34:13,1764725656147,09:35:14,1764725654953,0.737,0.7363,0.0951,5599.06,0.9078,6.813,0,0,0.737,1.0,0.736,87949600,0.735,120653000,0.734,79445600,0.733,38789700,0.732,39370200,0.737,26675600,0.738,54732300,0.739,61006800,0.74,37921000,0.741,31137600
sh513130,09:34:13,1764725657148,09:35:16,1764725657090,0.737,0.7363,0.0951,5597.66,0.9078,6.5232,0,0,0.737,1.001,0.736,87949600,0.735,120653000,0.734,79445600,0.733,38789700,0.732,39370200,0.737,26675600,0.738,54732300,0.739,61006800,0.74,37921000,0.741,31137600
sh513130,09:34:13,1764725658156,09:35:16,1764725657090,0.737,0.7363,0.0951,5597.66,0.9078,6.0072,0,0,0.737,1.008,0.736,87949600,0.735,120653000,0.734,79445600,0.733,38789700,0.732,39370200,0.737,26675600,0.738,54732300,0.739,61006800,0.74,37921000,0.741,31137600
sh513130,09:34:16,1764725659158,09:35:18,1764725658553,0.737,0.7363,0.0951,5598.09,0.9078,5.1723,1246000,918200,0.7369,1.002,0.736,90373100,0.735,121838200,0.734,79469400,0.733,38922200,0.732,39370200,0.737,26503700,0.738,54885900,0.739,60999000,0.74,37920000,0.741,31277600
sh513130,09:34:16,1764725660188,09:35:18,1764725659245,0.737,0.7363,0.0951,5598.09,0.9078,4.7392,0,0,0.737,1.03,0.736,90373100,0.735,121838200,0.734,79469400,0.733,38922200,0.732,39370200,0.737,26503700,0.738,54885900,0.739,60999000,0.74,37920000,0.741,31277600
sh513130,09:34:16,1764725661152,09:35:20,1764725660472,0.737,0.7363,0.0951,5598.96,0.9078,4.0841,0,0,0.737,0.964,0.736,90373100,0.735,121838200,0.734,79469400,0.733,38922200,0.732,39370200,0.737,26503700,0.738,54885900,0.739,60999000,0.74,37920000,0.741,31277600
sh513130,09:34:19,1764725662195,09:35:20,1764725661397,0.737,0.7363,0.0951,5598.96,0.9078,4.0841,406100,299295,0.737,1.044,0.736,93207400,0.735,122716900,0.734,79206100,0.733,38944700,0.732,39385200,0.737,22150400,0.738,54885900,0.739,60999000,0.74,38049900,0.741,31277600
sh513130,09:34:19,1764725663161,09:35:22,1764725662554,0.737,0.7363,0.0951,5599.58,0.9078,5.5434,0,0,0.737,0.966,0.736,93207400,0.735,122716900,0.734,79206100,0.733,38944700,0.732,39385200,0.737,22150400,0.738,54885900,0.739,60999000,0.74,38049900,0.741,31277600
sh513130,09:34:19,1764725664159,09:35:22,1764725663552,0.737,0.7363,0.0951,5599.58,0.9078,4.8965,0,0,0.737,0.998,0.736,93207400,0.735,122716900,0.734,79206100,0.733,38944700,0.732,39385200,0.737,22150400,0.738,54885900,0.739,60999000,0.74,38049900,0.741,31277600
sh513130,09:34:22,1764725665163,09:35:24,1764725664493,0.737,0.7363,0.0951,5599.81,0.9078,4.8965,1057000,779009,0.737,1.004,0.736,95235100,0.735,123718800,0.734,79300500,0.733,38934700,0.732,39437400,0.737,26439100,0.738,55085900,0.739,60999000,0.74,38246500,0.741,31298100
sh513130,09:34:22,1764725666159,09:35:24,1764725665697,0.737,0.7363,0.0951,5599.81,0.9078,7.4576,0,0,0.737,0.996,0.736,95235100,0.735,123718800,0.734,79300500,0.733,38934700,0.732,39437400,0.737,26439100,0.738,55085900,0.739,60999000,0.74,38246500,0.741,31298100
sh513130,09:34:22,1764725667176,09:35:26,1764725666576,0.737,0.7363,0.0951,5600.54,0.9078,6.2235,0,0,0.737,1.017,0.736,95235100,0.735,123718800,0.734,79300500,0.733,38934700,0.732,39437400,0.737,26439100,0.738,55085900,0.739,60999000,0.74,38246500,0.741,31298100
sh513130,09:34:25,1764725668171,09:35:26,1764725667859,0.736,0.7369,-0.1221,5600.54,0.9078,5.8794,341300,251538,0.737,0.995,0.736,96863800,0.735,123802800,0.734,79314100,0.733,38957800,0.732,39477400,0.737,17872700,0.738,52502700,0.739,61303800,0.74,38246500,0.741,31309500
sh513130,09:34:25,1764725669171,09:35:28,1764725668521,0.736,0.7369,-0.1221,5600.88,0.9078,4.7845,0,0,0.736,1.0,0.736,96863800,0.735,123802800,0.734,79314100,0.733,38957800,0.732,39477400,0.737,17872700,0.738,52502700,0.739,61303800,0.74,38246500,0.741,31309500
sh513130,09:34:28,1764725670182,09:35:28,1764725670010,0.737,0.7369,0.0136,5600.88,0.9078,3.7409,799400,589141,0.737,1.011,0.736,98275500,0.735,123358600,0.734,79379100,0.733,38957800,0.732,39477400,0.737,17355600,0.738,51612800,0.739,61303800,0.74,38238500,0.741,32309500
sh513130,09:34:28,1764725671182,09:35:30,1764725670474,0.737,0.7369,0.0136,5599.93,0.9078,2.8955,0,0,0.737,1.0,0.736,98275500,0.735,123358600,0.734,79379100,0.733,38957800,0.732,39477400,0.737,17355600,0.738,51612800,0.739,61303800,0.74,38238500,0.741,32309500
sh513130,09:34:28,1764725672182,09:35:30,1764725672165,0.737,0.7369,0.0136,5599.93,0.9078,2.2515,0,0,0.737,1.001,0.736,98275500,0.735,123358600,0.734,79379100,0.733,38957800,0.732,39477400,0.737,17355600,0.738,51612800,0.739,61303800,0.74,38238500,0.741,32309500
sh513130,09:34:28,1764725673176,09:35:32,1764725672480,0.737,0.7369,0.0136,5599.7,0.9078,2.6751,0,0,0.737,0.994,0.736,98275500,0.735,123358600,0.734,79379100,0.733,38957800,0.732,39477400,0.737,17355600,0.738,51612800,0.739,61303800,0.74,38238500,0.741,32309500
sh513130,09:34:31,1764725674188,09:35:32,1764725672480,0.737,0.7369,0.0136,5599.7,0.9078,2.5223,501100,369295,0.737,1.012,0.736,99946900,0.735,123130300,0.734,79393700,0.733,38963800,0.732,39477400,0.737,25552100,0.738,52662800,0.739,60007200,0.74,38238500,0.741,31309500
sh513130,09:34:31,1764725675177,09:35:34,1764725674459,0.737,0.7369,0.0136,5599.7,0.9078,1.7408,0,0,0.737,0.989,0.736,99946900,0.735,123130300,0.734,79393700,0.733,38963800,0.732,39477400,0.737,25552100,0.738,52662800,0.739,60007200,0.74,38238500,0.741,31309500
sh513130,09:34:34,1764725676180,09:35:34,1764725674459,0.737,0.7369,0.0136,5599.7,0.9078,1.6554,430500,317227,0.7369,1.003,0.736,102087300,0.735,123403200,0.734,79763600,0.733,38086100,0.732,39481100,0.737,47215800,0.738,46023500,0.739,47269600,0.74,38238500,0.741,31309500
sh513130,09:34:34,1764725677195,09:35:36,1764725676506,0.737,0.7369,0.0136,5598.92,0.9078,1.4704,0,0,0.737,1.015,0.736,102087300,0.735,123403200,0.734,79763600,0.733,38086100,0.732,39481100,0.737,47215800,0.738,46023500,0.739,47269600,0.74,38238500,0.741,31309500
sh513130,09:34:34,1764725678193,09:35:36,1764725676506,0.737,0.7369,0.0136,5598.92,0.9078,2.3508,0,0,0.737,0.998,0.736,102087300,0.735,123403200,0.734,79763600,0.733,38086100,0.732,39481100,0.737,47215800,0.738,46023500,0.739,47269600,0.74,38238500,0.741,31309500
sh513130,09:34:37,1764725679187,09:35:38,1764725678623,0.737,0.737,0.0,5599.06,0.9078,2.2894,253400,186756,0.737,0.994,0.736,104763200,0.735,123800000,0.734,79764600,0.733,38086100,0.732,39510500,0.737,47395000,0.738,46035500,0.739,48129600,0.74,38545200,0.741,31309500
sh513130,09:34:37,1764725680185,09:35:38,1764725678623,0.737,0.737,0.0,5599.06,0.9078,2.1787,0,0,0.737,0.998,0.736,104763200,0.735,123800000,0.734,79764600,0.733,38086100,0.732,39510500,0.737,47395000,0.738,46035500,0.739,48129600,0.74,38545200,0.741,31309500
sh513130,09:34:37,1764725681195,09:35:40,1764725680773,0.737,0.737,0.0,5597.5,0.9078,3.1827,0,0,0.737,1.01,0.736,104763200,0.735,123800000,0.734,79764600,0.733,38086100,0.732,39510500,0.737,47395000,0.738,46035500,0.739,48129600,0.74,38545200,0.741,31309500
sh513130,09:34:40,1764725682191,09:35:40,1764725680773,0.737,0.737,0.0,5597.5,0.9078,2.6759,136900,100895,0.737,0.995,0.736,99635800,0.735,122876600,0.734,79764600,0.733,38100700,0.732,39520500,0.737,53561400,0.738,46946700,0.739,47189600,0.74,33545200,0.741,31329500
sh513130,09:34:40,1764725683186,09:35:42,1764725682926,0.737,0.737,0.0,5597.86,0.9078,2.4666,0,0,0.737,0.996,0.736,99635800,0.735,122876600,0.734,79764600,0.733,38100700,0.732,39520500,0.737,53561400,0.738,46946700,0.739,47189600,0.74,33545200,0.741,31329500
sh513130,09:34:40,1764725684201,09:35:42,1764725682926,0.737,0.737,0.0,5597.86,0.9078,1.9501,0,0,0.737,1.014,0.736,99635800,0.735,122876600,0.734,79764600,0.733,38100700,0.732,39520500,0.737,53561400,0.738,46946700,0.739,47189600,0.74,33545200,0.741,31329500
sh513130,09:34:43,1764725685200,09:35:44,1764725685070,0.737,0.737,0.0,5596.83,0.9078,1.5773,835700,615892,0.737,0.999,0.736,100690400,0.735,122920100,0.734,79767600,0.733,38100700,0.732,39500500,0.737,52128900,0.738,48172900,0.739,48035300,0.74,33764100,0.741,31329500
sh513130,09:34:43,1764725686195,09:35:44,1764725685070,0.737,0.737,0.0,5596.83,0.9078,4.5447,0,0,0.737,0.995,0.736,100690400,0.735,122920100,0.734,79767600,0.733,38100700,0.732,39500500,0.737,52128900,0.738,48172900,0.739,48035300,0.74,33764100,0.741,31329500
sh513130,09:34:43,1764725687195,09:35:46,1764725686552,0.737,0.737,0.0,5596.38,0.9078,4.2665,0,0,0.737,1.0,0.736,100690400,0.735,122920100,0.734,79767600,0.733,38100700,0.732,39500500,0.737,52128900,0.738,48172900,0.739,48035300,0.74,33764100,0.741,31329500
sh513130,09:34:46,1764725688213,09:35:46,1764725687217,0.737,0.7363,0.0951,5596.38,0.9078,4.0606,729200,537420,0.737,1.017,0.736,70864900,0.735,132066300,0.734,79779000,0.733,60515700,0.732,39501500,0.737,52483900,0.738,49253900,0.739,47045300,0.74,33764100,0.741,31329500
sh513130,09:34:46,1764725689209,09:35:48,1764725688478,0.737,0.7363,0.0951,5596.06,0.9078,6.8513,0,0,0.737,0.996,0.736,70864900,0.735,132066300,0.734,79779000,0.733,60515700,0.732,39501500,0.737,52483900,0.738,49253900,0.739,47045300,0.74,33764100,0.741,31329500
sh513130,09:34:46,1764725690196,09:35:48,1764725689366,0.737,0.7363,0.0951,5596.06,0.9078,5.5896,0,0,0.737,0.987,0.736,70864900,0.735,132066300,0.734,79779000,0.733,60515700,0.732,39501500,0.737,52483900,0.738,49253900,0.739,47045300,0.74,33764100,0.741,31329500
sh513130,09:34:49,1764725691217,09:35:50,1764725690506,0.737,0.7363,0.0951,5596.47,0.9078,5.9639,307300,226480,0.737,1.021,0.736,82789300,0.735,119763200,0.734,74779000,0.733,48195700,0.732,39502500,0.737,52325200,0.738,49219900,0.739,46756500,0.74,33845000,0.741,31420800
sh513130,09:34:49,1764725692218,09:35:50,1764725691544,0.737,0.7363,0.0951,5596.47,0.9078,5.7379,0,0,0.737,1.001,0.736,82789300,0.735,119763200,0.734,74779000,0.733,48195700,0.732,39502500,0.737,52325200,0.738,49219900,0.739,46756500,0.74,33845000,0.741,31420800
sh513130,09:34:49,1764725693217,09:35:52,1764725692501,0.737,0.7363,0.0951,5596.69,0.9078,5.3373,0,0,0.737,0.999,0.736,82789300,0.735,119763200,0.734,74779000,0.733,48195700,0.732,39502500,0.737,52325200,0.738,49219900,0.739,46756500,0.74,33845000,0.741,31420800
sh513130,09:34:49,1764725694206,09:35:52,1764725693721,0.737,0.7363,0.0951,5596.69,0.9078,4.2399,0,0,0.737,0.989,0.736,82789300,0.735,119763200,0.734,74779000,0.733,48195700,0.732,39502500,0.737,52325200,0.738,49219900,0.739,46756500,0.74,33845000,0.741,31420800
sh513130,09:34:52,1764725695218,09:35:54,1764725694490,0.737,0.7363,0.0951,5595.93,0.9078,3.5994,706600,520758,0.737,1.012,0.736,93307600,0.735,120796600,0.734,74771200,0.733,38185700,0.732,39502500,0.737,52205900,0.738,49169900,0.739,46556500,0.74,33845000,0.741,31420800
sh513130,09:34:52,1764725696226,09:35:54,1764725695867,0.737,0.7363,0.0951,5595.93,0.9078,2.9557,0,0,0.737,1.008,0.736,93307600,0.735,120796600,0.734,74771200,0.733,38185700,0.732,39502500,0.737,52205900,0.738,49169900,0.739,46556500,0.74,33845000,0.741,31420800
sh513130,09:34:55,1764725697213,09:35:56,1764725696525,0.736,0.7363,-0.0407,5596.25,0.9078,2.8161,83500,61527,0.7369,0.988,0.736,93422900,0.735,122736900,0.734,74771200,0.733,37172900,0.732,39502500,0.737,52482300,0.738,48063900,0.739,46556500,0.74,33905000,0.741,31420800
sh513130,09:34:55,1764725698216,09:35:56,1764725698021,0.736,0.7363,-0.0407,5596.25,0.9078,3.0676,0,0,0.736,1.002,0.736,93422900,0.735,122736900,0.734,74771200,0.733,37172900,0.732,39502500,0.737,52482300,0.738,48063900,0.739,46556500,0.74,33905000,0.741,31420800
sh513130,09:34:55,1764725699216,09:35:58,1764725698528,0.736,0.7363,-0.0407,5597.55,0.9078,2.8401,0,0,0.736,1.001,0.736,93422900,0.735,122736900,0.734,74771200,0.733,37172900,0.732,39502500,0.737,52482300,0.738,48063900,0.739,46556500,0.74,33905000,0.741,31420800
sh513130,09:34:55,1764725700208,09:35:58,1764725700178,0.736,0.7363,-0.0407,5597.55,0.9078,2.646,0,0,0.736,0.992,0.736,93422900,0.735,122736900,0.734,74771200,0.733,37172900,0.732,39502500,0.737,52482300,0.738,48063900,0.739,46556500,0.74,33905000,0.741,31420800
sh513130,09:34:58,1764725701213,09:36:00,1764725700621,0.737,0.7363,0.0951,5598.19,0.9078,3.1553,221700,163193,0.7361,1.004,0.736,93808300,0.735,123770000,0.734,74772100,0.733,37202900,0.732,39505200,0.737,46638400,0.738,48293000,0.739,47546500,0.74,38905000,0.741,31357100
sh513130,09:34:58,1764725702223,09:36:00,1764725700621,0.737,0.7363,0.0951,5598.19,0.9078,3.8614,0,0,0.737,1.011,0.736,93808300,0.735,123770000,0.734,74772100,0.733,37202900,0.732,39505200,0.737,46638400,0.738,48293000,0.739,47546500,0.74,38905000,0.741,31357100
sh513130,09:35:01,1764725703216,09:36:02,1764725702632,0.737,0.7363,0.0951,5598.33,0.9078,3.5387,1071900,789969,0.737,0.992,0.736,95248500,0.735,124757800,0.734,74779700,0.733,42199900,0.732,39512200,0.737,45860400,0.738,48386600,0.739,47850700,0.74,38906400,0.741,31357100
sh513130,09:35:01,1764725704221,09:36:02,1764725703721,0.737,0.7363,0.0951,5598.33,0.9078,4.1057,0,0,0.737,1.006,0.736,95248500,0.735,124757800,0.734,74779700,0.733,42199900,0.732,39512200,0.737,45860400,0.738,48386600,0.739,47850700,0.74,38906400,0.741,31357100
sh513130,09:35:01,1764725705218,09:36:04,1764725704559,0.737,0.7363,0.0951,5598.18,0.9078,3.4376,0,0,0.737,0.997,0.736,95248500,0.735,124757800,0.734,74779700,0.733,42199900,0.732,39512200,0.737,45860400,0.738,48386600,0.739,47850700,0.74,38906400,0.741,31357100
sh513130,09:35:04,1764725706235,09:36:04,1764725704559,0.737,0.7363,0.0951,5598.18,0.9078,2.58,452500,333483,0.737,1.017,0.736,96137100,0.735,126058500,0.734,74824700,0.733,42259900,0.732,39525100,0.737,45597800,0.738,48486600,0.739,47508200,0.74,38906400,0.741,31347100
sh513130,09:35:04,1764725707225,09:36:06,1764725706657,0.737,0.7363,0.0951,5599.0,0.9078,2.8286,0,0,0.737,0.99,0.736,96137100,0.735,126058500,0.734,74824700,0.733,42259900,0.732,39525100,0.737,45597800,0.738,48486600,0.739,47508200,0.74,38906400,0.741,31347100
sh513130,09:35:04,1764725708236,09:36:06,1764725706657,0.737,0.7363,0.0951,5599.0,0.9078,2.2006,0,0,0.737,1.012,0.736,96137100,0.735,126058500,0.734,74824700,0.733,42259900,0.732,39525100,0.737,45597800,0.738,48486600,0.739,47508200,0.74,38906400,0.741,31347100
sh513130,09:35:07,1764725709227,09:36:08,1764725708808,0.737,0.7363,0.0951,5600.01,0.9078,2.4739,391700,288613,0.7368,0.99,0.736,96257800,0.735,127047700,0.734,74820900,0.733,42254900,0.732,39555100,0.737,45726800,0.738,49390400,0.739,47508200,0.74,38906400,0.741,31347100
sh513130,09:35:07,1764725710237,09:36:08,1764725708808,0.737,0.7363,0.0951,5600.01,0.9078,2.5496,0,0,0.737,1.011,0.736,96257800,0.735,127047700,0.734,74820900,0.733,42254900,0.732,39555100,0.737,45726800,0.738,49390400,0.739,47508200,0.74,38906400,0.741,31347100
sh513130,09:35:07,1764725711412,09:36:10,1764725710970,0.737,0.7363,0.0951,5599.43,0.9078,2.6534,0,0,0.737,1.175,0.736,96257800,0.735,127047700,0.734,74820900,0.733,42254900,0.732,39555100,0.737,45726800,0.738,49390400,0.739,47508200,0.74,38906400,0.741,31347100
sh513130,09:35:10,1764725712234,09:36:10,1764725710970,0.737,0.7362,0.1087,5599.43,0.9078,2.4623,661700,487673,0.737,0.822,0.736,101281800,0.735,132066200,0.734,79807300,0.733,42274900,0.732,39555100,0.737,55326800,0.738,56390400,0.739,46041300,0.74,33986400,0.741,31347100
sh513130,09:35:10,1764725713237,09:36:12,1764725713112,0.737,0.7362,0.1087,5598.27,0.9078,2.6685,0,0,0.737,1.003,0.736,101281800,0.735,132066200,0.734,79807300,0.733,42274900,0.732,39555100,0.737,55326800,0.738,56390400,0.739,46041300,0.74,33986400,0.741,31347100
sh513130,09:35:10,1764725714236,09:36:12,1764725713112,0.737,0.7362,0.1087,5598.27,0.9078,3.4547,0,0,0.737,0.999,0.736,101281800,0.735,132066200,0.734,79807300,0.733,42274900,0.732,39555100,0.737,55326800,0.738,56390400,0.739,46041300,0.74,33986400,0.741,31347100
sh513130,09:35:10,1764725715228,09:36:14,1764725714489,0.737,0.7362,0.1087,5597.97,0.9078,3.6948,0,0,0.737,0.992,0.736,101281800,0.735,132066200,0.734,79807300,0.733,42274900,0.732,39555100,0.737,55326800,0.738,56390400,0.739,46041300,0.74,33986400,0.741,31347100
sh513130,09:35:13,1764725716241,09:36:14,1764725715258,0.737,0.7362,0.1087,5597.97,0.9078,2.9974,407500,300327,0.737,1.014,0.736,101779800,0.735,133416600,0.734,79802300,0.733,42260400,0.732,39615100,0.737,56254200,0.738,55390400,0.739,44957900,0.74,33986400,0.741,31468600
sh513130,09:35:13,1764725717242,09:36:16,1764725716479,0.737,0.7362,0.1087,5597.89,0.9078,2.856,0,0,0.737,1.0,0.736,101779800,0.735,133416600,0.734,79802300,0.733,42260400,0.732,39615100,0.737,56254200,0.738,55390400,0.739,44957900,0.74,33986400,0.741,31468600
sh513130,09:35:16,1764725718239,09:36:16,1764725717407,0.737,0.7362,0.1087,5597.89,0.9078,2.933,158900,117102,0.737,0.998,0.736,96964400,0.735,132664000,0.734,80679100,0.733,47155400,0.732,39615100,0.737,57220700,0.738,56390400,0.739,44957900,0.74,33487000,0.741,31468600
sh513130,09:35:16,1764725719245,09:36:18,1764725718552,0.737,0.7362,0.1087,5598.03,0.9078,2.84,0,0,0.737,1.005,0.736,96964400,0.735,132664000,0.734,80679100,0.733,47155400,0.732,39615100,0.737,57220700,0.738,56390400,0.739,44957900,0.74,33487000,0.741,31468600
sh513130,09:35:16,1764725720238,09:36:18,1764725719559,0.737,0.7362,0.1087,5598.03,0.9078,3.3952,0,0,0.737,0.993,0.736,96964400,0.735,132664000,0.734,80679100,0.733,47155400,0.732,39615100,0.737,57220700,0.738,56390400,0.739,44957900,0.74,33487000,0.741,31468600
sh513130,09:35:19,1764725721243,09:36:20,1764725720530,0.737,0.7362,0.1087,5597.9,0.9078,2.7077,1226100,903624,0.737,1.005,0.736,79902000,0.735,141237200,0.734,81550900,0.733,57155400,0.732,39635100,0.737,59180500,0.738,56533800,0.739,44957900,0.74,32487000,0.741,31468600
sh513130,09:35:19,1764725722251,09:36:20,1764725721727,0.737,0.7362,0.1087,5597.9,0.9078,2.6043,0,0,0.737,1.007,0.736,79902000,0.735,141237200,0.734,81550900,0.733,57155400,0.732,39635100,0.737,59180500,0.738,56533800,0.739,44957900,0.74,32487000,0.741,31468600
sh513130,09:35:19,1764725723241,09:36:22,1764725722475,0.737,0.7362,0.1087,5597.85,0.9078,2.7528,0,0,0.737,0.99,0.736,79902000,0.735,141237200,0.734,81550900,0.733,57155400,0.732,39635100,0.737,59180500,0.738,56533800,0.739,44957900,0.74,32487000,0.741,31468600
sh513130,09:35:22,1764725724237,09:36:22,1764725723879,0.737,0.7362,0.1087,5597.85,0.9078,2.7528,177700,130965,0.737,0.997,0.736,103531800,0.735,134707200,0.734,82536700,0.733,42161600,0.732,39585100,0.737,57829000,0.738,56670800,0.739,44957900,0.74,34037000,0.741,31468600
sh513130,09:35:22,1764725725245,09:36:24,1764725724476,0.737,0.7362,0.1087,5597.58,0.9078,2.3622,0,0,0.737,1.008,0.736,103531800,0.735,134707200,0.734,82536700,0.733,42161600,0.732,39585100,0.737,57829000,0.738,56670800,0.739,44957900,0.74,34037000,0.741,31468600
sh513130,09:35:22,1764725726249,09:36:24,1764725726049,0.737,0.7362,0.1087,5597.58,0.9078,3.4329,0,0,0.737,1.004,0.736,103531800,0.735,134707200,0.734,82536700,0.733,42161600,0.732,39585100,0.737,57829000,0.738,56670800,0.739,44957900,0.74,34037000,0.741,31468600
sh513130,09:35:22,1764725727255,09:36:26,1764725726471,0.737,0.7362,0.1087,5597.04,0.9078,4.4047,0,0,0.737,1.006,0.736,103531800,0.735,134707200,0.734,82536700,0.733,42161600,0.732,39585100,0.737,57829000,0.738,56670800,0.739,44957900,0.74,34037000,0.741,31468600
sh513130,09:35:25,1764725728257,09:36:26,1764725728202,0.737,0.7362,0.1087,5597.04,0.9078,3.1224,464100,342009,0.7369,1.002,0.736,96573300,0.735,142380400,0.734,83444500,0.733,42184600,0.732,39582100,0.737,59034800,0.738,57727400,0.739,44977900,0.74,32547000,0.741,31468600
sh513130,09:35:25,1764725729251,09:36:28,1764725728539,0.737,0.7362,0.1087,5595.26,0.9078,2.9759,0,0,0.737,0.994,0.736,96573300,0.735,142380400,0.734,83444500,0.733,42184600,0.732,39582100,0.737,59034800,0.738,57727400,0.739,44977900,0.74,32547000,0.741,31468600
sh513130,09:35:25,1764725730263,09:36:28,1764725728539,0.737,0.7362,0.1087,5595.26,0.9078,1.4463,0,0,0.737,1.012,0.736,96573300,0.735,142380400,0.734,83444500,0.733,42184600,0.732,39582100,0.737,59034800,0.738,57727400,0.739,44977900,0.74,32547000,0.741,31468600
sh513130,09:35:25,1764725731262,09:36:30,1764725730460,0.737,0.7362,0.1087,5595.48,0.9078,1.3775,0,0,0.737,0.999,0.736,96573300,0.735,142380400,0.734,83444500,0.733,42184600,0.732,39582100,0.737,59034800,0.738,57727400,0.739,44977900,0.74,32547000,0.741,31468600
sh513130,09:35:28,1764725732271,09:36:30,1764725730460,0.737,0.7362,0.1087,5595.48,0.9078,1.3703,914400,673643,0.7367,1.009,0.736,51110800,0.735,142215600,0.734,84310300,0.733,63574600,0.732,39582100,0.737,58589300,0.738,57980700,0.739,44977900,0.74,32548000,0.741,31468600
sh513130,09:35:31,1764725733262,09:36:32,1764725732541,0.737,0.7362,0.1087,5593.21,0.9078,0.9088,93300,68759,0.737,0.99,0.736,49796700,0.735,142212700,0.734,85166600,0.733,64074600,0.732,39589800,0.737,58826800,0.738,57980700,0.739,45139100,0.74,32626400,0.741,31468700
sh513130,09:35:31,1764725734266,09:36:32,1764725732541,0.737,0.7362,0.1087,5593.21,0.9078,3.1092,0,0,0.737,1.004,0.736,49796700,0.735,142212700,0.734,85166600,0.733,64074600,0.732,39589800,0.737,58826800,0.738,57980700,0.739,45139100,0.74,32626400,0.741,31468700
sh513130,09:35:31,1764725735275,09:36:34,1764725734674,0.737,0.7362,0.1087,5594.14,0.9078,3.1446,0,0,0.737,1.009,0.736,49796700,0.735,142212700,0.734,85166600,0.733,64074600,0.732,39589800,0.737,58826800,0.738,57980700,0.739,45139100,0.74,32626400,0.741,31468700
sh513130,09:35:34,1764725736270,09:36:34,1764725734674,0.737,0.7362,0.1087,5594.14,0.9078,2.9667,103600,76353,0.737,0.994,0.736,59757400,0.735,142324400,0.734,86032400,0.733,56298600,0.732,39599800,0.737,59697800,0.738,58786900,0.739,45139000,0.74,32626400,0.741,31468700
sh513130,09:35:34,1764725737261,09:36:36,1764725736820,0.737,0.7362,0.1087,5594.65,0.9078,3.9164,0,0,0.737,0.991,0.736,59757400,0.735,142324400,0.734,86032400,0.733,56298600,0.732,39599800,0.737,59697800,0.738,58786900,0.739,45139000,0.74,32626400,0.741,31468700
sh513130,09:35:34,1764725738270,09:36:36,1764725736820,0.737,0.7362,0.1087,5594.65,0.9078,3.7399,0,0,0.737,1.009,0.736,59757400,0.735,142324400,0.734,86032400,0.733,56298600,0.732,39599800,0.737,59697800,0.738,58786900,0.739,45139000,0.74,32626400,0.741,31468700
sh513130,09:35:34,1764725739284,09:36:38,1764725738969,0.737,0.7362,0.1087,5593.51,0.9078,3.1892,0,0,0.737,1.014,0.736,59757400,0.735,142324400,0.734,86032400,0.733,56298600,0.732,39599800,0.737,59697800,0.738,58786900,0.739,45139000,0.74,32626400,0.741,31468700
sh513130,09:35:37,1764725740271,09:36:38,1764725738969,0.737,0.7362,0.1087,5593.51,0.9078,3.413,71500,52645,0.7363,0.987,0.736,78872900,0.735,142277500,0.734,87764000,0.733,56248600,0.732,39599800,0.737,59900700,0.738,60529100,0.739,45139000,0.74,32626400,0.741,31468700
sh513130,09:35:37,1764725741275,09:36:40,1764725741130,0.737,0.7362,0.1087,5593.37,0.9078,3.255,0,0,0.737,1.004,0.736,78872900,0.735,142277500,0.734,87764000,0.733,56248600,0.732,39599800,0.737,59900700,0.738,60529100,0.739,45139000,0.74,32626400,0.741,31468700
sh513130,09:35:40,1764725742266,09:36:40,1764725741130,0.737,0.7362,0.1087,5593.37,0.9078,1.1981,68700,50631,0.737,0.991,0.736,78972300,0.735,141515100,0.734,88723300,0.733,56258600,0.732,39599800,0.737,62929700,0.738,61390600,0.739,45139000,0.74,32626400,0.741,32129800
sh513130,09:35:40,1764725743283,09:36:42,1764725743282,0.737,0.7362,0.1087,5592.94,0.9078,0.8411,0,0,0.737,1.017,0.736,78972300,0.735,141515100,0.734,88723300,0.733,56258600,0.732,39599800,0.737,62929700,0.738,61390600,0.739,45139000,0.74,32626400,0.741,32129800
sh513130,09:35:40,1764725744283,09:36:42,1764725743282,0.737,0.7362,0.1087,5592.94,0.9078,1.0178,0,0,0.737,1.0,0.736,78972300,0.735,141515100,0.734,88723300,0.733,56258600,0.732,39599800,0.737,62929700,0.738,61390600,0.739,45139000,0.74,32626400,0.741,32129800
sh513130,09:35:43,1764725745277,09:36:44,1764725744512,0.737,0.7362,0.1087,5592.81,0.9078,0.9192,228800,168615,0.737,0.994,0.736,60304200,0.735,141532400,0.734,89593900,0.733,55964300,0.732,39618100,0.737,62970200,0.738,62251400,0.739,45139000,0.74,32630400,0.741,32129800
sh513130,09:35:43,1764725746279,09:36:44,1764725745424,0.737,0.7362,0.1087,5592.81,0.9078,1.9554,0,0,0.737,1.002,0.736,60304200,0.735,141532400,0.734,89593900,0.733,55964300,0.732,39618100,0.737,62970200,0.738,62251400,0.739,45139000,0.74,32630400,0.741,32129800
sh513130,09:35:43,1764725747276,09:36:46,1764725746482,0.737,0.7362,0.1087,5593.01,0.9078,1.4443,0,0,0.737,0.997,0.736,60304200,0.735,141532400,0.734,89593900,0.733,55964300,0.732,39618100,0.737,62970200,0.738,62251400,0.739,45139000,0.74,32630400,0.741,32129800
sh513130,09:35:46,1764725748277,09:36:46,1764725747574,0.736,0.7362,-0.0272,5593.01,0.9078,1.5366,333000,245405,0.737,1.001,0.736,82391600,0.735,141523600,0.734,90459600,0.733,55999300,0.732,39621100,0.737,63610500,0.738,62262000,0.739,45139000,0.74,32630400,0.741,32150100
sh513130,09:35:46,1764725749290,09:36:48,1764725748527,0.736,0.7362,-0.0272,5593.54,0.9078,1.1777,0,0,0.736,1.013,0.736,82391600,0.735,141523600,0.734,90459600,0.733,55999300,0.732,39621100,0.737,63610500,0.738,62262000,0.739,45139000,0.74,32630400,0.741,32150100
sh513130,09:35:46,1764725750287,09:36:48,1764725749729,0.736,0.7362,-0.0272,5593.54,0.9078,4.6644,0,0,0.736,0.996,0.736,82391600,0.735,141523600,0.734,90459600,0.733,55999300,0.732,39621100,0.737,63610500,0.738,62262000,0.739,45139000,0.74,32630400,0.741,32150100
sh513130,09:35:49,1764725751292,09:36:50,1764725750509,0.737,0.7362,0.1087,5594.02,0.9078,4.4807,44900,33084,0.7368,1.005,0.736,106157900,0.735,134191300,0.734,90429000,0.733,40999300,0.732,39621100,0.737,64093700,0.738,61263000,0.739,45139000,0.74,32711600,0.741,32100100
sh513130,09:35:49,1764725752295,09:36:50,1764725751882,0.737,0.7362,0.1087,5594.02,0.9078,4.8019,0,0,0.737,1.003,0.736,106157900,0.735,134191300,0.734,90429000,0.733,40999300,0.732,39621100,0.737,64093700,0.738,61263000,0.739,45139000,0.74,32711600,0.741,32100100
sh513130,09:35:49,1764725753293,09:36:52,1764725752532,0.737,0.7362,0.1087,5593.24,0.9078,5.2278,0,0,0.737,0.998,0.736,106157900,0.735,134191300,0.734,90429000,0.733,40999300,0.732,39621100,0.737,64093700,0.738,61263000,0.739,45139000,0.74,32711600,0.741,32100100
sh513130,09:35:49,1764725754288,09:36:52,1764725754039,0.737,0.7362,0.1087,5593.24,0.9078,5.2278,0,0,0.737,0.995,0.736,106157900,0.735,134191300,0.734,90429000,0.733,40999300,0.732,39621100,0.737,64093700,0.738,61263000,0.739,45139000,0.74,32711600,0.741,32100100
sh513130,09:35:52,1764725755290,09:36:54,1764725754534,0.737,0.7362,0.1087,5594.59,0.9078,5.2464,174600,128619,0.7366,1.002,0.736,97745800,0.735,141624000,0.734,90479000,0.733,41579800,0.732,39621100,0.737,64410300,0.738,64000000,0.739,45118400,0.74,32711600,0.741,32100100
sh513130,09:35:52,1764725756297,09:36:54,1764725756191,0.737,0.7362,0.1087,5594.59,0.9078,4.9852,0,0,0.737,1.007,0.736,97745800,0.735,141624000,0.734,90479000,0.733,41579800,0.732,39621100,0.737,64410300,0.738,64000000,0.739,45118400,0.74,32711600,0.741,32100100
sh513130,09:35:55,1764725757295,09:36:56,1764725756536,0.737,0.7362,0.1087,5594.79,0.9078,4.7768,513600,378216,0.7364,0.998,0.736,106158400,0.735,133162400,0.734,90479000,0.733,41559800,0.732,39631100,0.737,63299100,0.738,63861000,0.739,45082300,0.74,35211600,0.741,32100100
sh513130,09:35:55,1764725758316,09:36:56,1764725756536,0.737,0.7362,0.1087,5594.79,0.9078,4.3624,0,0,0.737,1.021,0.736,106158400,0.735,133162400,0.734,90479000,0.733,41559800,0.732,39631100,0.737,63299100,0.738,63861000,0.739,45082300,0.74,35211600,0.741,32100100
sh513130,09:35:55,1764725759296,09:36:58,1764725758516,0.737,0.7362,0.1087,5595.3,0.9078,3.7693,0,0,0.737,0.98,0.736,106158400,0.735,133162400,0.734,90479000,0.733,41559800,0.732,39631100,0.737,63299100,0.738,63861000,0.739,45082300,0.74,35211600,0.741,32100100
sh513130,09:35:58,1764725760290,09:36:58,1764725758516,0.737,0.7362,0.1087,5595.3,0.9078,4.2059,209300,154147,0.7365,0.994,0.736,82193200,0.735,141592200,0.734,90549000,0.733,56564800,0.732,39641100,0.737,64982300,0.738,65722000,0.739,45100100,0.74,33741600,0.741,32100100
sh513130,09:35:58,1764725761297,09:37:00,1764725760552,0.737,0.7362,0.1087,5595.27,0.9078,3.6508,0,0,0.737,1.006,0.736,82193200,0.735,141592200,0.734,90549000,0.733,56564800,0.732,39641100,0.737,64982300,0.738,65722000,0.739,45100100,0.74,33741600,0.741,32100100
sh513130,09:35:58,1764725762333,09:37:00,1764725760552,0.737,0.7362,0.1087,5595.27,0.9078,3.1217,0,0,0.737,1.036,0.736,82193200,0.735,141592200,0.734,90549000,0.733,56564800,0.732,39641100,0.737,64982300,0.738,65722000,0.739,45100100,0.74,33741600,0.741,32100100
sh513130,09:36:01,1764725763306,09:37:02,1764725762680,0.737,0.7362,0.1087,5594.11,0.9078,3.143,211500,155864,0.7369,0.973,0.736,85807000,0.735,141496000,0.734,90580000,0.733,56561000,0.732,39641300,0.737,66936700,0.738,66583000,0.739,45140100,0.74,33741600,0.741,32100100
sh513130,09:36:01,1764725764305,09:37:02,1764725763720,0.737,0.7362,0.1087,5594.11,0.9078,2.7509,0,0,0.737,1.0,0.736,85807000,0.735,141496000,0.734,90580000,0.733,56561000,0.732,39641300,0.737,66936700,0.738,66583000,0.739,45140100,0.74,33741600,0.741,32100100
sh513130,09:36:01,1764725765310,09:37:04,1764725764843,0.737,0.7362,0.1087,5594.6,0.9078,2.6338,0,0,0.737,1.005,0.736,85807000,0.735,141496000,0.734,90580000,0.733,56561000,0.732,39641300,0.737,66936700,0.738,66583000,0.739,45140100,0.74,33741600,0.741,32100100
sh513130,09:36:01,1764725766305,09:37:04,1764725764843,0.737,0.7362,0.1087,5594.6,0.9078,2.2247,0,0,0.737,0.995,0.736,85807000,0.735,141496000,0.734,90580000,0.733,56561000,0.732,39641300,0.737,66936700,0.738,66583000,0.739,45140100,0.74,33741600,0.741,32100100
sh513130,09:36:04,1764725767301,09:37:06,1764725766987,0.737,0.7362,0.1087,5593.33,0.9078,2.1169,86600,63799,0.7367,0.996,0.736,90711500,0.735,142419200,0.734,90600000,0.733,51555500,0.732,39930100,0.737,66859700,0.738,67444000,0.739,45074300,0.74,33741600,0.741,32100100
sh513130,09:36:04,1764725768321,09:37:06,1764725766987,0.737,0.7362,0.1087,5593.33,0.9078,2.1908,0,0,0.737,1.02,0.736,90711500,0.735,142419200,0.734,90600000,0.733,51555500,0.732,39930100,0.737,66859700,0.738,67444000,0.739,45074300,0.74,33741600,0.741,32100100
sh513130,09:36:04,1764725769311,09:37:08,1764725769145,0.737,0.7362,0.1087,5594.64,0.9078,1.8031,0,0,0.737,0.989,0.736,90711500,0.735,142419200,0.734,90600000,0.733,51555500,0.732,39930100,0.737,66859700,0.738,67444000,0.739,45074300,0.74,33741600,0.741,32100100
sh513130,09:36:07,1764725770316,09:37:08,1764725769145,0.737,0.7362,0.1087,5594.64,0.9078,1.1961,434200,320005,0.737,1.005,0.736,91016000,0.735,142501300,0.734,90531800,0.733,41587000,0.732,39944700,0.737,67858200,0.738,67444000,0.739,45074300,0.74,33767900,0.741,32100100
sh513130,09:36:07,1764725771311,09:37:10,1764725771293,0.737,0.7362,0.1087,5594.54,0.9078,2.0928,0,0,0.737,0.996,0.736,91016000,0.735,142501300,0.734,90531800,0.733,41587000,0.732,39944700,0.737,67858200,0.738,67444000,0.739,45074300,0.74,33767900,0.741,32100100
sh513130,09:36:10,1764725772315,09:37:10,1764725771293,0.737,0.7355,0.2039,5594.54,0.9078,1.7827,191300,140988,0.737,1.004,0.736,94491500,0.735,134281300,0.734,90563700,0.733,56733300,0.732,39951700,0.737,68527500,0.738,67438600,0.739,45655100,0.74,33767900,0.741,32100400
sh513130,09:36:10,1764725773326,09:37:12,1764725772520,0.737,0.7355,0.2039,5593.87,0.9078,2.7938,0,0,0.737,1.011,0.736,94491500,0.735,134281300,0.734,90563700,0.733,56733300,0.732,39951700,0.737,68527500,0.738,67438600,0.739,45655100,0.74,33767900,0.741,32100400
sh513130,09:36:10,1764725774337,09:37:12,1764725773439,0.737,0.7355,0.2039,5593.87,0.9078,0.5701,0,0,0.737,1.012,0.736,94491500,0.735,134281300,0.734,90563700,0.733,56733300,0.732,39951700,0.737,68527500,0.738,67438600,0.739,45655100,0.74,33767900,0.741,32100400
sh513130,09:36:10,1764725775321,09:37:14,1764725774587,0.737,0.7355,0.2039,5592.07,0.9078,0.6663,0,0,0.737,0.983,0.736,94491500,0.735,134281300,0.734,90563700,0.733,56733300,0.732,39951700,0.737,68527500,0.738,67438600,0.739,45655100,0.74,33767900,0.741,32100400
sh513130,09:36:13,1764725776323,09:37:14,1764725775592,0.736,0.7355,0.068,5592.07,0.9078,1.397,54625900,40204763,0.736,1.002,0.735,129573000,0.734,89563700,0.733,63613300,0.732,39953700,0.731,41568500,0.736,67080500,0.737,50359300,0.738,65263800,0.739,50540700,0.74,33797900
sh513130,09:36:16,1764725777330,09:37:16,1764725776514,0.736,0.7355,0.068,5591.09,0.9078,0.8936,397500,292560,0.736,1.007,0.735,128768400,0.734,90732200,0.733,64603300,0.732,39953700,0.731,41569000,0.736,60366500,0.737,49604900,0.738,64283800,0.739,50140700,0.74,33911900
sh513130,09:36:16,1764725778315,09:37:16,1764725777752,0.736,0.7355,0.068,5591.09,0.9078,1.0586,0,0,0.736,0.986,0.735,128768400,0.734,90732200,0.733,64603300,0.732,39953700,0.731,41569000,0.736,60366500,0.737,49604900,0.738,64283800,0.739,50140700,0.74,33911900
sh513130,09:36:16,1764725779330,09:37:18,1764725778472,0.736,0.7355,0.068,5591.76,0.9078,1.006,0,0,0.736,1.014,0.735,128768400,0.734,90732200,0.733,64603300,0.732,39953700,0.731,41569000,0.736,60366500,0.737,49604900,0.738,64283800,0.739,50140700,0.74,33911900
sh513130,09:36:16,1764725780328,09:37:18,1764725779911,0.736,0.7355,0.068,5591.76,0.9078,2.8594,0,0,0.736,0.999,0.735,128768400,0.734,90732200,0.733,64603300,0.732,39953700,0.731,41569000,0.736,60366500,0.737,49604900,0.738,64283800,0.739,50140700,0.74,33911900
sh513130,09:36:16,1764725781325,09:37:20,1764725780498,0.736,0.7355,0.068,5590.5,0.9078,2.1256,0,0,0.736,0.997,0.735,128768400,0.734,90732200,0.733,64603300,0.732,39953700,0.731,41569000,0.736,60366500,0.737,49604900,0.738,64283800,0.739,50140700,0.74,33911900
sh513130,09:36:19,1764725782360,09:37:20,1764725782064,0.736,0.7355,0.068,5590.5,0.9078,1.6858,840900,618902,0.736,1.035,0.735,128873100,0.734,91597900,0.733,64605000,0.732,39963700,0.731,41569000,0.736,70168100,0.737,49385700,0.738,64283800,0.739,40140700,0.74,33911900
sh513130,09:36:19,1764725783337,09:37:22,1764725782491,0.736,0.7355,0.068,5590.41,0.9078,3.2698,0,0,0.736,0.977,0.735,128873100,0.734,91597900,0.733,64605000,0.732,39963700,0.731,41569000,0.736,70168100,0.737,49385700,0.738,64283800,0.739,40140700,0.74,33911900
sh513130,09:36:22,1764725784335,09:37:22,1764725784215,0.736,0.7355,0.068,5590.41,0.9078,2.693,207400,152641,0.736,0.997,0.735,128792000,0.734,93468100,0.733,64605000,0.732,39963700,0.731,41569000,0.736,63535300,0.737,48090900,0.738,64413800,0.739,45278600,0.74,33915900
sh513130,09:36:22,1764725785340,09:37:24,1764725784477,0.736,0.7355,0.068,5590.47,0.9078,2.5645,0,0,0.736,1.006,0.735,128792000,0.734,93468100,0.733,64605000,0.732,39963700,0.731,41569000,0.736,63535300,0.737,48090900,0.738,64413800,0.739,45278600,0.74,33915900
sh513130,09:36:22,1764725786341,09:37:24,1764725784477,0.736,0.7355,0.068,5590.47,0.9078,2.4415,0,0,0.736,1.001,0.735,128792000,0.734,93468100,0.733,64605000,0.732,39963700,0.731,41569000,0.736,63535300,0.737,48090900,0.738,64413800,0.739,45278600,0.74,33915900
sh513130,09:36:25,1764725787337,09:37:26,1764725786512,0.736,0.7355,0.068,5589.56,0.9078,2.7099,751300,552957,0.736,0.996,0.735,128761400,0.734,93361100,0.733,64605200,0.732,39950100,0.731,41569000,0.736,62378400,0.737,50759300,0.738,64122800,0.739,50278600,0.74,33915900
sh513130,09:36:25,1764725788345,09:37:26,1764725786512,0.736,0.7355,0.068,5589.56,0.9078,2.4739,0,0,0.736,1.009,0.735,128761400,0.734,93361100,0.733,64605200,0.732,39950100,0.731,41569000,0.736,62378400,0.737,50759300,0.738,64122800,0.739,50278600,0.74,33915900
sh513130,09:36:25,1764725789347,09:37:28,1764725788510,0.736,0.7355,0.068,5589.38,0.9078,2.0547,0,0,0.736,1.002,0.735,128761400,0.734,93361100,0.733,64605200,0.732,39950100,0.731,41569000,0.736,62378400,0.737,50759300,0.738,64122800,0.739,50278600,0.74,33915900
sh513130,09:36:28,1764725790336,09:37:28,1764725788510,0.736,0.7355,0.068,5589.38,0.9078,1.8625,402100,295895,0.7359,0.99,0.735,128541800,0.734,94232900,0.733,64605200,0.732,39951100,0.731,41570200,0.736,74974300,0.737,51504000,0.738,63922800,0.739,31502300,0.74,33915900
sh513130,09:36:28,1764725791352,09:37:30,1764725790661,0.736,0.7355,0.068,5589.19,0.9078,1.7724,0,0,0.736,1.015,0.735,128541800,0.734,94232900,0.733,64605200,0.732,39951100,0.731,41570200,0.736,74974300,0.737,51504000,0.738,63922800,0.739,31502300,0.74,33915900
sh513130,09:36:28,1764725792347,09:37:30,1764725790661,0.736,0.7355,0.068,5589.19,0.9078,1.6859,0,0,0.736,0.995,0.735,128541800,0.734,94232900,0.733,64605200,0.732,39951100,0.731,41570200,0.736,74974300,0.737,51504000,0.738,63922800,0.739,31502300,0.74,33915900
sh513130,09:36:31,1764725793354,09:37:32,1764725792810,0.736,0.7355,0.068,5589.64,0.9078,1.7889,569900,419354,0.7358,1.007,0.735,128704100,0.734,94625600,0.733,64639400,0.732,39956100,0.731,41600200,0.736,69937800,0.737,51001300,0.738,64062800,0.739,36556100,0.74,33915900
sh513130,09:36:31,1764725794356,09:37:32,1764725792810,0.736,0.7355,0.068,5589.64,0.9078,1.4017,0,0,0.736,1.002,0.735,128704100,0.734,94625600,0.733,64639400,0.732,39956100,0.731,41600200,0.736,69937800,0.737,51001300,0.738,64062800,0.739,36556100,0.74,33915900
sh513130,09:36:31,1764725795354,09:37:34,1764725794966,0.736,0.7355,0.068,5589.35,0.9078,1.3324,0,0,0.736,0.997,0.735,128704100,0.734,94625600,0.733,64639400,0.732,39956100,0.731,41600200,0.736,69937800,0.737,51001300,0.738,64062800,0.739,36556100,0.74,33915900
sh513130,09:36:34,1764725796350,09:37:34,1764725794966,0.736,0.7355,0.068,5589.35,0.9078,3.2515,442600,325753,0.736,0.996,0.735,128861500,0.734,94649200,0.733,65521800,0.732,39956100,0.731,41602200,0.736,76273400,0.737,47799400,0.738,64121400,0.739,31609500,0.74,33915900
sh513130,09:36:34,1764725797356,09:37:36,1764725797113,0.736,0.7355,0.068,5589.27,0.9078,3.0998,0,0,0.736,1.006,0.735,128861500,0.734,94649200,0.733,65521800,0.732,39956100,0.731,41602200,0.736,76273400,0.737,47799400,0.738,64121400,0.739,31609500,0.74,33915900
sh513130,09:36:34,1764725798352,09:37:36,1764725797113,0.736,0.7355,0.068,5589.27,0.9078,3.0216,0,0,0.736,0.997,0.735,128861500,0.734,94649200,0.733,65521800,0.732,39956100,0.731,41602200,0.736,76273400,0.737,47799400,0.738,64121400,0.739,31609500,0.74,33915900
sh513130,09:36:37,1764725799359,09:37:38,1764725799260,0.736,0.7355,0.068,5588.5,0.9078,2.8229,781400,574833,0.7356,1.006,0.735,129617400,0.734,94679200,0.733,66497800,0.732,39919100,0.731,41602200,0.736,76400500,0.737,48939600,0.738,64121400,0.739,31619500,0.74,33918700
sh513130,09:36:37,1764725800357,09:37:38,1764725799260,0.736,0.7355,0.068,5588.5,0.9078,3.3827,0,0,0.736,0.998,0.735,129617400,0.734,94679200,0.733,66497800,0.732,39919100,0.731,41602200,0.736,76400500,0.737,48939600,0.738,64121400,0.739,31619500,0.74,33918700
sh513130,09:36:37,1764725801355,09:37:40,1764725800491,0.736,0.7355,0.068,5588.65,0.9078,3.2258,0,0,0.736,0.998,0.735,129617400,0.734,94679200,0.733,66497800,0.732,39919100,0.731,41602200,0.736,76400500,0.737,48939600,0.738,64121400,0.739,31619500,0.74,33918700
sh513130,09:36:37,1764725802350,09:37:40,1764725801418,0.736,0.7355,0.068,5588.65,0.9078,4.4666,0,0,0.736,0.996,0.735,129617400,0.734,94679200,0.733,66497800,0.732,39919100,0.731,41602200,0.736,76400500,0.737,48939600,0.738,64121400,0.739,31619500,0.74,33918700
sh513130,09:36:40,1764725803363,09:37:42,1764725802510,0.736,0.7355,0.068,5589.73,0.9078,4.5478,480800,353810,0.7359,1.012,0.735,131776900,0.734,94698700,0.733,67364700,0.732,39924100,0.731,41602300,0.736,79258000,0.737,48010600,0.738,64121400,0.739,31620500,0.74,33988000
sh513130,09:36:40,1764725804376,09:37:42,1764725803564,0.736,0.7355,0.068,5589.73,0.9078,4.3511,0,0,0.736,1.013,0.735,131776900,0.734,94698700,0.733,67364700,0.732,39924100,0.731,41602300,0.736,79258000,0.737,48010600,0.738,64121400,0.739,31620500,0.74,33988000
sh513130,09:36:43,1764725805358,09:37:44,1764725804480,0.736,0.7355,0.068,5589.3,0.9078,4.2029,139100,102340,0.7357,0.982,0.735,134444800,0.734,94698700,0.733,68206600,0.732,39929100,0.731,41602300,0.736,72947300,0.737,48640000,0.738,64251600,0.739,44217800,0.74,34013000
sh513130,09:36:43,1764725806371,09:37:44,1764725805718,0.736,0.7355,0.068,5589.3,0.9078,4.0168,0,0,0.736,1.013,0.735,134444800,0.734,94698700,0.733,68206600,0.732,39929100,0.731,41602300,0.736,72947300,0.737,48640000,0.738,64251600,0.739,44217800,0.74,34013000
sh513130,09:36:43,1764725807373,09:37:46,1764725807019,0.736,0.7355,0.068,5590.74,0.9078,7.3452,0,0,0.736,1.002,0.735,134444800,0.734,94698700,0.733,68206600,0.732,39929100,0.731,41602300,0.736,72947300,0.737,48640000,0.738,64251600,0.739,44217800,0.74,34013000
sh513130,09:36:46,1764725808371,09:37:46,1764725807870,0.736,0.7355,0.068,5590.74,0.9078,7.0016,676400,497687,0.7358,0.998,0.735,135827900,0.734,91072600,0.733,64743000,0.732,39929100,0.731,41602300,0.736,34298200,0.737,57231400,0.738,78188300,0.739,49320800,0.74,33736700
sh513130,09:36:46,1764725809371,09:37:48,1764725808476,0.736,0.7355,0.068,5592.43,0.9078,7.8113,0,0,0.736,0.999,0.735,135827900,0.734,91072600,0.733,64743000,0.732,39929100,0.731,41602300,0.736,34298200,0.737,57231400,0.738,78188300,0.739,49320800,0.74,33736700
sh513130,09:36:46,1764725810370,09:37:48,1764725810018,0.736,0.7355,0.068,5592.43,0.9078,7.5985,0,0,0.736,1.0,0.735,135827900,0.734,91072600,0.733,64743000,0.732,39929100,0.731,41602300,0.736,34298200,0.737,57231400,0.738,78188300,0.739,49320800,0.74,33736700
sh513130,09:36:49,1764725811379,09:37:50,1764725810492,0.736,0.7355,0.068,5592.65,0.9078,6.6137,16336700,12023811,0.736,1.009,0.736,50579800,0.735,135322200,0.734,91091600,0.733,52283000,0.732,39933100,0.737,57850400,0.738,79178300,0.739,49720800,0.74,33656700,0.741,35446500
sh513130,09:36:49,1764725812380,09:37:50,1764725812178,0.736,0.7355,0.068,5592.65,0.9078,5.4852,0,0,0.736,1.001,0.736,50579800,0.735,135322200,0.734,91091600,0.733,52283000,0.732,39933100,0.737,57850400,0.738,79178300,0.739,49720800,0.74,33656700,0.741,35446500
sh513130,09:36:49,1764725813376,09:37:52,1764725812482,0.736,0.7355,0.068,5592.23,0.9078,4.6491,0,0,0.736,0.996,0.736,50579800,0.735,135322200,0.734,91091600,0.733,52283000,0.732,39933100,0.737,57850400,0.738,79178300,0.739,49720800,0.74,33656700,0.741,35446500
sh513130,09:36:49,1764725814377,09:37:52,1764725814333,0.736,0.7355,0.068,5592.23,0.9078,4.4471,0,0,0.736,1.001,0.736,50579800,0.735,135322200,0.734,91091600,0.733,52283000,0.732,39933100,0.737,57850400,0.738,79178300,0.739,49720800,0.74,33656700,0.741,35446500
sh513130,09:36:52,1764725815386,09:37:54,1764725814566,0.736,0.7355,0.068,5592.38,0.9078,4.2533,1038100,764042,0.736,1.009,0.736,42960100,0.735,135817100,0.734,92007700,0.733,56880100,0.732,39933600,0.737,58942700,0.738,79181300,0.739,49804500,0.74,33656700,0.741,35476600
sh513130,09:36:52,1764725816397,09:37:54,1764725814566,0.736,0.7355,0.068,5592.38,0.9078,3.6627,0,0,0.736,1.011,0.736,42960100,0.735,135817100,0.734,92007700,0.733,56880100,0.732,39933600,0.737,58942700,0.738,79181300,0.739,49804500,0.74,33656700,0.741,35476600
sh513130,09:36:55,1764725817395,09:37:56,1764725816489,0.736,0.7355,0.068,5593.07,0.9078,3.1151,19835200,14598710,0.736,0.998,0.735,135647100,0.734,92873900,0.733,57280100,0.732,39933600,0.731,41605000,0.736,18164300,0.737,60411000,0.738,79196100,0.739,49804500,0.74,33656700
sh513130,09:36:55,1764725818384,09:37:56,1764725816489,0.736,0.7355,0.068,5593.07,0.9078,3.0166,0,0,0.736,0.989,0.735,135647100,0.734,92873900,0.733,57280100,0.732,39933600,0.731,41605000,0.736,18164300,0.737,60411000,0.738,79196100,0.739,49804500,0.74,33656700
sh513130,09:36:55,1764725819381,09:37:58,1764725818637,0.736,0.7355,0.068,5592.86,0.9078,2.5771,0,0,0.736,0.996,0.735,135647100,0.734,92873900,0.733,57280100,0.732,39933600,0.731,41605000,0.736,18164300,0.737,60411000,0.738,79196100,0.739,49804500,0.74,33656700
sh513130,09:36:55,1764725820377,09:37:58,1764725818637,0.736,0.7355,0.068,5592.86,0.9078,2.2925,0,0,0.736,0.996,0.735,135647100,0.734,92873900,0.733,57280100,0.732,39933600,0.731,41605000,0.736,18164300,0.737,60411000,0.738,79196100,0.739,49804500,0.74,33656700
sh513130,09:36:58,1764725821375,09:38:00,1764725820798,0.736,0.7355,0.068,5591.99,0.9078,2.2943,56000,41216,0.736,0.998,0.735,135191100,0.734,93820200,0.733,57280100,0.732,39943600,0.731,42018600,0.736,9569400,0.737,60406900,0.738,79224700,0.739,49370800,0.74,34114000
sh513130,09:36:58,1764725822387,09:38:00,1764725820798,0.736,0.7355,0.068,5591.99,0.9078,1.8989,0,0,0.736,1.012,0.735,135191100,0.734,93820200,0.733,57280100,0.732,39943600,0.731,42018600,0.736,9569400,0.737,60406900,0.738,79224700,0.739,49370800,0.74,34114000
sh513130,09:37:01,1764725823384,09:38:02,1764725822960,0.736,0.7355,0.068,5592.47,0.9078,1.8061,12957400,9536618,0.736,0.997,0.736,6386200,0.735,135460900,0.734,95670300,0.733,57293600,0.732,39943600,0.737,61724600,0.738,79296800,0.739,49390800,0.74,34109400,0.741,35633400
sh513130,09:37:01,1764725824389,09:38:02,1764725823713,0.736,0.7355,0.068,5592.47,0.9078,1.3541,0,0,0.736,1.005,0.736,6386200,0.735,135460900,0.734,95670300,0.733,57293600,0.732,39943600,0.737,61724600,0.738,79296800,0.739,49390800,0.74,34109400,0.741,35633400
sh513130,09:37:01,1764725825390,09:38:04,1764725825100,0.736,0.7355,0.068,5592.54,0.9078,1.8308,0,0,0.736,1.001,0.736,6386200,0.735,135460900,0.734,95670300,0.733,57293600,0.732,39943600,0.737,61724600,0.738,79296800,0.739,49390800,0.74,34109400,0.741,35633400
sh513130,09:37:01,1764725826395,09:38:04,1764725825100,0.736,0.7355,0.068,5592.54,0.9078,1.7714,0,0,0.736,1.005,0.736,6386200,0.735,135460900,0.734,95670300,0.733,57293600,0.732,39943600,0.737,61724600,0.738,79296800,0.739,49390800,0.74,34109400,0.741,35633400
sh513130,09:37:04,1764725827404,09:38:06,1764725827258,0.736,0.7355,0.068,5592.57,0.9078,1.8794,11113000,8179181,0.736,1.008,0.736,15804100,0.735,135619700,0.734,99567000,0.733,56996600,0.732,39953600,0.737,61926900,0.738,79176900,0.739,49790800,0.74,34109400,0.741,35634400
sh513130,09:37:04,1764725828394,09:38:06,1764725827258,0.736,0.7355,0.068,5592.57,0.9078,2.3572,0,0,0.736,0.99,0.736,15804100,0.735,135619700,0.734,99567000,0.733,56996600,0.732,39953600,0.737,61926900,0.738,79176900,0.739,49790800,0.74,34109400,0.741,35634400
sh513130,09:37:07,1764725829398,09:38:08,1764725828536,0.736,0.7355,0.068,5592.78,0.9078,2.5092,8913700,6560490,0.736,1.004,0.736,2586900,0.735,135778100,0.734,101980600,0.733,57086100,0.732,39979900,0.737,62011200,0.738,79176900,0.739,49788800,0.74,34052400,0.741,36008000
sh513130,09:37:07,1764725830401,09:38:08,1764725829408,0.736,0.7355,0.068,5592.78,0.9078,2.2334,0,0,0.736,1.003,0.736,2586900,0.735,135778100,0.734,101980600,0.733,57086100,0.732,39979900,0.737,62011200,0.738,79176900,0.739,49788800,0.74,34052400,0.741,36008000
sh513130,09:37:07,1764725831396,09:38:10,1764725830482,0.736,0.7355,0.068,5592.51,0.9078,2.964,0,0,0.736,0.995,0.736,2586900,0.735,135778100,0.734,101980600,0.733,57086100,0.732,39979900,0.737,62011200,0.738,79176900,0.739,49788800,0.74,34052400,0.741,36008000
sh513130,09:37:07,1764725832397,09:38:10,1764725831562,0.736,0.7355,0.068,5592.51,0.9078,3.2564,0,0,0.736,1.001,0.736,2586900,0.735,135778100,0.734,101980600,0.733,57086100,0.732,39979900,0.737,62011200,0.738,79176900,0.739,49788800,0.74,34052400,0.741,36008000
sh513130,09:37:10,1764725833406,09:38:12,1764725832551,0.736,0.7355,0.068,5592.58,0.9078,3.072,3334100,2453833,0.736,1.008,0.736,8500,0.735,135835000,0.734,102017800,0.733,57952900,0.732,40003400,0.737,63151800,0.738,79176900,0.739,49788800,0.74,34067200,0.741,36008000
sh513130,09:37:10,1764725834416,09:38:14,1764725834414,0.736,0.7355,0.068,5592.54,0.9078,2.7249,0,0,0.736,1.01,0.736,8500,0.735,135835000,0.734,102017800,0.733,57952900,0.732,40003400,0.737,63151800,0.738,79176900,0.739,49788800,0.74,34067200,0.741,36008000
sh513130,09:37:10,1764725835407,09:38:14,1764725834475,0.736,0.7355,0.068,5592.54,0.9078,3.827,0,0,0.736,0.991,0.736,8500,0.735,135835000,0.734,102017800,0.733,57952900,0.732,40003400,0.737,63151800,0.738,79176900,0.739,49788800,0.74,34067200,0.741,36008000
sh513130,09:37:13,1764725836412,09:38:16,1764725836411,0.736,0.7355,0.068,5592.69,0.9078,3.6536,739100,544008,0.736,1.006,0.735,135877500,0.734,102048300,0.733,58819700,0.732,40003400,0.731,42126700,0.736,2987000,0.737,78970000,0.738,79248200,0.739,49788800,0.74,34133000
sh513130,09:37:13,1764725837399,09:38:16,1764725836476,0.736,0.7355,0.068,5592.69,0.9078,4.3368,0,0,0.736,0.986,0.735,135877500,0.734,102048300,0.733,58819700,0.732,40003400,0.731,42126700,0.736,2987000,0.737,78970000,0.738,79248200,0.739,49788800,0.74,34133000
