symbol,tx_server_time,tx_local_time,bd_server_time,bd_local_time,price,iopv,premium_rate,index_price,fx_rate,sentiment,tick_vol,tick_amt,tick_vwap,interval_s,bp1,bv1,bp2,bv2,bp3,bv3,bp4,bv4,bp5,bv5,sp1,sv1,sp2,sv2,sp3,sv3,sp4,sv4,sp5,sv5
sh513130,09:30:03,1765243807497,09:31:06,1765243807065,0.746,0.7459,0.0134,5657.12,0.9084,1.0976,0,0,0.746,0.0,0.745,16703800,0.744,21845600,0.743,33681100,0.742,34640600,0.741,33930500,0.746,20386000,0.747,29770800,0.748,33746500,0.749,31404100,0.750,32543900
sh513130,09:30:06,1765243808448,09:31:08,1765243808447,0.746,0.7459,0.0134,5658.38,0.9084,2.6264,413000,307917,0.7456,0.951,0.745,16532400,0.744,27430200,0.743,42474000,0.742,37125400,0.741,33805800,0.746,24680300,0.747,34683100,0.748,36217000,0.749,32383400,0.750,33252400
sh513130,09:30:06,1765243809445,09:31:08,1765243808558,0.746,0.7459,0.0134,5658.38,0.9084,1.4082,0,0,0.746,0.998,0.745,16532400,0.744,27430200,0.743,42474000,0.742,37125400,0.741,33805800,0.746,24680300,0.747,34683100,0.748,36217000,0.749,32383400,0.750,33252400
sh513130,09:30:08,1765243810447,09:31:10,1765243810438,0.745,0.7452,-0.0268,5659.01,0.9084,1.3387,1228200,915875,0.7457,1.001,0.745,12475900,0.744,34567900,0.743,50676900,0.742,38155200,0.741,30052400,0.746,30914200,0.747,45973800,0.748,37777700,0.749,34318400,0.750,30949000
sh513130,09:30:08,1765243811451,09:31:10,1765243810517,0.745,0.7452,-0.0268,5659.01,0.9084,1.5707,0,0,0.745,1.004,0.745,12475900,0.744,34567900,0.743,50676900,0.742,38155200,0.741,30052400,0.746,30914200,0.747,45973800,0.748,37777700,0.749,34318400,0.750,30949000
sh513130,09:30:08,1765243812453,09:31:12,1765243812415,0.745,0.7452,-0.0268,5658.58,0.9084,1.3391,0,0,0.745,1.002,0.745,12475900,0.744,34567900,0.743,50676900,0.742,38155200,0.741,30052400,0.746,30914200,0.747,45973800,0.748,37777700,0.749,34318400,0.750,30949000
sh513130,09:30:08,1765243813465,09:31:12,1765243812486,0.745,0.7452,-0.0268,5658.58,0.9084,0.795,0,0,0.745,1.013,0.745,12475900,0.744,34567900,0.743,50676900,0.742,38155200,0.741,30052400,0.746,30914200,0.747,45973800,0.748,37777700,0.749,34318400,0.750,30949000
sh513130,09:30:12,1765243814458,09:31:14,1765243814433,0.745,0.7452,-0.0268,5659.36,0.9084,1.0814,652000,485757,0.745,0.992,0.745,11320500,0.744,42326200,0.743,51671000,0.742,39195300,0.741,30640800,0.746,34424900,0.747,46827100,0.748,39311100,0.749,34973700,0.750,32048400
sh513130,09:30:12,1765243815466,09:31:14,1765243814532,0.745,0.7452,-0.0268,5659.36,0.9084,-1.1407,0,0,0.745,1.009,0.745,11320500,0.744,42326200,0.743,51671000,0.742,39195300,0.741,30640800,0.746,34424900,0.747,46827100,0.748,39311100,0.749,34973700,0.750,32048400
sh513130,09:30:15,1765243816464,09:31:16,1765243816456,0.745,0.7452,-0.0268,5658.57,0.9084,-0.6112,969500,722428,0.7452,0.998,0.745,12482200,0.744,47191500,0.743,54555700,0.742,39519800,0.741,30868800,0.746,36472200,0.747,49001700,0.748,40425600,0.749,35402200,0.750,33979700
sh513130,09:30:15,1765243817465,09:31:16,1765243816549,0.745,0.7452,-0.0268,5658.57,0.9084,-0.4415,0,0,0.745,1.001,0.745,12482200,0.744,47191500,0.743,54555700,0.742,39519800,0.741,30868800,0.746,36472200,0.747,49001700,0.748,40425600,0.749,35402200,0.750,33979700
sh513130,09:30:15,1765243818463,09:31:18,1765243818450,0.745,0.7452,-0.0268,5657.85,0.9084,1.0891,0,0,0.745,0.997,0.745,12482200,0.744,47191500,0.743,54555700,0.742,39519800,0.741,30868800,0.746,36472200,0.747,49001700,0.748,40425600,0.749,35402200,0.750,33979700
sh513130,09:30:18,1765243819466,09:31:18,1765243818697,0.746,0.7452,0.1074,5657.85,0.9084,3.082,1239000,923152,0.7451,1.003,0.745,12677200,0.744,38814800,0.743,54715900,0.742,39727800,0.741,31822300,0.746,25009200,0.747,49152700,0.748,41105800,0.749,36066300,0.750,35270700
sh513130,09:30:18,1765243820463,09:31:20,1765243820439,0.746,0.7452,0.1074,5658.71,0.9084,2.9372,0,0,0.746,0.997,0.745,12677200,0.744,38814800,0.743,54715900,0.742,39727800,0.741,31822300,0.746,25009200,0.747,49152700,0.748,41105800,0.749,36066300,0.750,35270700
sh513130,09:30:18,1765243821487,09:31:20,1765243820846,0.746,0.7452,0.1074,5658.71,0.9084,3.9812,0,0,0.746,1.024,0.745,12677200,0.744,38814800,0.743,54715900,0.742,39727800,0.741,31822300,0.746,25009200,0.747,49152700,0.748,41105800,0.749,36066300,0.750,35270700
sh513130,09:30:20,1765243822482,09:31:22,1765243822444,0.746,0.7459,0.0134,5658.77,0.9084,3.8024,2326200,1735226,0.7459,0.995,0.745,11481100,0.744,39321900,0.743,54775200,0.742,40148100,0.741,30897600,0.746,23673800,0.747,49163300,0.748,40369500,0.749,35361000,0.750,35130200
sh513130,09:30:20,1765243823482,09:31:22,1765243822999,0.746,0.7459,0.0134,5658.77,0.9084,3.5853,0,0,0.746,1.0,0.745,11481100,0.744,39321900,0.743,54775200,0.742,40148100,0.741,30897600,0.746,23673800,0.747,49163300,0.748,40369500,0.749,35361000,0.750,35130200
sh513130,09:30:20,1765243824475,09:31:24,1765243824432,0.746,0.7459,0.0134,5659.56,0.9084,2.8642,0,0,0.746,0.993,0.745,11481100,0.744,39321900,0.743,54775200,0.742,40148100,0.741,30897600,0.746,23673800,0.747,49163300,0.748,40369500,0.749,35361000,0.750,35130200
sh513130,09:30:23,1765243825465,09:31:24,1765243825150,0.746,0.7452,0.1074,5659.56,0.9084,2.4278,794400,591970,0.7452,0.99,0.745,11045400,0.744,31822600,0.743,59826700,0.742,54134200,0.741,31429200,0.746,36539300,0.747,53891600,0.748,46323100,0.749,30288200,0.750,35492000
sh513130,09:30:23,1765243826468,09:31:26,1765243826436,0.746,0.7452,0.1074,5660.34,0.9084,1.7194,0,0,0.746,1.003,0.745,11045400,0.744,31822600,0.743,59826700,0.742,54134200,0.741,31429200,0.746,36539300,0.747,53891600,0.748,46323100,0.749,30288200,0.750,35492000
sh513130,09:30:23,1765243827469,09:31:26,1765243827306,0.746,0.7452,0.1074,5660.34,0.9084,1.6346,0,0,0.746,1.002,0.745,11045400,0.744,31822600,0.743,59826700,0.742,54134200,0.741,31429200,0.746,36539300,0.747,53891600,0.748,46323100,0.749,30288200,0.750,35492000
sh513130,09:30:27,1765243828476,09:31:28,1765243828429,0.746,0.7452,0.1074,5662.63,0.9084,1.5542,411000,306286,0.7452,1.006,0.745,11219500,0.744,36258400,0.743,48771100,0.742,68306300,0.741,45712200,0.746,45943100,0.747,39963600,0.748,60109800,0.749,43287800,0.750,37051300
sh513130,09:30:27,1765243829489,09:31:28,1765243829449,0.746,0.7452,0.1074,5662.63,0.9084,2.6423,0,0,0.746,1.014,0.745,11219500,0.744,36258400,0.743,48771100,0.742,68306300,0.741,45712200,0.746,45943100,0.747,39963600,0.748,60109800,0.749,43287800,0.750,37051300
sh513130,09:30:27,1765243830477,09:31:30,1765243830430,0.746,0.7452,0.1074,5668.24,0.9084,3.6933,0,0,0.746,0.987,0.745,11219500,0.744,36258400,0.743,48771100,0.742,68306300,0.741,45712200,0.746,45943100,0.747,39963600,0.748,60109800,0.749,43287800,0.750,37051300
sh513130,09:30:30,1765243831497,09:31:30,1765243830538,0.745,0.7452,-0.0268,5668.24,0.9084,3.2896,649200,483887,0.7454,1.021,0.745,12857800,0.744,39311800,0.743,49490000,0.742,58314100,0.741,45843200,0.746,34428500,0.747,40285000,0.748,60279700,0.749,48591700,0.750,37438500
sh513130,09:30:30,1765243832480,09:31:32,1765243832453,0.745,0.7452,-0.0268,5666.34,0.9084,0.5651,0,0,0.745,0.982,0.745,12857800,0.744,39311800,0.743,49490000,0.742,58314100,0.741,45843200,0.746,34428500,0.747,40285000,0.748,60279700,0.749,48591700,0.750,37438500
sh513130,09:30:30,1765243833482,09:31:32,1765243832556,0.745,0.7452,-0.0268,5666.34,0.9084,0.5366,0,0,0.745,1.002,0.745,12857800,0.744,39311800,0.743,49490000,0.742,58314100,0.741,45843200,0.746,34428500,0.747,40285000,0.748,60279700,0.749,48591700,0.750,37438500
sh513130,09:30:33,1765243834477,09:31:34,1765243834424,0.746,0.7452,0.1074,5664.8,0.9084,2.1987,2441700,1821149,0.7459,0.996,0.745,28979700,0.744,40104500,0.743,50018900,0.742,34279700,0.741,33911900,0.746,24365500,0.747,32738900,0.748,48337100,0.749,36635300,0.750,46341700
sh513130,09:30:33,1765243835481,09:31:34,1765243834505,0.746,0.7452,0.1074,5664.8,0.9084,2.0946,0,0,0.746,1.004,0.745,28979700,0.744,40104500,0.743,50018900,0.742,34279700,0.741,33911900,0.746,24365500,0.747,32738900,0.748,48337100,0.749,36635300,0.750,46341700
sh513130,09:30:33,1765243836478,09:31:36,1765243836436,0.746,0.7452,0.1074,5663.84,0.9084,1.3544,0,0,0.746,0.996,0.745,28979700,0.744,40104500,0.743,50018900,0.742,34279700,0.741,33911900,0.746,24365500,0.747,32738900,0.748,48337100,0.749,36635300,0.750,46341700
sh513130,09:30:36,1765243837498,09:31:36,1765243836533,0.746,0.7459,0.0134,5663.84,0.9084,1.7168,818300,610159,0.7456,1.02,0.745,36296900,0.744,52185100,0.743,51105700,0.742,42110100,0.741,34505900,0.746,25259900,0.747,53527100,0.748,60920500,0.749,35669200,0.750,37633300
sh513130,09:30:36,1765243838482,09:31:38,1765243838424,0.746,0.7459,0.0134,5664.32,0.9084,1.7382,0,0,0.746,0.985,0.745,36296900,0.744,52185100,0.743,51105700,0.742,42110100,0.741,34505900,0.746,25259900,0.747,53527100,0.748,60920500,0.749,35669200,0.750,37633300
sh513130,09:30:36,1765243839487,09:31:38,1765243838505,0.746,0.7459,0.0134,5664.32,0.9084,4.8912,0,0,0.746,1.005,0.745,36296900,0.744,52185100,0.743,51105700,0.742,42110100,0.741,34505900,0.746,25259900,0.747,53527100,0.748,60920500,0.749,35669200,0.750,37633300
sh513130,09:30:39,1765243840484,09:31:40,1765243840482,0.746,0.7459,0.0134,5664.99,0.9084,3.6391,1120000,835105,0.7456,0.997,0.745,47182300,0.744,52426500,0.743,52149000,0.742,36433700,0.741,34603900,0.746,21204300,0.747,53589100,0.748,62100400,0.749,37664200,0.750,37759300
sh513130,09:30:39,1765243841503,09:31:40,1765243840482,0.746,0.7459,0.0134,5664.99,0.9084,3.3856,0,0,0.746,1.019,0.745,47182300,0.744,52426500,0.743,52149000,0.742,36433700,0.741,34603900,0.746,21204300,0.747,53589100,0.748,62100400,0.749,37664200,0.750,37759300
sh513130,09:30:39,1765243842488,09:31:42,1765243842433,0.746,0.7459,0.0134,5664.28,0.9084,3.0883,0,0,0.746,0.985,0.745,47182300,0.744,52426500,0.743,52149000,0.742,36433700,0.741,34603900,0.746,21204300,0.747,53589100,0.748,62100400,0.749,37664200,0.750,37759300
sh513130,09:30:41,1765243843496,09:31:42,1765243842546,0.746,0.7459,0.0134,5664.28,0.9084,4.2747,21808500,16268240,0.746,1.008,0.746,3109500,0.745,46504900,0.744,52492900,0.743,51178300,0.742,35566600,0.747,50971800,0.748,62286900,0.749,37729100,0.750,41796000,0.751,31180800
sh513130,09:30:41,1765243844487,09:31:44,1765243844486,0.746,0.7459,0.0134,5661.9,0.9084,2.1181,0,0,0.746,0.99,0.746,3109500,0.745,46504900,0.744,52492900,0.743,51178300,0.742,35566600,0.747,50971800,0.748,62286900,0.749,37729100,0.750,41796000,0.751,31180800
sh513130,09:30:41,1765243845492,09:31:44,1765243844504,0.746,0.7459,0.0134,5661.9,0.9084,1.9144,0,0,0.746,1.005,0.746,3109500,0.745,46504900,0.744,52492900,0.743,51178300,0.742,35566600,0.747,50971800,0.748,62286900,0.749,37729100,0.750,41796000,0.751,31180800
sh513130,09:30:41,1765243846486,09:31:46,1765243846427,0.746,0.7459,0.0134,5660.51,0.9084,2.8532,0,0,0.746,0.994,0.746,3109500,0.745,46504900,0.744,52492900,0.743,51178300,0.742,35566600,0.747,50971800,0.748,62286900,0.749,37729100,0.750,41796000,0.751,31180800
sh513130,09:30:44,1765243847502,09:31:46,1765243846636,0.746,0.7459,0.0134,5660.51,0.9084,2.3953,5174700,3860335,0.746,1.016,0.745,45220500,0.744,53483100,0.743,52168300,0.742,35766600,0.741,34733900,0.746,14875100,0.747,54903300,0.748,63292900,0.749,37729100,0.750,39251500
sh513130,09:30:44,1765243848505,09:31:48,1765243848443,0.746,0.7459,0.0134,5659.63,0.9084,2.2798,0,0,0.746,1.004,0.745,45220500,0.744,53483100,0.743,52168300,0.742,35766600,0.741,34733900,0.746,14875100,0.747,54903300,0.748,63292900,0.749,37729100,0.750,39251500
sh513130,09:30:44,1765243849498,09:31:48,1765243848799,0.746,0.7459,0.0134,5659.63,0.9084,2.3198,0,0,0.746,0.993,0.745,45220500,0.744,53483100,0.743,52168300,0.742,35766600,0.741,34733900,0.746,14875100,0.747,54903300,0.748,63292900,0.749,37729100,0.750,39251500
sh513130,09:30:48,1765243850506,09:31:50,1765243850429,0.746,0.7459,0.0134,5659.83,0.9084,2.0594,1210500,901985,0.7451,1.007,0.745,44161100,0.744,63493100,0.743,62268300,0.742,43146600,0.741,34733900,0.746,37930500,0.747,70071300,0.748,78389300,0.749,37729100,0.750,39251500
sh513130,09:30:48,1765243851496,09:31:50,1765243850939,0.746,0.7459,0.0134,5659.83,0.9084,2.188,0,0,0.746,0.99,0.745,44161100,0.744,63493100,0.743,62268300,0.742,43146600,0.741,34733900,0.746,37930500,0.747,70071300,0.748,78389300,0.749,37729100,0.750,39251500
sh513130,09:30:48,1765243852512,09:31:52,1765243852433,0.746,0.7459,0.0134,5658.91,0.9084,2.8448,0,0,0.746,1.016,0.745,44161100,0.744,63493100,0.743,62268300,0.742,43146600,0.741,34733900,0.746,37930500,0.747,70071300,0.748,78389300,0.749,37729100,0.750,39251500
sh513130,09:30:50,1765243853497,09:31:52,1765243853090,0.745,0.7459,-0.1207,5658.91,0.9084,3.0288,323900,241466,0.7455,0.985,0.745,44808400,0.744,63545100,0.743,62268300,0.742,43146600,0.741,34733900,0.746,39162600,0.747,70077300,0.748,78359700,0.749,37729100,0.750,39416500
sh513130,09:30:50,1765243854512,09:31:54,1765243854511,0.745,0.7459,-0.1207,5660.63,0.9084,2.8457,0,0,0.745,1.015,0.745,44808400,0.744,63545100,0.743,62268300,0.742,43146600,0.741,34733900,0.746,39162600,0.747,70077300,0.748,78359700,0.749,37729100,0.750,39416500
sh513130,09:30:50,1765243855513,09:31:54,1765243855241,0.745,0.7459,-0.1207,5660.63,0.9084,2.7286,0,0,0.745,1.001,0.745,44808400,0.744,63545100,0.743,62268300,0.742,43146600,0.741,34733900,0.746,39162600,0.747,70077300,0.748,78359700,0.749,37729100,0.750,39416500
sh513130,09:30:53,1765243856505,09:31:56,1765243856437,0.746,0.7459,0.0134,5658.01,0.9084,4.1294,14100,10518,0.746,0.992,0.745,31846100,0.744,62505100,0.743,62368300,0.742,54136700,0.741,34733900,0.746,39385500,0.747,70077500,0.748,78359700,0.749,37764100,0.750,39464900
sh513130,09:30:57,1765243857502,09:31:56,1765243857389,0.746,0.7459,0.0134,5658.01,0.9084,2.8437,2694200,2009864,0.746,0.997,0.745,14234900,0.744,62287300,0.743,86849300,0.742,66134300,0.741,46731500,0.746,53077700,0.747,83400400,0.748,90357300,0.749,43615700,0.750,39464900
sh513130,09:30:57,1765243858505,09:31:58,1765243858439,0.746,0.7459,0.0134,5657.74,0.9084,2.7087,0,0,0.746,1.003,0.745,14234900,0.744,62287300,0.743,86849300,0.742,66134300,0.741,46731500,0.746,53077700,0.747,83400400,0.748,90357300,0.749,43615700,0.750,39464900
sh513130,09:30:57,1765243859520,09:31:58,1765243858547,0.746,0.7459,0.0134,5657.74,0.9084,6.1115,0,0,0.746,1.015,0.745,14234900,0.744,62287300,0.743,86849300,0.742,66134300,0.741,46731500,0.746,53077700,0.747,83400400,0.748,90357300,0.749,43615700,0.750,39464900
sh513130,09:30:57,1765243860507,09:32:00,1765243860430,0.746,0.7459,0.0134,5657.74,0.9084,5.2735,0,0,0.746,0.987,0.745,14234900,0.744,62287300,0.743,86849300,0.742,66134300,0.741,46731500,0.746,53077700,0.747,83400400,0.748,90357300,0.749,43615700,0.750,39464900
sh513130,09:30:57,1765243861516,09:32:00,1765243860572,0.746,0.7459,0.0134,5657.74,0.9084,6.3831,0,0,0.746,1.009,0.745,14234900,0.744,62287300,0.743,86849300,0.742,66134300,0.741,46731500,0.746,53077700,0.747,83400400,0.748,90357300,0.749,43615700,0.750,39464900
sh513130,09:30:59,1765243862523,09:32:02,1765243862510,0.746,0.7459,0.0134,5656.99,0.9084,6.1539,3619100,2698815,0.7457,1.006,0.745,25775400,0.744,74584900,0.743,77430200,0.742,66134300,0.741,46736500,0.746,51560100,0.747,83420900,0.748,90457300,0.749,48871700,0.750,39484900
sh513130,09:30:59,1765243863506,09:32:02,1765243862510,0.746,0.7459,0.0134,5656.99,0.9084,4.6699,0,0,0.746,0.983,0.745,25775400,0.744,74584900,0.743,77430200,0.742,66134300,0.741,46736500,0.746,51560100,0.747,83420900,0.748,90457300,0.749,48871700,0.750,39484900
sh513130,09:31:02,1765243864512,09:32:04,1765243864506,0.745,0.7459,-0.1207,5658.76,0.9084,4.4371,13900,10368,0.7459,1.006,0.745,35899000,0.744,74841100,0.743,76401400,0.742,56164300,0.741,46756400,0.746,26424000,0.747,83460900,0.748,90116900,0.749,48877700,0.750,39494900
sh513130,09:31:02,1765243865515,09:32:04,1765243864506,0.745,0.7459,-0.1207,5658.76,0.9084,4.642,0,0,0.745,1.002,0.745,35899000,0.744,74841100,0.743,76401400,0.742,56164300,0.741,46756400,0.746,26424000,0.747,83460900,0.748,90116900,0.749,48877700,0.750,39494900
sh513130,09:31:02,1765243866522,09:32:06,1765243866513,0.745,0.7459,-0.1207,5658.51,0.9084,5.9533,0,0,0.745,1.007,0.745,35899000,0.744,74841100,0.743,76401400,0.742,56164300,0.741,46756400,0.746,26424000,0.747,83460900,0.748,90116900,0.749,48877700,0.750,39494900
sh513130,09:31:05,1765243867516,09:32:06,1765243866513,0.746,0.7452,0.1074,5658.51,0.9084,4.7329,1033400,770756,0.7458,0.994,0.745,36103200,0.744,75955100,0.743,77406800,0.742,65194300,0.741,46806400,0.746,53828600,0.747,84030500,0.748,90126900,0.749,48877700,0.750,39500900
sh513130,09:31:05,1765243868527,09:32:08,1765243868448,0.746,0.7452,0.1074,5658.11,0.9084,5.9988,0,0,0.746,1.011,0.745,36103200,0.744,75955100,0.743,77406800,0.742,65194300,0.741,46806400,0.746,53828600,0.747,84030500,0.748,90126900,0.749,48877700,0.750,39500900
sh513130,09:31:05,1765243869522,09:32:08,1765243868547,0.746,0.7452,0.1074,5658.11,0.9084,7.7166,0,0,0.746,0.995,0.745,36103200,0.744,75955100,0.743,77406800,0.742,65194300,0.741,46806400,0.746,53828600,0.747,84030500,0.748,90126900,0.749,48877700,0.750,39500900
sh513130,09:31:09,1765243870522,09:32:10,1765243870474,0.746,0.7452,0.1074,5659.6,0.9084,6.4095,137500,102550,0.7458,1.0,0.745,46652800,0.744,75968100,0.743,77406800,0.742,55196300,0.741,46809400,0.746,54520800,0.747,84130500,0.748,90148100,0.749,48877700,0.750,39500900
sh513130,09:31:09,1765243871524,09:32:10,1765243870474,0.746,0.7452,0.1074,5659.6,0.9084,6.6484,0,0,0.746,1.002,0.745,46652800,0.744,75968100,0.743,77406800,0.742,55196300,0.741,46809400,0.746,54520800,0.747,84130500,0.748,90148100,0.749,48877700,0.750,39500900
sh513130,09:31:09,1765243872523,09:32:12,1765243872463,0.746,0.7452,0.1074,5659.9,0.9084,5.567,0,0,0.746,0.999,0.745,46652800,0.744,75968100,0.743,77406800,0.742,55196300,0.741,46809400,0.746,54520800,0.747,84130500,0.748,90148100,0.749,48877700,0.750,39500900
sh513130,09:31:11,1765243873530,09:32:12,1765243872463,0.746,0.7452,0.1074,5659.9,0.9084,7.1187,1121800,835826,0.7451,1.007,0.745,30857200,0.744,84407600,0.743,77406800,0.742,65196300,0.741,46829400,0.746,63788600,0.747,84019200,0.748,90198100,0.749,48897700,0.750,39513100
sh513130,09:31:11,1765243874538,09:32:14,1765243874505,0.746,0.7452,0.1074,5661.2,0.9084,5.8858,0,0,0.746,1.008,0.745,30857200,0.744,84407600,0.743,77406800,0.742,65196300,0.741,46829400,0.746,63788600,0.747,84019200,0.748,90198100,0.749,48897700,0.750,39513100
sh513130,09:31:11,1765243875537,09:32:14,1765243874598,0.746,0.7452,0.1074,5661.2,0.9084,5.699,0,0,0.746,0.999,0.745,30857200,0.744,84407600,0.743,77406800,0.742,65196300,0.741,46829400,0.746,63788600,0.747,84019200,0.748,90198100,0.749,48897700,0.750,39513100
sh513130,09:31:11,1765243876536,09:32:16,1765243876465,0.746,0.7452,0.1074,5661.17,0.9084,6.0214,0,0,0.746,0.999,0.745,30857200,0.744,84407600,0.743,77406800,0.742,65196300,0.741,46829400,0.746,63788600,0.747,84019200,0.748,90198100,0.749,48897700,0.750,39513100
sh513130,09:31:14,1765243877552,09:32:16,1765243876749,0.746,0.7452,0.1074,5661.17,0.9084,5.4986,502800,375000,0.7458,1.016,0.745,63781600,0.744,76018000,0.743,77447200,0.742,48816300,0.741,46839400,0.746,51460200,0.747,83012700,0.748,90338100,0.749,49888700,0.750,51760700
sh513130,09:31:14,1765243878547,09:32:18,1765243878522,0.746,0.7452,0.1074,5660.18,0.9084,6.0588,0,0,0.746,0.995,0.745,63781600,0.744,76018000,0.743,77447200,0.742,48816300,0.741,46839400,0.746,51460200,0.747,83012700,0.748,90338100,0.749,49888700,0.750,51760700
sh513130,09:31:17,1765243879532,09:32:18,1765243878894,0.746,0.7452,0.1074,5660.18,0.9084,5.9249,128400,95728,0.7455,0.985,0.745,57645200,0.744,76018000,0.743,76853600,0.742,55216300,0.741,47039400,0.746,52454200,0.747,84129700,0.748,90388100,0.749,48898700,0.750,51881200
sh513130,09:31:17,1765243880535,09:32:20,1765243880471,0.746,0.7452,0.1074,5658.86,0.9084,4.9702,0,0,0.746,1.004,0.745,57645200,0.744,76018000,0.743,76853600,0.742,55216300,0.741,47039400,0.746,52454200,0.747,84129700,0.748,90388100,0.749,48898700,0.750,51881200
sh513130,09:31:17,1765243881536,09:32:20,1765243881048,0.746,0.7452,0.1074,5658.86,0.9084,4.3545,0,0,0.746,1.0,0.745,57645200,0.744,76018000,0.743,76853600,0.742,55216300,0.741,47039400,0.746,52454200,0.747,84129700,0.748,90388100,0.749,48898700,0.750,51881200
sh513130,09:31:20,1765243882528,09:32:22,1765243882496,0.746,0.7459,0.0134,5659.33,0.9084,2.5907,33000,24618,0.746,0.993,0.745,59296200,0.744,75108400,0.743,76873600,0.742,56211300,0.741,47052800,0.746,51759700,0.747,83152400,0.748,90423400,0.749,48898700,0.750,51897200
sh513130,09:31:20,1765243883548,09:32:22,1765243883194,0.746,0.7459,0.0134,5659.33,0.9084,2.2458,0,0,0.746,1.02,0.745,59296200,0.744,75108400,0.743,76873600,0.742,56211300,0.741,47052800,0.746,51759700,0.747,83152400,0.748,90423400,0.749,48898700,0.750,51897200
sh513130,09:31:20,1765243884552,09:32:24,1765243884426,0.746,0.7459,0.0134,5661.01,0.9084,2.478,0,0,0.746,1.004,0.745,59296200,0.744,75108400,0.743,76873600,0.742,56211300,0.741,47052800,0.746,51759700,0.747,83152400,0.748,90423400,0.749,48898700,0.750,51897200
sh513130,09:31:20,1765243885548,09:32:24,1765243885343,0.746,0.7459,0.0134,5661.01,0.9084,4.1009,0,0,0.746,0.996,0.745,59296200,0.744,75108400,0.743,76873600,0.742,56211300,0.741,47052800,0.746,51759700,0.747,83152400,0.748,90423400,0.749,48898700,0.750,51897200
sh513130,09:31:23,1765243886540,09:32:26,1765243886488,0.746,0.7459,0.0134,5661.36,0.9084,2.4982,757300,564931,0.746,0.991,0.745,67844900,0.744,77456400,0.743,76877600,0.742,47841300,0.741,47057800,0.746,22196000,0.747,91709900,0.748,90423400,0.749,64013900,0.750,50892200
sh513130,09:31:23,1765243887547,09:32:26,1765243887492,0.746,0.7459,0.0134,5661.36,0.9084,3.6382,0,0,0.746,1.007,0.745,67844900,0.744,77456400,0.743,76877600,0.742,47841300,0.741,47057800,0.746,22196000,0.747,91709900,0.748,90423400,0.749,64013900,0.750,50892200
sh513130,09:31:27,1765243888539,09:32:28,1765243888457,0.745,0.7459,-0.1207,5659.45,0.9084,3.4716,1024700,764357,0.7459,0.992,0.745,68160700,0.744,77456400,0.743,77344200,0.742,47841300,0.741,47057800,0.746,32580500,0.747,84315000,0.748,90423400,0.749,64013900,0.750,51902200
sh513130,09:31:27,1765243889551,09:32:28,1765243888457,0.745,0.7459,-0.1207,5659.45,0.9084,3.2731,0,0,0.745,1.013,0.745,68160700,0.744,77456400,0.743,77344200,0.742,47841300,0.741,47057800,0.746,32580500,0.747,84315000,0.748,90423400,0.749,64013900,0.750,51902200
sh513130,09:31:27,1765243890547,09:32:30,1765243890461,0.745,0.7459,-0.1207,5658.03,0.9084,2.893,0,0,0.745,0.996,0.745,68160700,0.744,77456400,0.743,77344200,0.742,47841300,0.741,47057800,0.746,32580500,0.747,84315000,0.748,90423400,0.749,64013900,0.750,51902200
sh513130,09:31:30,1765243891547,09:32:30,1765243890461,0.745,0.7459,-0.1207,5658.03,0.9084,2.756,2947900,2199132,0.746,1.0,0.745,64206300,0.744,76655800,0.743,77344200,0.742,51813200,0.741,47071800,0.746,47702200,0.747,83305000,0.748,90423400,0.749,49063900,0.750,51922200
sh513130,09:31:30,1765243892548,09:32:32,1765243892515,0.745,0.7459,-0.1207,5657.72,0.9084,2.2927,0,0,0.745,1.001,0.745,64206300,0.744,76655800,0.743,77344200,0.742,51813200,0.741,47071800,0.746,47702200,0.747,83305000,0.748,90423400,0.749,49063900,0.750,51922200
sh513130,09:31:30,1765243893547,09:32:32,1765243892515,0.745,0.7459,-0.1207,5657.72,0.9084,3.3143,0,0,0.745,0.999,0.745,64206300,0.744,76655800,0.743,77344200,0.742,51813200,0.741,47071800,0.746,47702200,0.747,83305000,0.748,90423400,0.749,49063900,0.750,51922200
sh513130,09:31:33,1765243894551,09:32:34,1765243894474,0.746,0.7459,0.0134,5656.4,0.9084,3.1601,50800,37887,0.7458,1.004,0.745,36492200,0.744,85145900,0.743,76344200,0.742,66193200,0.741,47079700,0.746,62843000,0.747,84346800,0.748,90423500,0.749,49061300,0.750,39924600
sh513130,09:31:33,1765243895548,09:32:34,1765243894474,0.746,0.7459,0.0134,5656.4,0.9084,2.7848,0,0,0.746,0.997,0.745,36492200,0.744,85145900,0.743,76344200,0.742,66193200,0.741,47079700,0.746,62843000,0.747,84346800,0.748,90423500,0.749,49061300,0.750,39924600
sh513130,09:31:33,1765243896551,09:32:36,1765243896455,0.746,0.7459,0.0134,5656.44,0.9084,2.3727,0,0,0.746,1.004,0.745,36492200,0.744,85145900,0.743,76344200,0.742,66193200,0.741,47079700,0.746,62843000,0.747,84346800,0.748,90423500,0.749,49061300,0.750,39924600
sh513130,09:31:33,1765243897552,09:32:36,1765243896455,0.746,0.7459,0.0134,5656.44,0.9084,1.9819,0,0,0.746,1.001,0.745,36492200,0.744,85145900,0.743,76344200,0.742,66193200,0.741,47079700,0.746,62843000,0.747,84346800,0.748,90423500,0.749,49061300,0.750,39924600
sh513130,09:31:36,1765243898553,09:32:38,1765243898458,0.746,0.7459,0.0134,5655.58,0.9084,1.6609,8574900,6388398,0.745,1.001,0.745,9989800,0.744,85100000,0.743,76354200,0.742,66223200,0.741,47079700,0.746,63644900,0.747,84349800,0.748,90455400,0.749,39305300,0.750,40134000
sh513130,09:31:36,1765243899563,09:32:38,1765243898458,0.746,0.7459,0.0134,5655.58,0.9084,1.739,0,0,0.746,1.01,0.745,9989800,0.744,85100000,0.743,76354200,0.742,66223200,0.741,47079700,0.746,63644900,0.747,84349800,0.748,90455400,0.749,39305300,0.750,40134000
sh513130,09:31:38,1765243900569,09:32:40,1765243900564,0.745,0.7452,-0.0268,5654.6,0.9084,1.4309,10383500,7735707,0.745,1.006,0.744,73114000,0.743,76354200,0.742,66263700,0.741,47089700,0.740,50108000,0.745,941500,0.746,63787100,0.747,84413100,0.748,90456400,0.749,39399100
sh513130,09:31:38,1765243901578,09:32:40,1765243900564,0.745,0.7452,-0.0268,5654.6,0.9084,1.3888,0,0,0.745,1.009,0.744,73114000,0.743,76354200,0.742,66263700,0.741,47089700,0.740,50108000,0.745,941500,0.746,63787100,0.747,84413100,0.748,90456400,0.749,39399100
sh513130,09:31:38,1765243902557,09:32:42,1765243902545,0.745,0.7452,-0.0268,5654.27,0.9084,1.8794,0,0,0.745,0.979,0.744,73114000,0.743,76354200,0.742,66263700,0.741,47089700,0.740,50108000,0.745,941500,0.746,63787100,0.747,84413100,0.748,90456400,0.749,39399100
sh513130,09:31:42,1765243903563,09:32:42,1765243902545,0.745,0.7452,-0.0268,5654.27,0.9084,1.566,8471300,6311119,0.745,1.006,0.744,73091100,0.743,76564200,0.742,66404400,0.741,47089700,0.740,50102100,0.745,17659800,0.746,71922400,0.747,84562000,0.748,72459500,0.749,39498700
sh513130,09:31:42,1765243904568,09:32:44,1765243904462,0.745,0.7452,-0.0268,5654.54,0.9084,1.6705,0,0,0.745,1.005,0.744,73091100,0.743,76564200,0.742,66404400,0.741,47089700,0.740,50102100,0.745,17659800,0.746,71922400,0.747,84562000,0.748,72459500,0.749,39498700
sh513130,09:31:42,1765243905564,09:32:44,1765243904690,0.745,0.7452,-0.0268,5654.54,0.9084,1.6972,0,0,0.745,0.996,0.744,73091100,0.743,76564200,0.742,66404400,0.741,47089700,0.740,50102100,0.745,17659800,0.746,71922400,0.747,84562000,0.748,72459500,0.749,39498700
sh513130,09:31:45,1765243906562,09:32:46,1765243906453,0.745,0.7446,0.0537,5653.0,0.9084,1.4009,7888800,5877156,0.745,0.998,0.744,75668000,0.743,76554600,0.742,66404400,0.741,47089700,0.740,38124500,0.745,38118900,0.746,74498900,0.747,84680700,0.748,57484200,0.749,27501100
sh513130,09:31:45,1765243907599,09:32:46,1765243906839,0.745,0.7446,0.0537,5653.0,0.9084,1.3317,0,0,0.745,1.037,0.744,75668000,0.743,76554600,0.742,66404400,0.741,47089700,0.740,38124500,0.745,38118900,0.746,74498900,0.747,84680700,0.748,57484200,0.749,27501100
sh513130,09:31:45,1765243908563,09:32:48,1765243908513,0.745,0.7446,0.0537,5652.61,0.9084,4.6484,0,0,0.745,0.964,0.744,75668000,0.743,76554600,0.742,66404400,0.741,47089700,0.740,38124500,0.745,38118900,0.746,74498900,0.747,84680700,0.748,57484200,0.749,27501100
sh513130,09:31:47,1765243909568,09:32:48,1765243908985,0.744,0.7446,-0.0806,5652.61,0.9084,4.4488,148900,110812,0.7442,1.005,0.744,67931200,0.743,76830500,0.742,65404400,0.741,57559700,0.740,50128300,0.745,68299900,0.746,67748400,0.747,84826500,0.748,56499400,0.749,27501100
sh513130,09:31:47,1765243910573,09:32:50,1765243910480,0.744,0.7446,-0.0806,5652.79,0.9084,7.7648,0,0,0.744,1.005,0.744,67931200,0.743,76830500,0.742,65404400,0.741,57559700,0.740,50128300,0.745,68299900,0.746,67748400,0.747,84826500,0.748,56499400,0.749,27501100
sh513130,09:31:47,1765243911579,09:32:50,1765243911149,0.744,0.7446,-0.0806,5652.79,0.9084,6.6022,0,0,0.744,1.006,0.744,67931200,0.743,76830500,0.742,65404400,0.741,57559700,0.740,50128300,0.745,68299900,0.746,67748400,0.747,84826500,0.748,56499400,0.749,27501100
sh513130,09:31:50,1765243912567,09:32:52,1765243912486,0.744,0.7445,-0.0672,5652.57,0.9084,5.9306,344500,256437,0.7444,0.988,0.744,72226700,0.743,76978500,0.742,66223700,0.741,53195400,0.740,50129700,0.745,68230100,0.746,67670700,0.747,84730500,0.748,56513100,0.749,27491100
sh513130,09:31:50,1765243913573,09:32:52,1765243913296,0.744,0.7445,-0.0672,5652.57,0.9084,6.0519,0,0,0.744,1.006,0.744,72226700,0.743,76978500,0.742,66223700,0.741,53195400,0.740,50129700,0.745,68230100,0.746,67670700,0.747,84730500,0.748,56513100,0.749,27491100
sh513130,09:31:53,1765243914570,09:32:54,1765243914551,0.744,0.7445,-0.0672,5652.18,0.9084,5.8249,286400,213102,0.7441,0.996,0.744,58032500,0.743,77099800,0.742,66339000,0.741,67653200,0.740,50130900,0.745,76799600,0.746,75440800,0.747,89737800,0.748,56523400,0.749,27470900
sh513130,09:31:53,1765243915574,09:32:54,1765243915457,0.744,0.7445,-0.0672,5652.18,0.9084,5.6878,0,0,0.744,1.004,0.744,58032500,0.743,77099800,0.742,66339000,0.741,67653200,0.740,50130900,0.745,76799600,0.746,75440800,0.747,89737800,0.748,56523400,0.749,27470900
sh513130,09:31:53,1765243916586,09:32:56,1765243916493,0.744,0.7445,-0.0672,5652.24,0.9084,5.314,0,0,0.744,1.012,0.744,58032500,0.743,77099800,0.742,66339000,0.741,67653200,0.740,50130900,0.745,76799600,0.746,75440800,0.747,89737800,0.748,56523400,0.749,27470900
sh513130,09:31:53,1765243917579,09:32:56,1765243916493,0.744,0.7445,-0.0672,5652.24,0.9084,4.9558,0,0,0.744,0.994,0.744,58032500,0.743,77099800,0.742,66339000,0.741,67653200,0.740,50130900,0.745,76799600,0.746,75440800,0.747,89737800,0.748,56523400,0.749,27470900
sh513130,09:31:53,1765243918572,09:32:58,1765243918561,0.744,0.7445,-0.0672,5651.7,0.9084,4.1441,0,0,0.744,0.993,0.744,58032500,0.743,77099800,0.742,66339000,0.741,67653200,0.740,50130900,0.745,76799600,0.746,75440800,0.747,89737800,0.748,56523400,0.749,27470900
sh513130,09:31:56,1765243919580,09:32:58,1765243918561,0.744,0.7445,-0.0672,5651.7,0.9084,3.8353,1227400,913185,0.744,1.008,0.744,59571000,0.743,76222600,0.742,67339000,0.741,68745500,0.740,50143800,0.745,77225600,0.746,74880000,0.747,89262900,0.748,56574800,0.749,27472900
sh513130,09:31:56,1765243920586,09:33:00,1765243920473,0.744,0.7445,-0.0672,5651.89,0.9084,3.3269,0,0,0.744,1.006,0.744,59571000,0.743,76222600,0.742,67339000,0.741,68745500,0.740,50143800,0.745,77225600,0.746,74880000,0.747,89262900,0.748,56574800,0.749,27472900
sh513130,09:31:56,1765243921579,09:33:00,1765243920473,0.744,0.7445,-0.0672,5651.89,0.9084,2.6773,0,0,0.744,0.993,0.744,59571000,0.743,76222600,0.742,67339000,0.741,68745500,0.740,50143800,0.745,77225600,0.746,74880000,0.747,89262900,0.748,56574800,0.749,27472900
sh513130,09:31:59,1765243922588,09:33:02,1765243922474,0.745,0.7445,0.0672,5651.22,0.9084,2.9983,175500,130682,0.7446,1.009,0.744,59007900,0.743,76337600,0.742,68349200,0.741,58930200,0.740,50153800,0.745,72236100,0.746,74851100,0.747,89375600,0.748,56574800,0.749,27472900
sh513130,09:31:59,1765243923588,09:33:02,1765243923074,0.745,0.7445,0.0672,5651.22,0.9084,5.6617,0,0,0.745,1.0,0.744,59007900,0.743,76337600,0.742,68349200,0.741,58930200,0.740,50153800,0.745,72236100,0.746,74851100,0.747,89375600,0.748,56574800,0.749,27472900
sh513130,09:32:02,1765243924588,09:33:04,1765243924462,0.744,0.7445,-0.0672,5651.52,0.9084,5.4397,826100,614629,0.744,1.0,0.744,58618600,0.743,77339500,0.742,68401200,0.741,67940200,0.740,50965300,0.745,77814200,0.746,75625600,0.747,89291900,0.748,56774800,0.749,27482900
sh513130,09:32:02,1765243925584,09:33:04,1765243924462,0.744,0.7445,-0.0672,5651.52,0.9084,6.2998,0,0,0.744,0.996,0.744,58618600,0.743,77339500,0.742,68401200,0.741,67940200,0.740,50965300,0.745,77814200,0.746,75625600,0.747,89291900,0.748,56774800,0.749,27482900
sh513130,09:32:06,1765243926590,09:33:06,1765243926477,0.744,0.7445,-0.0672,5652.06,0.9084,7.4682,1767600,1315272,0.7441,1.006,0.744,87646500,0.743,78799400,0.742,68429500,0.741,50610200,0.740,39042800,0.745,32550100,0.746,82986400,0.747,91552900,0.748,78771800,0.749,39500500
sh513130,09:32:06,1765243927597,09:33:06,1765243926477,0.744,0.7445,-0.0672,5652.06,0.9084,7.6558,0,0,0.744,1.007,0.744,87646500,0.743,78799400,0.742,68429500,0.741,50610200,0.740,39042800,0.745,32550100,0.746,82986400,0.747,91552900,0.748,78771800,0.749,39500500
sh513130,09:32:06,1765243928589,09:33:08,1765243928533,0.744,0.7445,-0.0672,5652.96,0.9084,6.7711,0,0,0.744,0.992,0.744,87646500,0.743,78799400,0.742,68429500,0.741,50610200,0.740,39042800,0.745,32550100,0.746,82986400,0.747,91552900,0.748,78771800,0.749,39500500
sh513130,09:32:06,1765243929601,09:33:08,1765243928533,0.744,0.7445,-0.0672,5652.96,0.9084,6.3941,0,0,0.744,1.013,0.744,87646500,0.743,78799400,0.742,68429500,0.741,50610200,0.740,39042800,0.745,32550100,0.746,82986400,0.747,91552900,0.748,78771800,0.749,39500500
sh513130,09:32:08,1765243930603,09:33:10,1765243930543,0.744,0.7446,-0.0806,5652.12,0.9084,6.0628,904900,673384,0.7442,1.002,0.744,74946700,0.743,78500300,0.742,68802700,0.741,50610200,0.740,51201400,0.745,66963200,0.746,83009900,0.747,91742900,0.748,58774800,0.749,27517900
sh513130,09:32:08,1765243931598,09:33:10,1765243930543,0.744,0.7446,-0.0806,5652.12,0.9084,4.718,0,0,0.744,0.995,0.744,74946700,0.743,78500300,0.742,68802700,0.741,50610200,0.740,51201400,0.745,66963200,0.746,83009900,0.747,91742900,0.748,58774800,0.749,27517900
sh513130,09:32:08,1765243932595,09:33:12,1765243932496,0.744,0.7446,-0.0806,5652.16,0.9084,4.5164,0,0,0.744,0.997,0.744,74946700,0.743,78500300,0.742,68802700,0.741,50610200,0.740,51201400,0.745,66963200,0.746,83009900,0.747,91742900,0.748,58774800,0.749,27517900
sh513130,09:32:12,1765243933616,09:33:12,1765243932701,0.744,0.7446,-0.0806,5652.16,0.9084,4.5103,243300,181152,0.7446,1.021,0.744,73061000,0.743,78541500,0.742,68742700,0.741,53452500,0.740,51456800,0.745,64158000,0.746,83064500,0.747,91780700,0.748,58774800,0.749,27517900
sh513130,09:32:12,1765243934602,09:33:14,1765243934454,0.744,0.7446,-0.0806,5648.65,0.9084,4.3146,0,0,0.744,0.986,0.744,73061000,0.743,78541500,0.742,68742700,0.741,53452500,0.740,51456800,0.745,64158000,0.746,83064500,0.747,91780700,0.748,58774800,0.749,27517900
sh513130,09:32:15,1765243935612,09:33:14,1765243934860,0.744,0.7446,-0.0806,5648.65,0.9084,4.5267,2443300,1817815,0.744,1.01,0.744,52126300,0.743,77390000,0.742,87040900,0.741,69832600,0.740,51462400,0.745,77382300,0.746,75352200,0.747,90790700,0.748,51986900,0.749,27517900
sh513130,09:32:15,1765243936612,09:33:16,1765243936531,0.744,0.7446,-0.0806,5646.62,0.9084,4.4082,0,0,0.744,1.0,0.744,52126300,0.743,77390000,0.742,87040900,0.741,69832600,0.740,51462400,0.745,77382300,0.746,75352200,0.747,90790700,0.748,51986900,0.749,27517900
sh513130,09:32:15,1765243937611,09:33:16,1765243937010,0.744,0.7446,-0.0806,5646.62,0.9084,4.6458,0,0,0.744,0.999,0.744,52126300,0.743,77390000,0.742,87040900,0.741,69832600,0.740,51462400,0.745,77382300,0.746,75352200,0.747,90790700,0.748,51986900,0.749,27517900
sh513130,09:32:15,1765243938613,09:33:18,1765243938466,0.744,0.7446,-0.0806,5645.6,0.9084,4.9806,0,0,0.744,1.002,0.744,52126300,0.743,77390000,0.742,87040900,0.741,69832600,0.740,51462400,0.745,77382300,0.746,75352200,0.747,90790700,0.748,51986900,0.749,27517900
sh513130,09:32:15,1765243939614,09:33:18,1765243939174,0.744,0.7446,-0.0806,5645.6,0.9084,4.251,0,0,0.744,1.001,0.744,52126300,0.743,77390000,0.742,87040900,0.741,69832600,0.740,51462400,0.745,77382300,0.746,75352200,0.747,90790700,0.748,51986900,0.749,27517900
sh513130,09:32:18,1765243940615,09:33:20,1765243940542,0.744,0.7446,-0.0806,5645.8,0.9084,7.2655,24492800,18221994,0.744,1.001,0.743,87356300,0.742,86355600,0.741,69927000,0.740,51561000,0.739,26644000,0.744,52882400,0.745,84217500,0.746,75051200,0.747,67863400,0.748,36958100
sh513130,09:32:20,1765243941629,09:33:20,1765243941327,0.744,0.7439,0.0134,5645.8,0.9084,5.2663,178400,132727,0.744,1.014,0.743,87583900,0.742,86651400,0.741,70194400,0.740,51720900,0.739,26775500,0.744,25419600,0.745,82942100,0.746,74981900,0.747,67785100,0.748,48955700
sh513130,09:32:20,1765243942629,09:33:22,1765243942460,0.744,0.7439,0.0134,5646.99,0.9084,5.0515,0,0,0.744,1.0,0.743,87583900,0.742,86651400,0.741,70194400,0.740,51720900,0.739,26775500,0.744,25419600,0.745,82942100,0.746,74981900,0.747,67785100,0.748,48955700
sh513130,09:32:20,1765243943624,09:33:22,1765243943475,0.744,0.7439,0.0134,5646.99,0.9084,5.1171,0,0,0.744,0.996,0.743,87583900,0.742,86651400,0.741,70194400,0.740,51720900,0.739,26775500,0.744,25419600,0.745,82942100,0.746,74981900,0.747,67785100,0.748,48955700
sh513130,09:32:20,1765243944617,09:33:24,1765243944554,0.744,0.7439,0.0134,5647.99,0.9084,4.9055,0,0,0.744,0.993,0.743,87583900,0.742,86651400,0.741,70194400,0.740,51720900,0.739,26775500,0.744,25419600,0.745,82942100,0.746,74981900,0.747,67785100,0.748,48955700
sh513130,09:32:20,1765243945624,09:33:24,1765243944554,0.744,0.7439,0.0134,5647.99,0.9084,6.2123,0,0,0.744,1.007,0.743,87583900,0.742,86651400,0.741,70194400,0.740,51720900,0.739,26775500,0.744,25419600,0.745,82942100,0.746,74981900,0.747,67785100,0.748,48955700
sh513130,09:32:23,1765243946623,09:33:26,1765243946463,0.744,0.7432,0.1076,5649.77,0.9084,4.8747,21660500,16115369,0.744,0.999,0.744,42566200,0.743,79559200,0.742,86930700,0.741,70210400,0.740,51734400,0.745,78629400,0.746,75051200,0.747,67785100,0.748,52655900,0.749,27514000
sh513130,09:32:23,1765243947627,09:33:26,1765243946463,0.744,0.7432,0.1076,5649.77,0.9084,4.3078,0,0,0.744,1.004,0.744,42566200,0.743,79559200,0.742,86930700,0.741,70210400,0.740,51734400,0.745,78629400,0.746,75051200,0.747,67785100,0.748,52655900,0.749,27514000
sh513130,09:32:27,1765243948618,09:33:28,1765243948469,0.744,0.7432,0.1076,5650.01,0.9084,3.4236,428000,318434,0.744,0.991,0.744,53669900,0.743,80710800,0.742,87138200,0.741,59223400,0.740,51736500,0.745,73427800,0.746,75297000,0.747,72808700,0.748,57911900,0.749,27514000
sh513130,09:32:27,1765243949633,09:33:28,1765243948469,0.744,0.7432,0.1076,5650.01,0.9084,3.5068,0,0,0.744,1.015,0.744,53669900,0.743,80710800,0.742,87138200,0.741,59223400,0.740,51736500,0.745,73427800,0.746,75297000,0.747,72808700,0.748,57911900,0.749,27514000
sh513130,09:32:27,1765243950624,09:33:30,1765243950456,0.744,0.7432,0.1076,5649.67,0.9084,3.7761,0,0,0.744,0.99,0.744,53669900,0.743,80710800,0.742,87138200,0.741,59223400,0.740,51736500,0.745,73427800,0.746,75297000,0.747,72808700,0.748,57911900,0.749,27514000
sh513130,09:32:27,1765243951630,09:33:30,1765243950456,0.744,0.7432,0.1076,5649.67,0.9084,4.6833,0,0,0.744,1.006,0.744,53669900,0.743,80710800,0.742,87138200,0.741,59223400,0.740,51736500,0.745,73427800,0.746,75297000,0.747,72808700,0.748,57911900,0.749,27514000
sh513130,09:32:30,1765243952629,09:33:32,1765243952470,0.745,0.7439,0.1479,5651.25,0.9084,3.8656,540100,401845,0.744,0.999,0.744,43916600,0.743,81037000,0.742,87186400,0.741,67903800,0.740,53543500,0.745,83324500,0.746,75443200,0.747,67904000,0.748,51165900,0.749,27524000
sh513130,09:32:32,1765243953631,09:33:32,1765243952470,0.744,0.7439,0.0134,5651.25,0.9084,3.7247,182200,135676,0.7447,1.002,0.744,60381900,0.743,81090800,0.742,87252700,0.741,53581900,0.740,53573400,0.745,76245400,0.746,74993500,0.747,72901000,0.748,57921900,0.749,27524000
sh513130,09:32:30,1765243954634,09:33:34,1765243954471,0.745,0.7439,0.1479,5652.1,0.9084,3.5622,-182200,-135676,0.745,1.003,0.744,43916600,0.743,81037000,0.742,87186400,0.741,67903800,0.740,53543500,0.745,83324500,0.746,75443200,0.747,67904000,0.748,51165900,0.749,27524000
sh513130,09:32:32,1765243955632,09:33:34,1765243954471,0.744,0.7439,0.0134,5652.1,0.9084,3.3985,182200,135676,0.7447,0.998,0.744,60381900,0.743,81090800,0.742,87252700,0.741,53581900,0.740,53573400,0.745,76245400,0.746,74993500,0.747,72901000,0.748,57921900,0.749,27524000
sh513130,09:32:35,1765243956633,09:33:36,1765243956470,0.744,0.7439,0.0134,5652.57,0.9084,2.1733,185000,137640,0.744,1.001,0.744,61931100,0.743,81144400,0.742,87242200,0.741,51880100,0.740,55177600,0.745,51796200,0.746,82403500,0.747,73981000,0.748,72911900,0.749,27544000
sh513130,09:32:35,1765243957639,09:33:36,1765243956470,0.744,0.7439,0.0134,5652.57,0.9084,1.3198,0,0,0.744,1.006,0.744,61931100,0.743,81144400,0.742,87242200,0.741,51880100,0.740,55177600,0.745,51796200,0.746,82403500,0.747,73981000,0.748,72911900,0.749,27544000
sh513130,09:32:35,1765243958632,09:33:38,1765243958530,0.744,0.7439,0.0134,5651.87,0.9084,1.4059,0,0,0.744,0.993,0.744,61931100,0.743,81144400,0.742,87242200,0.741,51880100,0.740,55177600,0.745,51796200,0.746,82403500,0.747,73981000,0.748,72911900,0.749,27544000
sh513130,09:32:38,1765243959643,09:33:38,1765243958530,0.744,0.7446,-0.0806,5651.87,0.9084,1.3365,137200,102104,0.7442,1.011,0.744,46657600,0.743,81404400,0.742,87250200,0.741,66298800,0.740,55356600,0.745,80495200,0.746,75002300,0.747,68984000,0.748,57861900,0.749,27544000
sh513130,09:32:38,1765243960638,09:33:38,1765243958530,0.744,0.7446,-0.0806,5651.87,0.9084,1.2026,0,0,0.744,0.995,0.744,46657600,0.743,81404400,0.742,87250200,0.741,66298800,0.740,55356600,0.745,80495200,0.746,75002300,0.747,68984000,0.748,57861900,0.749,27544000
sh513130,09:32:38,1765243961646,09:33:40,1765243960747,0.744,0.7446,-0.0806,5651.62,0.9084,0.794,0,0,0.744,1.008,0.744,46657600,0.743,81404400,0.742,87250200,0.741,66298800,0.740,55356600,0.745,80495200,0.746,75002300,0.747,68984000,0.748,57861900,0.749,27544000
sh513130,09:32:38,1765243962645,09:33:42,1765243962561,0.744,0.7446,-0.0806,5649.57,0.9084,0.9911,0,0,0.744,0.999,0.744,46657600,0.743,81404400,0.742,87250200,0.741,66298800,0.740,55356600,0.745,80495200,0.746,75002300,0.747,68984000,0.748,57861900,0.749,27544000
sh513130,09:32:41,1765243963648,09:33:42,1765243962840,0.744,0.7446,-0.0806,5649.57,0.9084,0.7563,163400,121591,0.7441,1.004,0.744,17045600,0.743,89449800,0.742,86331200,0.741,66306800,0.740,56766000,0.745,80818800,0.746,75493800,0.747,69504000,0.748,57965400,0.749,27544000
sh513130,09:32:41,1765243964640,09:33:44,1765243964505,0.744,0.7446,-0.0806,5646.74,0.9084,-0.3505,0,0,0.744,0.992,0.744,17045600,0.743,89449800,0.742,86331200,0.741,66306800,0.740,56766000,0.745,80818800,0.746,75493800,0.747,69504000,0.748,57965400,0.749,27544000
sh513130,09:32:41,1765243965645,09:33:44,1765243964996,0.744,0.7446,-0.0806,5646.74,0.9084,-0.8644,0,0,0.744,1.005,0.744,17045600,0.743,89449800,0.742,86331200,0.741,66306800,0.740,56766000,0.745,80818800,0.746,75493800,0.747,69504000,0.748,57965400,0.749,27544000
sh513130,09:32:44,1765243966665,09:33:46,1765243966540,0.744,0.7446,-0.0806,5647.3,0.9084,-0.5997,13595900,10115350,0.744,1.02,0.743,77202700,0.742,86341200,0.741,67299800,0.740,58065700,0.739,39467600,0.744,63105500,0.745,89771300,0.746,75493800,0.747,54522200,0.748,36211800
sh513130,09:32:44,1765243967652,09:33:46,1765243967147,0.744,0.7446,-0.0806,5647.3,0.9084,-0.1765,0,0,0.744,0.987,0.743,77202700,0.742,86341200,0.741,67299800,0.740,58065700,0.739,39467600,0.744,63105500,0.745,89771300,0.746,75493800,0.747,54522200,0.748,36211800
sh513130,09:32:44,1765243968647,09:33:48,1765243968512,0.744,0.7446,-0.0806,5647.24,0.9084,-0.1133,0,0,0.744,0.995,0.743,77202700,0.742,86341200,0.741,67299800,0.740,58065700,0.739,39467600,0.744,63105500,0.745,89771300,0.746,75493800,0.747,54522200,0.748,36211800
sh513130,09:32:44,1765243969655,09:33:48,1765243969296,0.744,0.7446,-0.0806,5647.24,0.9084,-0.0159,0,0,0.744,1.009,0.743,77202700,0.742,86341200,0.741,67299800,0.740,58065700,0.739,39467600,0.744,63105500,0.745,89771300,0.746,75493800,0.747,54522200,0.748,36211800
sh513130,09:32:47,1765243970647,09:33:50,1765243970455,0.744,0.7446,-0.0806,5647.29,0.9084,0.1774,150800,112195,0.744,0.992,0.743,91357900,0.742,87361200,0.741,67493800,0.740,57068700,0.739,27470000,0.744,29629000,0.745,83831000,0.746,75517300,0.747,69626900,0.748,51219400
sh513130,09:32:47,1765243971653,09:33:50,1765243971453,0.744,0.7446,-0.0806,5647.29,0.9084,0.2006,0,0,0.744,1.006,0.743,91357900,0.742,87361200,0.741,67493800,0.740,57068700,0.739,27470000,0.744,29629000,0.745,83831000,0.746,75517300,0.747,69626900,0.748,51219400
sh513130,09:32:50,1765243972665,09:33:52,1765243972480,0.744,0.7439,0.0134,5648.55,0.9084,3.3313,6991300,5201418,0.744,1.012,0.744,124900,0.743,93206800,0.742,87516100,0.741,67513800,0.740,57088700,0.745,83651600,0.746,76032300,0.747,69626900,0.748,51219400,0.749,27544000
sh513130,09:32:50,1765243973654,09:33:52,1765243973602,0.744,0.7439,0.0134,5648.55,0.9084,2.795,0,0,0.744,0.989,0.744,124900,0.743,93206800,0.742,87516100,0.741,67513800,0.740,57088700,0.745,83651600,0.746,76032300,0.747,69626900,0.748,51219400,0.749,27544000
sh513130,09:32:50,1765243974665,09:33:54,1765243974472,0.744,0.7439,0.0134,5647.78,0.9084,2.3894,0,0,0.744,1.011,0.744,124900,0.743,93206800,0.742,87516100,0.741,67513800,0.740,57088700,0.745,83651600,0.746,76032300,0.747,69626900,0.748,51219400,0.749,27544000
sh513130,09:32:50,1765243975658,09:33:54,1765243974472,0.744,0.7439,0.0134,5647.78,0.9084,2.3563,0,0,0.744,0.993,0.744,124900,0.743,93206800,0.742,87516100,0.741,67513800,0.740,57088700,0.745,83651600,0.746,76032300,0.747,69626900,0.748,51219400,0.749,27544000
sh513130,09:32:53,1765243976664,09:33:56,1765243976531,0.744,0.7439,0.0134,5648.54,0.9084,2.2426,1295600,963968,0.744,1.006,0.744,41226500,0.743,85860800,0.742,87526100,0.741,67563800,0.740,57435700,0.745,81917000,0.746,76482300,0.747,69624800,0.748,57975400,0.749,27545300
sh513130,09:32:53,1765243977669,09:33:56,1765243976531,0.744,0.7439,0.0134,5648.54,0.9084,2.889,0,0,0.744,1.005,0.744,41226500,0.743,85860800,0.742,87526100,0.741,67563800,0.740,57435700,0.745,81917000,0.746,76482300,0.747,69624800,0.748,57975400,0.749,27545300
sh513130,09:32:57,1765243978672,09:33:58,1765243978565,0.744,0.7439,0.0134,5649.74,0.9084,2.8378,1273900,947781,0.744,1.004,0.744,50569200,0.743,86529500,0.742,87529100,0.741,58281100,0.740,57569500,0.745,82492900,0.746,76487300,0.747,69624800,0.748,58048400,0.749,27545300
sh513130,09:32:57,1765243979662,09:33:58,1765243978565,0.744,0.7439,0.0134,5649.74,0.9084,5.6122,0,0,0.744,0.99,0.744,50569200,0.743,86529500,0.742,87529100,0.741,58281100,0.740,57569500,0.745,82492900,0.746,76487300,0.747,69624800,0.748,58048400,0.749,27545300
sh513130,09:32:57,1765243980671,09:34:00,1765243980651,0.744,0.7439,0.0134,5650.15,0.9084,4.7222,0,0,0.744,1.009,0.744,50569200,0.743,86529500,0.742,87529100,0.741,58281100,0.740,57569500,0.745,82492900,0.746,76487300,0.747,69624800,0.748,58048400,0.749,27545300
sh513130,09:32:57,1765243981663,09:34:00,1765243980651,0.744,0.7439,0.0134,5650.15,0.9084,3.7533,0,0,0.744,0.992,0.744,50569200,0.743,86529500,0.742,87529100,0.741,58281100,0.740,57569500,0.745,82492900,0.746,76487300,0.747,69624800,0.748,58048400,0.749,27545300
sh513130,09:33:00,1765243982666,09:34:02,1765243982551,0.744,0.7439,0.0134,5650.79,0.9084,3.5826,368500,274218,0.7441,1.003,0.744,60589100,0.743,88403500,0.742,87609100,0.741,49936100,0.740,57620500,0.745,68360900,0.746,84107300,0.747,74701800,0.748,57996400,0.749,27545300
sh513130,09:33:00,1765243983667,09:34:02,1765243983068,0.744,0.7439,0.0134,5650.79,0.9084,2.8582,0,0,0.744,1.001,0.744,60589100,0.743,88403500,0.742,87609100,0.741,49936100,0.740,57620500,0.745,68360900,0.746,84107300,0.747,74701800,0.748,57996400,0.749,27545300
sh513130,09:33:02,1765243984674,09:34:04,1765243984464,0.744,0.7439,0.0134,5650.74,0.9084,2.1654,98800,73507,0.744,1.006,0.744,54943600,0.743,87548600,0.742,87659100,0.741,57316100,0.740,57613300,0.745,82009500,0.746,77674600,0.747,69704800,0.748,57996400,0.749,27569200
sh513130,09:33:02,1765243985666,09:34:04,1765243984464,0.744,0.7439,0.0134,5650.74,0.9084,2.1939,0,0,0.744,0.993,0.744,54943600,0.743,87548600,0.742,87659100,0.741,57316100,0.740,57613300,0.745,82009500,0.746,77674600,0.747,69704800,0.748,57996400,0.749,27569200
sh513130,09:33:02,1765243986683,09:34:06,1765243986530,0.744,0.7439,0.0134,5651.02,0.9084,2.5364,0,0,0.744,1.016,0.744,54943600,0.743,87548600,0.742,87659100,0.741,57316100,0.740,57613300,0.745,82009500,0.746,77674600,0.747,69704800,0.748,57996400,0.749,27569200
sh513130,09:33:05,1765243987681,09:34:06,1765243986530,0.744,0.7446,-0.0806,5651.02,0.9084,3.5609,1101100,819219,0.744,0.998,0.744,61304800,0.743,88256800,0.742,87679100,0.741,51039800,0.740,57736300,0.745,82322900,0.746,77817600,0.747,69904800,0.748,57996400,0.749,27579200
sh513130,09:33:05,1765243988671,09:34:08,1765243988446,0.744,0.7446,-0.0806,5652.37,0.9084,3.3972,0,0,0.744,0.99,0.744,61304800,0.743,88256800,0.742,87679100,0.741,51039800,0.740,57736300,0.745,82322900,0.746,77817600,0.747,69904800,0.748,57996400,0.749,27579200
sh513130,09:33:05,1765243989673,09:34:08,1765243988692,0.744,0.7446,-0.0806,5652.37,0.9084,7.736,0,0,0.744,1.002,0.744,61304800,0.743,88256800,0.742,87679100,0.741,51039800,0.740,57736300,0.745,82322900,0.746,77817600,0.747,69904800,0.748,57996400,0.749,27579200
sh513130,09:33:05,1765243990673,09:34:10,1765243990447,0.744,0.7446,-0.0806,5652.39,0.9084,7.521,0,0,0.744,1.0,0.744,61304800,0.743,88256800,0.742,87679100,0.741,51039800,0.740,57736300,0.745,82322900,0.746,77817600,0.747,69904800,0.748,57996400,0.749,27579200
sh513130,09:33:08,1765243991672,09:34:10,1765243990845,0.744,0.7446,-0.0806,5652.39,0.9084,6.7754,104600,77827,0.744,0.999,0.744,65529200,0.743,88940800,0.742,87791800,0.741,50118800,0.740,57731300,0.745,74067800,0.746,85217600,0.747,69840200,0.748,58016200,0.749,27579200
sh513130,09:33:08,1765243992681,09:34:12,1765243992528,0.744,0.7446,-0.0806,5653.1,0.9084,5.5702,0,0,0.744,1.009,0.744,65529200,0.743,88940800,0.742,87791800,0.741,50118800,0.740,57731300,0.745,74067800,0.746,85217600,0.747,69840200,0.748,58016200,0.749,27579200
sh513130,09:33:11,1765243993688,09:34:12,1765243992996,0.744,0.7446,-0.0806,5653.1,0.9084,4.7764,1277700,950649,0.744,1.007,0.744,77531900,0.743,88899400,0.742,87812000,0.741,50165100,0.740,45883700,0.745,55617000,0.746,85237600,0.747,76397200,0.748,73069400,0.749,27579200
sh513130,09:33:11,1765243994687,09:34:14,1765243994464,0.744,0.7446,-0.0806,5653.74,0.9084,4.3217,0,0,0.744,1.0,0.744,77531900,0.743,88899400,0.742,87812000,0.741,50165100,0.740,45883700,0.745,55617000,0.746,85237600,0.747,76397200,0.748,73069400,0.749,27579200
sh513130,09:33:11,1765243995683,09:34:14,1765243995150,0.744,0.7446,-0.0806,5653.74,0.9084,4.314,0,0,0.744,0.996,0.744,77531900,0.743,88899400,0.742,87812000,0.741,50165100,0.740,45883700,0.745,55617000,0.746,85237600,0.747,76397200,0.748,73069400,0.749,27579200
sh513130,09:33:15,1765243996693,09:34:16,1765243996456,0.744,0.7446,-0.0806,5654.06,0.9084,3.9483,147500,109771,0.7442,1.01,0.744,77493600,0.743,89039400,0.742,87812000,0.741,50185300,0.740,46073700,0.745,58228300,0.746,86010300,0.747,76397200,0.748,73069400,0.749,27509200
sh513130,09:33:15,1765243997687,09:34:16,1765243997306,0.744,0.7446,-0.0806,5654.06,0.9084,3.0565,0,0,0.744,0.994,0.744,77493600,0.743,89039400,0.742,87812000,0.741,50185300,0.740,46073700,0.745,58228300,0.746,86010300,0.747,76397200,0.748,73069400,0.749,27509200
sh513130,09:33:15,1765243998687,09:34:18,1765243998477,0.744,0.7446,-0.0806,5653.07,0.9084,4.329,0,0,0.744,1.0,0.744,77493600,0.743,89039400,0.742,87812000,0.741,50185300,0.740,46073700,0.745,58228300,0.746,86010300,0.747,76397200,0.748,73069400,0.749,27509200
sh513130,09:33:17,1765243999689,09:34:18,1765243999466,0.744,0.7446,-0.0806,5653.07,0.9084,3.6924,108900,81130,0.745,1.001,0.744,68178900,0.743,88652900,0.742,86817000,0.741,50187500,0.740,58154100,0.745,89201000,0.746,78610300,0.747,71400200,0.748,58069400,0.749,27509200
sh513130,09:33:17,1765244000698,09:34:20,1765244000464,0.744,0.7446,-0.0806,5651.75,0.9084,3.4125,0,0,0.744,1.01,0.744,68178900,0.743,88652900,0.742,86817000,0.741,50187500,0.740,58154100,0.745,89201000,0.746,78610300,0.747,71400200,0.748,58069400,0.749,27509200
sh513130,09:33:17,1765244001696,09:34:20,1765244001612,0.744,0.7446,-0.0806,5651.75,0.9084,2.8468,0,0,0.744,0.998,0.744,68178900,0.743,88652900,0.742,86817000,0.741,50187500,0.740,58154100,0.745,89201000,0.746,78610300,0.747,71400200,0.748,58069400,0.749,27509200
sh513130,09:33:21,1765244002699,09:34:22,1765244002483,0.744,0.7446,-0.0806,5651.34,0.9084,2.9638,1282700,954566,0.7442,1.003,0.744,51099500,0.743,88981900,0.742,86922000,0.741,67599000,0.740,58171300,0.745,92440300,0.746,78640300,0.747,70330700,0.748,52852400,0.749,27608900
sh513130,09:33:21,1765244003691,09:34:22,1765244002483,0.744,0.7446,-0.0806,5651.34,0.9084,2.6755,0,0,0.744,0.992,0.744,51099500,0.743,88981900,0.742,86922000,0.741,67599000,0.740,58171300,0.745,92440300,0.746,78640300,0.747,70330700,0.748,52852400,0.749,27608900
sh513130,09:33:21,1765244004692,09:34:24,1765244004463,0.744,0.7446,-0.0806,5651.16,0.9084,2.5334,0,0,0.744,1.001,0.744,51099500,0.743,88981900,0.742,86922000,0.741,67599000,0.740,58171300,0.745,92440300,0.746,78640300,0.747,70330700,0.748,52852400,0.749,27608900
sh513130,09:33:24,1765244005705,09:34:24,1765244004463,0.744,0.7439,0.0134,5651.16,0.9084,2.2929,460200,342438,0.7441,1.013,0.744,38591800,0.743,99280300,0.742,86922000,0.741,67600800,0.740,58206500,0.745,97048700,0.746,79102700,0.747,70330800,0.748,48372400,0.749,27549000
sh513130,09:33:24,1765244006696,09:34:26,1765244006487,0.744,0.7439,0.0134,5650.76,0.9084,5.1261,0,0,0.744,0.991,0.744,38591800,0.743,99280300,0.742,86922000,0.741,67600800,0.740,58206500,0.745,97048700,0.746,79102700,0.747,70330800,0.748,48372400,0.749,27549000
sh513130,09:33:24,1765244007739,09:34:26,1765244006487,0.744,0.7439,0.0134,5650.76,0.9084,3.8446,0,0,0.744,1.043,0.744,38591800,0.743,99280300,0.742,86922000,0.741,67600800,0.740,58206500,0.745,97048700,0.746,79102700,0.747,70330800,0.748,48372400,0.749,27549000
sh513130,09:33:26,1765244008703,09:34:28,1765244008504,0.744,0.7439,0.0134,5650.48,0.9084,3.7896,148000,110162,0.7443,0.965,0.744,38412000,0.743,100360400,0.742,86955300,0.741,66600800,0.740,58225800,0.745,98482700,0.746,79202700,0.747,70345800,0.748,48372500,0.749,27549000
sh513130,09:33:26,1765244009708,09:34:28,1765244008504,0.744,0.7439,0.0134,5650.48,0.9084,3.4592,0,0,0.744,1.004,0.744,38412000,0.743,100360400,0.742,86955300,0.741,66600800,0.740,58225800,0.745,98482700,0.746,79202700,0.747,70345800,0.748,48372500,0.749,27549000
sh513130,09:33:26,1765244010708,09:34:30,1765244010491,0.744,0.7439,0.0134,5650.42,0.9084,3.9115,0,0,0.744,1.0,0.744,38412000,0.743,100360400,0.742,86955300,0.741,66600800,0.740,58225800,0.745,98482700,0.746,79202700,0.747,70345800,0.748,48372500,0.749,27549000
sh513130,09:33:30,1765244011706,09:34:30,1765244010491,0.744,0.7439,0.0134,5650.42,0.9084,3.5588,104300,77634,0.7443,0.998,0.744,47249200,0.743,93975200,0.742,88396100,0.741,67600800,0.740,58293800,0.745,100210700,0.746,79486600,0.747,70800800,0.748,48378500,0.749,27628500
sh513130,09:33:30,1765244012702,09:34:32,1765244012471,0.744,0.7439,0.0134,5649.26,0.9084,2.8842,0,0,0.744,0.996,0.744,47249200,0.743,93975200,0.742,88396100,0.741,67600800,0.740,58293800,0.745,100210700,0.746,79486600,0.747,70800800,0.748,48378500,0.749,27628500
sh513130,09:33:30,1765244013706,09:34:32,1765244012471,0.744,0.7439,0.0134,5649.26,0.9084,2.952,0,0,0.744,1.003,0.744,47249200,0.743,93975200,0.742,88396100,0.741,67600800,0.740,58293800,0.745,100210700,0.746,79486600,0.747,70800800,0.748,48378500,0.749,27628500
sh513130,09:33:32,1765244014711,09:34:34,1765244014533,0.744,0.7439,0.0134,5649.47,0.9084,2.8125,19413700,14443793,0.744,1.005,0.744,1780500,0.743,102122600,0.742,89406100,0.741,69047200,0.740,58305600,0.745,103216800,0.746,79571600,0.747,70800900,0.748,48677500,0.749,27628500
sh513130,09:33:32,1765244015707,09:34:34,1765244014533,0.744,0.7439,0.0134,5649.47,0.9084,2.5494,0,0,0.744,0.996,0.744,1780500,0.743,102122600,0.742,89406100,0.741,69047200,0.740,58305600,0.745,103216800,0.746,79571600,0.747,70800900,0.748,48677500,0.749,27628500
sh513130,09:33:32,1765244016702,09:34:36,1765244016691,0.744,0.7439,0.0134,5649.52,0.9084,2.8456,0,0,0.744,0.995,0.744,1780500,0.743,102122600,0.742,89406100,0.741,69047200,0.740,58305600,0.745,103216800,0.746,79571600,0.747,70800900,0.748,48677500,0.749,27628500
sh513130,09:33:32,1765244017712,09:34:36,1765244016691,0.744,0.7439,0.0134,5649.52,0.9084,2.4152,0,0,0.744,1.01,0.744,1780500,0.743,102122600,0.742,89406100,0.741,69047200,0.740,58305600,0.745,103216800,0.746,79571600,0.747,70800900,0.748,48677500,0.749,27628500
sh513130,09:33:35,1765244018707,09:34:38,1765244018533,0.744,0.7439,0.0134,5649.58,0.9084,2.2904,306000,227664,0.744,0.995,0.744,40571500,0.743,95956300,0.742,89717800,0.741,69033200,0.740,58305600,0.745,104335400,0.746,80279700,0.747,70800900,0.748,48677600,0.749,27649000
sh513130,09:33:35,1765244019714,09:34:38,1765244018889,0.744,0.7439,0.0134,5649.58,0.9084,2.9515,0,0,0.744,1.007,0.744,40571500,0.743,95956300,0.742,89717800,0.741,69033200,0.740,58305600,0.745,104335400,0.746,80279700,0.747,70800900,0.748,48677600,0.749,27649000
sh513130,09:33:38,1765244020713,09:34:40,1765244020457,0.744,0.7439,0.0134,5648.04,0.9084,3.1474,1822000,1355610,0.744,1.0,0.744,1587300,0.743,108259500,0.742,92718300,0.741,72031400,0.740,61518600,0.745,105279300,0.746,80279700,0.747,70880600,0.748,48524700,0.749,27699000
sh513130,09:33:38,1765244021722,09:34:40,1765244021035,0.744,0.7439,0.0134,5648.04,0.9084,3.9512,0,0,0.744,1.009,0.744,1587300,0.743,108259500,0.742,92718300,0.741,72031400,0.740,61518600,0.745,105279300,0.746,80279700,0.747,70880600,0.748,48524700,0.749,27699000
sh513130,09:33:38,1765244022722,09:34:42,1765244022471,0.744,0.7439,0.0134,5648.85,0.9084,3.8543,0,0,0.744,1.0,0.744,1587300,0.743,108259500,0.742,92718300,0.741,72031400,0.740,61518600,0.745,105279300,0.746,80279700,0.747,70880600,0.748,48524700,0.749,27699000
sh513130,09:33:38,1765244023723,09:34:42,1765244023186,0.744,0.7439,0.0134,5648.85,0.9084,3.9344,0,0,0.744,1.001,0.744,1587300,0.743,108259500,0.742,92718300,0.741,72031400,0.740,61518600,0.745,105279300,0.746,80279700,0.747,70880600,0.748,48524700,0.749,27699000
sh513130,09:33:41,1765244024723,09:34:44,1765244024471,0.744,0.7439,0.0134,5649.18,0.9084,2.7065,6418900,4775670,0.744,0.999,0.744,11377100,0.743,109250300,0.742,92806300,0.741,72057600,0.740,61595900,0.745,106245100,0.746,80187000,0.747,71250500,0.748,48534700,0.749,27699000
sh513130,09:33:41,1765244025713,09:34:44,1765244025361,0.744,0.7439,0.0134,5649.18,0.9084,1.6614,0,0,0.744,0.99,0.744,11377100,0.743,109250300,0.742,92806300,0.741,72057600,0.740,61595900,0.745,106245100,0.746,80187000,0.747,71250500,0.748,48534700,0.749,27699000
sh513130,09:33:44,1765244026724,09:34:46,1765244026518,0.744,0.7439,0.0134,5648.3,0.9084,3.3249,1032700,768341,0.744,1.011,0.744,8039000,0.743,110396500,0.742,92825900,0.741,72112800,0.740,61815800,0.745,107965800,0.746,80254600,0.747,72449900,0.748,48564700,0.749,27699000
sh513130,09:33:44,1765244027728,09:34:46,1765244027545,0.744,0.7439,0.0134,5648.3,0.9084,3.2932,0,0,0.744,1.004,0.744,8039000,0.743,110396500,0.742,92825900,0.741,72112800,0.740,61815800,0.745,107965800,0.746,80254600,0.747,72449900,0.748,48564700,0.749,27699000
sh513130,09:33:44,1765244028734,09:34:48,1765244028510,0.744,0.7439,0.0134,5647.89,0.9084,2.4974,0,0,0.744,1.006,0.744,8039000,0.743,110396500,0.742,92825900,0.741,72112800,0.740,61815800,0.745,107965800,0.746,80254600,0.747,72449900,0.748,48564700,0.749,27699000
sh513130,09:33:47,1765244029729,09:34:48,1765244029706,0.745,0.7439,0.1479,5647.89,0.9084,2.2335,758100,564131,0.7441,0.995,0.744,4500400,0.743,111282900,0.742,92826100,0.741,72182800,0.740,61825800,0.745,108733500,0.746,80428000,0.747,72497200,0.748,48564700,0.749,27819900
sh513130,09:33:47,1765244030722,09:34:50,1765244030503,0.745,0.7439,0.1479,5648.5,0.9084,1.9183,0,0,0.745,0.993,0.744,4500400,0.743,111282900,0.742,92826100,0.741,72182800,0.740,61825800,0.745,108733500,0.746,80428000,0.747,72497200,0.748,48564700,0.749,27819900
sh513130,09:33:47,1765244031731,09:34:50,1765244030503,0.745,0.7439,0.1479,5648.5,0.9084,1.4378,0,0,0.745,1.01,0.744,4500400,0.743,111282900,0.742,92826100,0.741,72182800,0.740,61825800,0.745,108733500,0.746,80428000,0.747,72497200,0.748,48564700,0.749,27819900
sh513130,09:33:50,1765244032730,09:34:52,1765244032494,0.745,0.7439,0.1479,5648.77,0.9084,1.3479,637200,474091,0.744,0.998,0.744,1544800,0.743,112322200,0.742,92840900,0.741,72182900,0.740,61838400,0.745,109865800,0.746,80428000,0.747,72497200,0.748,48564700,0.749,27819900
sh513130,09:33:50,1765244033732,09:34:52,1765244032494,0.745,0.7439,0.1479,5648.77,0.9084,2.341,0,0,0.745,1.002,0.744,1544800,0.743,112322200,0.742,92840900,0.741,72182900,0.740,61838400,0.745,109865800,0.746,80428000,0.747,72497200,0.748,48564700,0.749,27819900
sh513130,09:33:50,1765244034730,09:34:54,1765244034472,0.745,0.7439,0.1479,5649.15,0.9084,2.228,0,0,0.745,0.998,0.744,1544800,0.743,112322200,0.742,92840900,0.741,72182900,0.740,61838400,0.745,109865800,0.746,80428000,0.747,72497200,0.748,48564700,0.749,27819900
sh513130,09:33:54,1765244035733,09:34:54,1765244034472,0.745,0.7439,0.1479,5649.15,0.9084,3.0863,1495800,1112881,0.744,1.003,0.744,49081200,0.743,105158700,0.742,92850900,0.741,72266900,0.740,61733500,0.745,110881800,0.746,80752700,0.747,72497200,0.748,48564700,0.749,27826800
sh513130,09:33:54,1765244036745,09:34:56,1765244036474,0.745,0.7439,0.1479,5649.83,0.9084,5.6289,0,0,0.745,1.012,0.744,49081200,0.743,105158700,0.742,92850900,0.741,72266900,0.740,61733500,0.745,110881800,0.746,80752700,0.747,72497200,0.748,48564700,0.749,27826800
sh513130,09:33:54,1765244037728,09:34:56,1765244036474,0.745,0.7439,0.1479,5649.83,0.9084,5.1894,0,0,0.745,0.983,0.744,49081200,0.743,105158700,0.742,92850900,0.741,72266900,0.740,61733500,0.745,110881800,0.746,80752700,0.747,72497200,0.748,48564700,0.749,27826800
sh513130,09:33:57,1765244038750,09:34:58,1765244038584,0.744,0.7439,0.0134,5649.79,0.9084,4.9762,313000,233072,0.7446,1.022,0.744,44350200,0.743,107142800,0.742,92841500,0.741,71280900,0.740,61749200,0.745,110935700,0.746,80752700,0.747,72076600,0.748,48564700,0.749,27826800
sh513130,09:33:57,1765244039744,09:34:58,1765244038584,0.744,0.7439,0.0134,5649.79,0.9084,8.0468,0,0,0.744,0.994,0.744,44350200,0.743,107142800,0.742,92841500,0.741,71280900,0.740,61749200,0.745,110935700,0.746,80752700,0.747,72076600,0.748,48564700,0.749,27826800
sh513130,09:33:57,1765244040746,09:35:00,1765244040471,0.744,0.7439,0.0134,5650.26,0.9084,7.8419,0,0,0.744,1.001,0.744,44350200,0.743,107142800,0.742,92841500,0.741,71280900,0.740,61749200,0.745,110935700,0.746,80752700,0.747,72076600,0.748,48564700,0.749,27826800
sh513130,09:33:59,1765244041745,09:35:00,1765244040471,0.744,0.7439,0.0134,5650.26,0.9084,6.049,607400,451912,0.744,1.0,0.744,2739100,0.743,118070100,0.742,92762100,0.741,71324600,0.740,61773500,0.745,111672300,0.746,80902700,0.747,72076600,0.748,48620700,0.749,27826800
sh513130,09:33:59,1765244042745,09:35:02,1765244042634,0.744,0.7439,0.0134,5649.16,0.9084,6.3434,0,0,0.744,1.0,0.744,2739100,0.743,118070100,0.742,92762100,0.741,71324600,0.740,61773500,0.745,111672300,0.746,80902700,0.747,72076600,0.748,48620700,0.749,27826800
sh513130,09:33:59,1765244043768,09:35:02,1765244043064,0.744,0.7439,0.0134,5649.16,0.9084,5.8668,0,0,0.744,1.024,0.744,2739100,0.743,118070100,0.742,92762100,0.741,71324600,0.740,61773500,0.745,111672300,0.746,80902700,0.747,72076600,0.748,48620700,0.749,27826800
sh513130,09:34:02,1765244044745,09:35:04,1765244044482,0.744,0.7439,0.0134,5648.56,0.9084,5.675,3937700,2929649,0.744,0.977,0.743,107374300,0.742,91921400,0.741,72313700,0.740,61874200,0.739,42865400,0.744,66377400,0.745,110340500,0.746,77108300,0.747,55921200,0.748,36790900
sh513130,09:34:02,1765244045739,09:35:04,1765244044794,0.744,0.7439,0.0134,5648.56,0.9084,5.4593,0,0,0.744,0.994,0.743,107374300,0.742,91921400,0.741,72313700,0.740,61874200,0.739,42865400,0.744,66377400,0.745,110340500,0.746,77108300,0.747,55921200,0.748,36790900
sh513130,09:34:02,1765244046746,09:35:06,1765244046548,0.744,0.7439,0.0134,5646.88,0.9084,4.0655,0,0,0.744,1.007,0.743,107374300,0.742,91921400,0.741,72313700,0.740,61874200,0.739,42865400,0.744,66377400,0.745,110340500,0.746,77108300,0.747,55921200,0.748,36790900
sh513130,09:34:05,1765244047743,09:35:06,1765244046959,0.744,0.7439,0.0134,5646.88,0.9084,3.8839,4409400,3280593,0.744,0.997,0.743,107869400,0.742,91966300,0.741,72362700,0.740,61887200,0.739,42865400,0.744,77088900,0.745,97949900,0.746,76385100,0.747,55711700,0.748,36795900
sh513130,09:34:05,1765244048745,09:35:08,1765244048503,0.744,0.7439,0.0134,5645.98,0.9084,2.9819,0,0,0.744,1.002,0.743,107869400,0.742,91966300,0.741,72362700,0.740,61887200,0.739,42865400,0.744,77088900,0.745,97949900,0.746,76385100,0.747,55711700,0.748,36795900
sh513130,09:34:05,1765244049744,09:35:08,1765244049115,0.744,0.7439,0.0134,5645.98,0.9084,5.2502,0,0,0.744,1.0,0.743,107869400,0.742,91966300,0.741,72362700,0.740,61887200,0.739,42865400,0.744,77088900,0.745,97949900,0.746,76385100,0.747,55711700,0.748,36795900
sh513130,09:34:08,1765244050748,09:35:10,1765244050495,0.744,0.7438,0.0269,5645.14,0.9084,4.6906,720100,535220,0.7433,1.004,0.743,109579900,0.742,92026400,0.741,72361700,0.740,61948400,0.739,42873400,0.744,84248100,0.745,96127300,0.746,76385100,0.747,50461400,0.748,36795900
sh513130,09:34:08,1765244051749,09:35:10,1765244051256,0.744,0.7438,0.0269,5645.14,0.9084,6.9258,0,0,0.744,1.0,0.743,109579900,0.742,92026400,0.741,72361700,0.740,61948400,0.739,42873400,0.744,84248100,0.745,96127300,0.746,76385100,0.747,50461400,0.748,36795900
sh513130,09:34:08,1765244052748,09:35:12,1765244052478,0.744,0.7438,0.0269,5645.36,0.9084,6.0347,0,0,0.744,0.999,0.743,109579900,0.742,92026400,0.741,72361700,0.740,61948400,0.739,42873400,0.744,84248100,0.745,96127300,0.746,76385100,0.747,50461400,0.748,36795900
sh513130,09:34:08,1765244053748,09:35:12,1765244053405,0.744,0.7438,0.0269,5645.36,0.9084,6.2263,0,0,0.744,1.0,0.743,109579900,0.742,92026400,0.741,72361700,0.740,61948400,0.739,42873400,0.744,84248100,0.745,96127300,0.746,76385100,0.747,50461400,0.748,36795900
sh513130,09:34:11,1765244054747,09:35:14,1765244054504,0.744,0.7438,0.0269,5645.84,0.9084,5.152,193600,143996,0.7438,0.999,0.743,102132200,0.742,97005900,0.741,77363100,0.740,62007100,0.739,42886900,0.744,85750200,0.745,99420500,0.746,81365100,0.747,51481400,0.748,36796400
sh513130,09:34:11,1765244055751,09:35:14,1765244055550,0.744,0.7438,0.0269,5645.84,0.9084,4.9397,0,0,0.744,1.004,0.743,102132200,0.742,97005900,0.741,77363100,0.740,62007100,0.739,42886900,0.744,85750200,0.745,99420500,0.746,81365100,0.747,51481400,0.748,36796400
sh513130,09:34:14,1765244056753,09:35:16,1765244056509,0.744,0.7432,0.1076,5643.96,0.9084,5.1021,306900,228323,0.744,1.002,0.743,101859400,0.742,97883900,0.741,77462800,0.740,62978500,0.739,42953300,0.744,92338700,0.745,98108100,0.746,81365100,0.747,50581500,0.748,36796400
sh513130,09:34:14,1765244057760,09:35:16,1765244057726,0.744,0.7432,0.1076,5643.96,0.9084,4.7757,0,0,0.744,1.007,0.743,101859400,0.742,97883900,0.741,77462800,0.740,62978500,0.739,42953300,0.744,92338700,0.745,98108100,0.746,81365100,0.747,50581500,0.748,36796400
sh513130,09:34:14,1765244058762,09:35:18,1765244058490,0.744,0.7432,0.1076,5642.81,0.9084,5.6596,0,0,0.744,1.002,0.743,101859400,0.742,97883900,0.741,77462800,0.740,62978500,0.739,42953300,0.744,92338700,0.745,98108100,0.746,81365100,0.747,50581500,0.748,36796400
sh513130,09:34:17,1765244059761,09:35:18,1765244058490,0.743,0.7432,-0.0269,5642.81,0.9084,4.6875,640600,476590,0.744,0.999,0.743,90843600,0.742,97993200,0.741,77940700,0.740,69761500,0.739,42953300,0.744,94665800,0.745,97092100,0.746,81370100,0.747,49081500,0.748,36796400
sh513130,09:34:17,1765244060768,09:35:20,1765244060505,0.743,0.7432,-0.0269,5643.61,0.9084,3.3178,0,0,0.743,1.007,0.743,90843600,0.742,97993200,0.741,77940700,0.740,69761500,0.739,42953300,0.744,94665800,0.745,97092100,0.746,81370100,0.747,49081500,0.748,36796400
sh513130,09:34:17,1765244061761,09:35:20,1765244060505,0.743,0.7432,-0.0269,5643.61,0.9084,3.39,0,0,0.743,0.993,0.743,90843600,0.742,97993200,0.741,77940700,0.740,69761500,0.739,42953300,0.744,94665800,0.745,97092100,0.746,81370100,0.747,49081500,0.748,36796400
sh513130,09:34:20,1765244062767,09:35:22,1765244062527,0.743,0.7432,-0.0269,5643.84,0.9084,3.3839,1301700,968048,0.7437,1.006,0.743,72024800,0.742,107373700,0.741,81245400,0.740,79728100,0.739,42953300,0.744,97517600,0.745,95592500,0.746,81370100,0.747,46081500,0.748,35643500
sh513130,09:34:20,1765244063767,09:35:22,1765244062527,0.743,0.7432,-0.0269,5643.84,0.9084,3.227,0,0,0.743,1.0,0.743,72024800,0.742,107373700,0.741,81245400,0.740,79728100,0.739,42953300,0.744,97517600,0.745,95592500,0.746,81370100,0.747,46081500,0.748,35643500
sh513130,09:34:20,1765244064765,09:35:24,1765244064471,0.743,0.7432,-0.0269,5642.33,0.9084,5.1402,0,0,0.743,0.999,0.743,72024800,0.742,107373700,0.741,81245400,0.740,79728100,0.739,42953300,0.744,97517600,0.745,95592500,0.746,81370100,0.747,46081500,0.748,35643500
sh513130,09:34:23,1765244065763,09:35:24,1765244064471,0.744,0.7432,0.1076,5642.33,0.9084,4.8903,236500,175892,0.7437,0.997,0.743,56389200,0.742,108181700,0.741,98210800,0.740,79728100,0.739,42953300,0.744,98919400,0.745,87926200,0.746,81770100,0.747,46135100,0.748,36643500
sh513130,09:34:23,1765244066784,09:35:26,1765244066507,0.744,0.7432,0.1076,5640.99,0.9084,3.9583,0,0,0.744,1.021,0.743,56389200,0.742,108181700,0.741,98210800,0.740,79728100,0.739,42953300,0.744,98919400,0.745,87926200,0.746,81770100,0.747,46135100,0.748,36643500
sh513130,09:34:23,1765244067767,09:35:26,1765244066507,0.744,0.7432,0.1076,5640.99,0.9084,4.084,0,0,0.744,0.982,0.743,56389200,0.742,108181700,0.741,98210800,0.740,79728100,0.739,42953300,0.744,98919400,0.745,87926200,0.746,81770100,0.747,46135100,0.748,36643500
sh513130,09:34:23,1765244068769,09:35:28,1765244068554,0.744,0.7432,0.1076,5641.14,0.9084,3.1631,0,0,0.744,1.002,0.743,56389200,0.742,108181700,0.741,98210800,0.740,79728100,0.739,42953300,0.744,98919400,0.745,87926200,0.746,81770100,0.747,46135100,0.748,36643500
sh513130,09:34:26,1765244069767,09:35:28,1765244068554,0.743,0.7432,-0.0269,5641.14,0.9084,2.6591,1059300,787193,0.7431,0.999,0.743,49224900,0.742,107869200,0.741,98858700,0.740,85754900,0.739,42963300,0.744,100250200,0.745,87021800,0.746,81771100,0.747,46135100,0.748,36643500
sh513130,09:34:27,1765244070771,09:35:30,1765244070618,0.743,0.7432,-0.0269,5640.13,0.9084,5.4135,0,0,0.743,1.003,0.743,49224900,0.742,107869200,0.741,98858700,0.740,85754900,0.739,42963300,0.744,100250200,0.745,87021800,0.746,81771100,0.747,46135100,0.748,36643500
sh513130,09:34:27,1765244071773,09:35:30,1765244070618,0.743,0.7432,-0.0269,5640.13,0.9084,4.4103,0,0,0.743,1.002,0.743,49224900,0.742,107869200,0.741,98858700,0.740,85754900,0.739,42963300,0.744,100250200,0.745,87021800,0.746,81771100,0.747,46135100,0.748,36643500
sh513130,09:34:29,1765244072769,09:35:32,1765244072768,0.743,0.7432,-0.0269,5640.67,0.9084,2.826,4803200,3568884,0.743,0.996,0.743,43591300,0.742,108786700,0.741,98978700,0.740,85759900,0.739,42966300,0.744,100186100,0.745,86810000,0.746,81741100,0.747,46328000,0.748,36648500
sh513130,09:34:29,1765244073772,09:35:32,1765244072768,0.743,0.7432,-0.0269,5640.67,0.9084,2.6918,0,0,0.743,1.003,0.743,43591300,0.742,108786700,0.741,98978700,0.740,85759900,0.739,42966300,0.744,100186100,0.745,86810000,0.746,81741100,0.747,46328000,0.748,36648500
sh513130,09:34:29,1765244074773,09:35:34,1765244074512,0.743,0.7432,-0.0269,5640.76,0.9084,5.2523,0,0,0.743,1.001,0.743,43591300,0.742,108786700,0.741,98978700,0.740,85759900,0.739,42966300,0.744,100186100,0.745,86810000,0.746,81741100,0.747,46328000,0.748,36648500
sh513130,09:34:32,1765244075785,09:35:34,1765244074913,0.743,0.7432,-0.0269,5640.76,0.9084,4.0503,568500,422571,0.7433,1.012,0.743,67792300,0.742,108633300,0.741,98978700,0.740,85851400,0.739,43025000,0.744,103871200,0.745,86521000,0.746,81753600,0.747,46361400,0.748,36655500
sh513130,09:34:32,1765244076777,09:35:36,1765244076590,0.743,0.7432,-0.0269,5640.28,0.9084,4.2557,0,0,0.743,0.992,0.743,67792300,0.742,108633300,0.741,98978700,0.740,85851400,0.739,43025000,0.744,103871200,0.745,86521000,0.746,81753600,0.747,46361400,0.748,36655500
sh513130,09:34:35,1765244077785,09:35:36,1765244077068,0.743,0.7432,-0.0269,5640.28,0.9084,4.0133,395600,293958,0.7431,1.008,0.743,66805400,0.742,110437200,0.741,99066900,0.740,84928100,0.739,43036800,0.744,106872400,0.745,86970200,0.746,81808100,0.747,46413200,0.748,36657500
sh513130,09:34:35,1765244078779,09:35:38,1765244078482,0.743,0.7432,-0.0269,5641.2,0.9084,3.8335,0,0,0.743,0.995,0.743,66805400,0.742,110437200,0.741,99066900,0.740,84928100,0.739,43036800,0.744,106872400,0.745,86970200,0.746,81808100,0.747,46413200,0.748,36657500
sh513130,09:34:35,1765244079790,09:35:38,1765244079233,0.743,0.7432,-0.0269,5641.2,0.9084,3.7089,0,0,0.743,1.011,0.743,66805400,0.742,110437200,0.741,99066900,0.740,84928100,0.739,43036800,0.744,106872400,0.745,86970200,0.746,81808100,0.747,46413200,0.748,36657500
sh513130,09:34:38,1765244080786,09:35:40,1765244080528,0.743,0.7432,-0.0269,5639.57,0.9084,5.1768,3457500,2568924,0.743,0.996,0.743,35641900,0.742,112815700,0.741,99066900,0.740,86096000,0.739,43136800,0.744,107131300,0.745,86949500,0.746,81830400,0.747,46413200,0.748,36660500
sh513130,09:34:38,1765244081784,09:35:40,1765244081385,0.743,0.7432,-0.0269,5639.57,0.9084,4.8039,0,0,0.743,0.997,0.743,35641900,0.742,112815700,0.741,99066900,0.740,86096000,0.739,43136800,0.744,107131300,0.745,86949500,0.746,81830400,0.747,46413200,0.748,36660500
sh513130,09:34:38,1765244082789,09:35:42,1765244082473,0.743,0.7432,-0.0269,5639.6,0.9084,3.8877,0,0,0.743,1.005,0.743,35641900,0.742,112815700,0.741,99066900,0.740,86096000,0.739,43136800,0.744,107131300,0.745,86949500,0.746,81830400,0.747,46413200,0.748,36660500
sh513130,09:34:41,1765244083784,09:35:42,1765244083545,0.743,0.7432,-0.0269,5639.6,0.9084,3.0315,4048100,3007783,0.743,0.996,0.743,32600100,0.742,113864000,0.741,99077000,0.740,86187200,0.739,43166800,0.744,108857600,0.745,86754400,0.746,81672600,0.747,46475500,0.748,36360500
sh513130,09:34:41,1765244084793,09:35:44,1765244084490,0.743,0.7432,-0.0269,5638.8,0.9084,2.7195,0,0,0.743,1.008,0.743,32600100,0.742,113864000,0.741,99077000,0.740,86187200,0.739,43166800,0.744,108857600,0.745,86754400,0.746,81672600,0.747,46475500,0.748,36360500
sh513130,09:34:41,1765244085787,09:35:44,1765244085706,0.743,0.7432,-0.0269,5638.8,0.9084,2.4634,0,0,0.743,0.995,0.743,32600100,0.742,113864000,0.741,99077000,0.740,86187200,0.739,43166800,0.744,108857600,0.745,86754400,0.746,81672600,0.747,46475500,0.748,36360500
sh513130,09:34:44,1765244086788,09:35:46,1765244086531,0.743,0.7432,-0.0269,5638.67,0.9084,2.3695,10085500,7493567,0.743,1.001,0.743,22723900,0.742,114151600,0.741,99077000,0.740,86475400,0.739,43181100,0.744,106751200,0.745,84516400,0.746,81005500,0.747,46495000,0.748,37163300
sh513130,09:34:44,1765244087799,09:35:46,1765244086531,0.743,0.7432,-0.0269,5638.67,0.9084,2.5005,0,0,0.743,1.011,0.743,22723900,0.742,114151600,0.741,99077000,0.740,86475400,0.739,43181100,0.744,106751200,0.745,84516400,0.746,81005500,0.747,46495000,0.748,37163300
sh513130,09:34:47,1765244088793,09:35:48,1765244088493,0.743,0.7432,-0.0269,5638.78,0.9084,2.343,2718900,2020154,0.743,0.994,0.743,22813000,0.742,115536700,0.741,100079500,0.740,86723900,0.739,43182600,0.744,106590000,0.745,84593000,0.746,80995500,0.747,46388800,0.748,37369400
sh513130,09:34:44,1765244089803,09:35:48,1765244088493,0.743,0.7432,-0.0269,5638.78,0.9084,2.3848,-2718900,-2020154,0.743,1.01,0.743,22723900,0.742,114151600,0.741,99077000,0.740,86475400,0.739,43181100,0.744,106751200,0.745,84516400,0.746,81005500,0.747,46495000,0.748,37163300
sh513130,09:34:47,1765244090794,09:35:50,1765244090475,0.743,0.7432,-0.0269,5639.11,0.9084,2.1517,2718900,2020154,0.743,0.991,0.743,22813000,0.742,115536700,0.741,100079500,0.740,86723900,0.739,43182600,0.744,106590000,0.745,84593000,0.746,80995500,0.747,46388800,0.748,37369400
sh513130,09:34:47,1765244091788,09:35:50,1765244090475,0.743,0.7432,-0.0269,5639.11,0.9084,1.898,0,0,0.743,0.993,0.743,22813000,0.742,115536700,0.741,100079500,0.740,86723900,0.739,43182600,0.744,106590000,0.745,84593000,0.746,80995500,0.747,46388800,0.748,37369400
sh513130,09:34:50,1765244092798,09:35:52,1765244092486,0.743,0.7425,0.0673,5639.66,0.9084,1.8052,14317300,10637994,0.743,1.01,0.743,13428400,0.742,117587900,0.741,100079500,0.740,85788700,0.739,43202600,0.744,106909800,0.745,84584600,0.746,80307400,0.747,46389000,0.748,37369400
sh513130,09:34:50,1765244093809,09:35:52,1765244092486,0.743,0.7425,0.0673,5639.66,0.9084,2.6725,0,0,0.743,1.011,0.743,13428400,0.742,117587900,0.741,100079500,0.740,85788700,0.739,43202600,0.744,106909800,0.745,84584600,0.746,80307400,0.747,46389000,0.748,37369400
sh513130,09:34:50,1765244094801,09:35:54,1765244094476,0.743,0.7425,0.0673,5639.29,0.9084,2.6723,0,0,0.743,0.993,0.743,13428400,0.742,117587900,0.741,100079500,0.740,85788700,0.739,43202600,0.744,106909800,0.745,84584600,0.746,80307400,0.747,46389000,0.748,37369400
sh513130,09:34:50,1765244095803,09:35:54,1765244094476,0.743,0.7425,0.0673,5639.29,0.9084,2.0993,0,0,0.743,1.002,0.743,13428400,0.742,117587900,0.741,100079500,0.740,85788700,0.739,43202600,0.744,106909800,0.745,84584600,0.746,80307400,0.747,46389000,0.748,37369400
sh513130,09:34:53,1765244096803,09:35:56,1765244096476,0.743,0.7425,0.0673,5639.58,0.9084,2.8126,2805300,2084351,0.743,1.0,0.743,7479700,0.742,119585600,0.741,100088000,0.740,85975300,0.739,43202600,0.744,108675100,0.745,84658800,0.746,80307400,0.747,46439000,0.748,37369500
sh513130,09:34:53,1765244097807,09:35:56,1765244096476,0.743,0.7425,0.0673,5639.58,0.9084,2.7839,0,0,0.743,1.004,0.743,7479700,0.742,119585600,0.741,100088000,0.740,85975300,0.739,43202600,0.744,108675100,0.745,84658800,0.746,80307400,0.747,46439000,0.748,37369500
sh513130,09:34:56,1765244098803,09:35:58,1765244098633,0.743,0.7425,0.0673,5639.88,0.9084,2.5212,1025900,762244,0.743,0.996,0.743,7620000,0.742,120757700,0.741,100128300,0.740,86158600,0.739,43585000,0.744,109027000,0.745,84717400,0.746,80307400,0.747,47389100,0.748,37479600
sh513130,09:34:56,1765244099812,09:35:58,1765244098633,0.743,0.7425,0.0673,5639.88,0.9084,2.4219,0,0,0.743,1.01,0.743,7620000,0.742,120757700,0.741,100128300,0.740,86158600,0.739,43585000,0.744,109027000,0.745,84717400,0.746,80307400,0.747,47389100,0.748,37479600
sh513130,09:34:56,1765244100810,09:36:00,1765244100805,0.743,0.7425,0.0673,5639.88,0.9084,2.4141,0,0,0.743,0.998,0.743,7620000,0.742,120757700,0.741,100128300,0.740,86158600,0.739,43585000,0.744,109027000,0.745,84717400,0.746,80307400,0.747,47389100,0.748,37479600
sh513130,09:34:56,1765244101815,09:36:00,1765244100805,0.743,0.7425,0.0673,5639.88,0.9084,2.8057,0,0,0.743,1.004,0.743,7620000,0.742,120757700,0.741,100128300,0.740,86158600,0.739,43585000,0.744,109027000,0.745,84717400,0.746,80307400,0.747,47389100,0.748,37479600
sh513130,09:34:59,1765244102809,09:36:02,1765244102518,0.743,0.7425,0.0673,5639.97,0.9084,3.2661,4533700,3368562,0.743,0.995,0.743,5912300,0.742,122519600,0.741,100093200,0.740,86199800,0.739,43715000,0.744,111441600,0.745,85054200,0.746,80237500,0.747,47289100,0.748,37390100
sh513130,09:34:59,1765244103812,09:36:02,1765244103067,0.743,0.7425,0.0673,5639.97,0.9084,1.9902,0,0,0.743,1.002,0.743,5912300,0.742,122519600,0.741,100093200,0.740,86199800,0.739,43715000,0.744,111441600,0.745,85054200,0.746,80237500,0.747,47289100,0.748,37390100
sh513130,09:35:03,1765244104811,09:36:04,1765244104537,0.743,0.7425,0.0673,5640.13,0.9084,1.6497,8276400,6149381,0.743,1.0,0.742,133661800,0.741,110239500,0.740,86309400,0.739,43740000,0.738,33099400,0.743,47710800,0.744,122762900,0.745,94833400,0.746,73360900,0.747,35291500
sh513130,09:35:03,1765244105811,09:36:04,1765244105113,0.743,0.7425,0.0673,5640.13,0.9084,1.179,0,0,0.743,1.0,0.742,133661800,0.741,110239500,0.740,86309400,0.739,43740000,0.738,33099400,0.743,47710800,0.744,122762900,0.745,94833400,0.746,73360900,0.747,35291500
sh513130,09:35:03,1765244106811,09:36:06,1765244106467,0.743,0.7425,0.0673,5639.92,0.9084,0.7636,0,0,0.743,1.0,0.742,133661800,0.741,110239500,0.740,86309400,0.739,43740000,0.738,33099400,0.743,47710800,0.744,122762900,0.745,94833400,0.746,73360900,0.747,35291500
sh513130,09:35:05,1765244107852,09:36:06,1765244107270,0.743,0.7425,0.0673,5639.92,0.9084,0.7256,8615400,6401302,0.743,1.041,0.743,95096700,0.742,126315100,0.741,111739500,0.740,75513400,0.739,43784100,0.744,119103000,0.745,93868700,0.746,72462300,0.747,44289400,0.748,34266400
sh513130,09:35:05,1765244108824,09:36:08,1765244108491,0.743,0.7425,0.0673,5640.4,0.9084,1.7854,0,0,0.743,0.972,0.743,95096700,0.742,126315100,0.741,111739500,0.740,75513400,0.739,43784100,0.744,119103000,0.745,93868700,0.746,72462300,0.747,44289400,0.748,34266400
sh513130,09:35:05,1765244109817,09:36:08,1765244109418,0.743,0.7425,0.0673,5640.4,0.9084,3.2217,0,0,0.743,0.993,0.743,95096700,0.742,126315100,0.741,111739500,0.740,75513400,0.739,43784100,0.744,119103000,0.745,93868700,0.746,72462300,0.747,44289400,0.748,34266400
sh513130,09:35:08,1765244110827,09:36:10,1765244110503,0.744,0.7425,0.202,5640.65,0.9084,2.4836,522100,388030,0.7432,1.01,0.743,85379600,0.742,135783700,0.741,110954500,0.740,74139000,0.739,43784100,0.744,119961800,0.745,95319300,0.746,72462300,0.747,44289400,0.748,34433900
sh513130,09:35:08,1765244111817,09:36:10,1765244111571,0.744,0.7425,0.202,5640.65,0.9084,2.3642,0,0,0.744,0.99,0.743,85379600,0.742,135783700,0.741,110954500,0.740,74139000,0.739,43784100,0.744,119961800,0.745,95319300,0.746,72462300,0.747,44289400,0.748,34433900
sh513130,09:35:12,1765244112823,09:36:12,1765244112768,0.743,0.7425,0.0673,5641.3,0.9084,2.1957,283400,210570,0.743,1.007,0.743,94606300,0.742,129949300,0.741,110954500,0.740,74189000,0.739,43865500,0.744,122389400,0.745,95319300,0.746,72462300,0.747,44289400,0.748,34431900
sh513130,09:35:12,1765244113822,09:36:12,1765244113727,0.743,0.7425,0.0673,5641.3,0.9084,2.373,0,0,0.743,0.999,0.743,94606300,0.742,129949300,0.741,110954500,0.740,74189000,0.739,43865500,0.744,122389400,0.745,95319300,0.746,72462300,0.747,44289400,0.748,34431900
sh513130,09:35:12,1765244114827,09:36:14,1765244114504,0.743,0.7425,0.0673,5641.64,0.9084,1.7955,0,0,0.743,1.005,0.743,94606300,0.742,129949300,0.741,110954500,0.740,74189000,0.739,43865500,0.744,122389400,0.745,95319300,0.746,72462300,0.747,44289400,0.748,34431900
sh513130,09:35:12,1765244115822,09:36:14,1765244114504,0.743,0.7425,0.0673,5641.64,0.9084,3.0228,0,0,0.743,0.995,0.743,94606300,0.742,129949300,0.741,110954500,0.740,74189000,0.739,43865500,0.744,122389400,0.745,95319300,0.746,72462300,0.747,44289400,0.748,34431900
sh513130,09:35:15,1765244116828,09:36:16,1765244116486,0.744,0.7432,0.1076,5641.74,0.9084,2.9369,600200,446027,0.7431,1.007,0.743,107732600,0.742,129917800,0.741,111004500,0.740,64439000,0.739,43978500,0.744,125826100,0.745,94392900,0.746,72462300,0.747,43919600,0.748,34456400
sh513130,09:35:15,1765244117827,09:36:16,1765244116486,0.744,0.7432,0.1076,5641.74,0.9084,1.9646,0,0,0.744,0.999,0.743,107732600,0.742,129917800,0.741,111004500,0.740,64439000,0.739,43978500,0.744,125826100,0.745,94392900,0.746,72462300,0.747,43919600,0.748,34456400
sh513130,09:35:15,1765244118828,09:36:18,1765244118512,0.744,0.7432,0.1076,5642.98,0.9084,2.3338,0,0,0.744,1.001,0.743,107732600,0.742,129917800,0.741,111004500,0.740,64439000,0.739,43978500,0.744,125826100,0.745,94392900,0.746,72462300,0.747,43919600,0.748,34456400
sh513130,09:35:18,1765244119825,09:36:18,1765244118512,0.743,0.7432,-0.0269,5642.98,0.9084,5.0539,89700,66657,0.7431,0.997,0.743,106244800,0.742,130762200,0.741,111053100,0.740,66463600,0.739,44008500,0.744,126217800,0.745,95445700,0.746,72472300,0.747,44255500,0.748,34486400
sh513130,09:35:18,1765244120825,09:36:20,1765244120457,0.743,0.7432,-0.0269,5643.1,0.9084,4.4616,0,0,0.743,0.999,0.743,106244800,0.742,130762200,0.741,111053100,0.740,66463600,0.739,44008500,0.744,126217800,0.745,95445700,0.746,72472300,0.747,44255500,0.748,34486400
sh513130,09:35:18,1765244121830,09:36:20,1765244120457,0.743,0.7432,-0.0269,5643.1,0.9084,3.4744,0,0,0.743,1.005,0.743,106244800,0.742,130762200,0.741,111053100,0.740,66463600,0.739,44008500,0.744,126217800,0.745,95445700,0.746,72472300,0.747,44255500,0.748,34486400
sh513130,09:35:20,1765244122838,09:36:22,1765244122529,0.744,0.7432,0.1076,5643.47,0.9084,2.8053,341100,253654,0.7436,1.008,0.743,103468100,0.742,126898800,0.741,106117600,0.740,64483600,0.739,44009000,0.744,121746200,0.745,90448200,0.746,67545000,0.747,44255500,0.748,34486400
sh513130,09:35:20,1765244123826,09:36:22,1765244122529,0.744,0.7432,0.1076,5643.47,0.9084,2.7065,0,0,0.744,0.988,0.743,103468100,0.742,126898800,0.741,106117600,0.740,64483600,0.739,44009000,0.744,121746200,0.745,90448200,0.746,67545000,0.747,44255500,0.748,34486400
sh513130,09:35:20,1765244124831,09:36:24,1765244124504,0.744,0.7432,0.1076,5643.5,0.9084,1.9193,0,0,0.744,1.005,0.743,103468100,0.742,126898800,0.741,106117600,0.740,64483600,0.739,44009000,0.744,121746200,0.745,90448200,0.746,67545000,0.747,44255500,0.748,34486400
sh513130,09:35:20,1765244125843,09:36:24,1765244124504,0.744,0.7432,0.1076,5643.5,0.9084,1.4736,0,0,0.744,1.012,0.743,103468100,0.742,126898800,0.741,106117600,0.740,64483600,0.739,44009000,0.744,121746200,0.745,90448200,0.746,67545000,0.747,44255500,0.748,34486400
sh513130,09:35:23,1765244126844,09:36:26,1765244126652,0.743,0.7432,-0.0269,5641.8,0.9084,2.6218,482300,358425,0.7432,1.001,0.743,93282600,0.742,128594200,0.741,106348400,0.740,74539300,0.739,44308500,0.744,122702300,0.745,90455700,0.746,67545000,0.747,44265500,0.748,34486400
sh513130,09:35:23,1765244127843,09:36:26,1765244126652,0.743,0.7432,-0.0269,5641.8,0.9084,2.2597,0,0,0.743,0.999,0.743,93282600,0.742,128594200,0.741,106348400,0.740,74539300,0.739,44308500,0.744,122702300,0.745,90455700,0.746,67545000,0.747,44265500,0.748,34486400
sh513130,09:35:27,1765244128852,09:36:28,1765244128810,0.743,0.7432,-0.0269,5641.66,0.9084,2.4655,244500,181667,0.743,1.009,0.743,17597000,0.742,136973600,0.741,106207000,0.740,82456000,0.739,44335100,0.744,123780300,0.745,91711200,0.746,67914200,0.747,44265500,0.748,34491400
sh513130,09:35:27,1765244129843,09:36:28,1765244128810,0.743,0.7432,-0.0269,5641.66,0.9084,2.3469,0,0,0.743,0.991,0.743,17597000,0.742,136973600,0.741,106207000,0.740,82456000,0.739,44335100,0.744,123780300,0.745,91711200,0.746,67914200,0.747,44265500,0.748,34491400
sh513130,09:35:27,1765244130852,09:36:30,1765244130547,0.743,0.7432,-0.0269,5640.7,0.9084,3.2014,0,0,0.743,1.008,0.743,17597000,0.742,136973600,0.741,106207000,0.740,82456000,0.739,44335100,0.744,123780300,0.745,91711200,0.746,67914200,0.747,44265500,0.748,34491400
sh513130,09:35:27,1765244131844,09:36:30,1765244130963,0.743,0.7432,-0.0269,5640.7,0.9084,4.0037,0,0,0.743,0.992,0.743,17597000,0.742,136973600,0.741,106207000,0.740,82456000,0.739,44335100,0.744,123780300,0.745,91711200,0.746,67914200,0.747,44265500,0.748,34491400
sh513130,09:35:29,1765244132847,09:36:32,1765244132482,0.743,0.7425,0.0673,5639.56,0.9084,3.0371,2313700,1719656,0.7432,1.003,0.743,25140100,0.742,137159900,0.741,107165600,0.740,82476500,0.739,44335300,0.744,123703200,0.745,91710200,0.746,67914200,0.747,44594700,0.748,34494400
sh513130,09:35:29,1765244133847,09:36:32,1765244133119,0.743,0.7425,0.0673,5639.56,0.9084,2.6187,0,0,0.743,1.0,0.743,25140100,0.742,137159900,0.741,107165600,0.740,82476500,0.739,44335300,0.744,123703200,0.745,91710200,0.746,67914200,0.747,44594700,0.748,34494400
sh513130,09:35:29,1765244134847,09:36:34,1765244134450,0.743,0.7425,0.0673,5641.01,0.9084,2.8968,0,0,0.743,1.0,0.743,25140100,0.742,137159900,0.741,107165600,0.740,82476500,0.739,44335300,0.744,123703200,0.745,91710200,0.746,67914200,0.747,44594700,0.748,34494400
sh513130,09:35:32,1765244135847,09:36:34,1765244135279,0.743,0.7425,0.0673,5641.01,0.9084,2.7596,948400,704696,0.743,1.0,0.743,16738900,0.742,137283800,0.741,108027200,0.740,82503300,0.739,44543500,0.744,124271200,0.745,91416800,0.746,67924200,0.747,44694700,0.748,34494400
sh513130,09:35:32,1765244136851,09:36:36,1765244136461,0.743,0.7425,0.0673,5641.39,0.9084,3.8827,0,0,0.743,1.004,0.743,16738900,0.742,137283800,0.741,108027200,0.740,82503300,0.739,44543500,0.744,124271200,0.745,91416800,0.746,67924200,0.747,44694700,0.748,34494400
sh513130,09:35:35,1765244137847,09:36:36,1765244137425,0.744,0.7432,0.1076,5641.39,0.9084,3.2948,2760300,2051078,0.7431,0.996,0.743,26789600,0.742,137598800,0.741,108965800,0.740,80523300,0.739,44570100,0.744,124220500,0.745,91416800,0.746,68004200,0.747,44683100,0.748,34847400
sh513130,09:35:35,1765244138852,09:36:38,1765244138487,0.744,0.7432,0.1076,5640.53,0.9084,4.2867,0,0,0.744,1.005,0.743,26789600,0.742,137598800,0.741,108965800,0.740,80523300,0.739,44570100,0.744,124220500,0.745,91416800,0.746,68004200,0.747,44683100,0.748,34847400
sh513130,09:35:35,1765244139864,09:36:38,1765244139582,0.744,0.7432,0.1076,5640.53,0.9084,4.0978,0,0,0.744,1.012,0.743,26789600,0.742,137598800,0.741,108965800,0.740,80523300,0.739,44570100,0.744,124220500,0.745,91416800,0.746,68004200,0.747,44683100,0.748,34847400
sh513130,09:35:39,1765244140860,09:36:40,1765244140477,0.744,0.7425,0.202,5640.88,0.9084,3.6857,522300,388079,0.743,0.996,0.743,58851700,0.742,138127200,0.741,109834400,0.740,79106600,0.739,44570100,0.744,125251600,0.745,91426800,0.746,68004300,0.747,44683100,0.748,34947400
sh513130,09:35:39,1765244141871,09:36:40,1765244141736,0.744,0.7425,0.202,5640.88,0.9084,3.3309,0,0,0.744,1.012,0.743,58851700,0.742,138127200,0.741,109834400,0.740,79106600,0.739,44570100,0.744,125251600,0.745,91426800,0.746,68004300,0.747,44683100,0.748,34947400
sh513130,09:35:39,1765244142856,09:36:42,1765244142469,0.744,0.7425,0.202,5641.24,0.9084,4.6723,0,0,0.744,0.984,0.743,58851700,0.742,138127200,0.741,109834400,0.740,79106600,0.739,44570100,0.744,125251600,0.745,91426800,0.746,68004300,0.747,44683100,0.748,34947400
sh513130,09:35:39,1765244143864,09:36:42,1765244142469,0.744,0.7425,0.202,5641.24,0.9084,4.472,0,0,0.744,1.008,0.743,58851700,0.742,138127200,0.741,109834400,0.740,79106600,0.739,44570100,0.744,125251600,0.745,91426800,0.746,68004300,0.747,44683100,0.748,34947400
sh513130,09:35:42,1765244144857,09:36:44,1765244144503,0.743,0.7425,0.0673,5640.65,0.9084,4.4931,313300,232812,0.7431,0.993,0.743,20706000,0.742,138178700,0.741,110754300,0.740,82518600,0.739,44570100,0.744,124874300,0.745,91636800,0.746,68004300,0.747,44656500,0.748,34937400
sh513130,09:35:42,1765244145863,09:36:44,1765244144503,0.743,0.7425,0.0673,5640.65,0.9084,4.6765,0,0,0.743,1.006,0.743,20706000,0.742,138178700,0.741,110754300,0.740,82518600,0.739,44570100,0.744,124874300,0.745,91636800,0.746,68004300,0.747,44656500,0.748,34937400
sh513130,09:35:44,1765244146860,09:36:46,1765244146537,0.744,0.7425,0.202,5641.48,0.9084,6.7652,7292100,5418047,0.743,0.997,0.743,58428600,0.742,138272200,0.741,111626900,0.740,74942300,0.739,44526600,0.744,124338900,0.745,91337200,0.746,68002400,0.747,44656500,0.748,34937400
sh513130,09:35:44,1765244147865,09:36:46,1765244146537,0.744,0.7425,0.202,5641.48,0.9084,6.5359,0,0,0.744,1.005,0.743,58428600,0.742,138272200,0.741,111626900,0.740,74942300,0.739,44526600,0.744,124338900,0.745,91337200,0.746,68002400,0.747,44656500,0.748,34937400
sh513130,09:35:44,1765244148861,09:36:48,1765244148511,0.744,0.7425,0.202,5641.22,0.9084,4.9824,0,0,0.744,0.996,0.743,58428600,0.742,138272200,0.741,111626900,0.740,74942300,0.739,44526600,0.744,124338900,0.745,91337200,0.746,68002400,0.747,44656500,0.748,34937400
sh513130,09:35:44,1765244149867,09:36:48,1765244148511,0.744,0.7425,0.202,5641.22,0.9084,4.644,0,0,0.744,1.006,0.743,58428600,0.742,138272200,0.741,111626900,0.740,74942300,0.739,44526600,0.744,124338900,0.745,91337200,0.746,68002400,0.747,44656500,0.748,34937400
sh513130,09:35:47,1765244150861,09:36:50,1765244150468,0.743,0.7425,0.0673,5641.34,0.9084,4.4445,99300,73780,0.743,0.994,0.743,64947900,0.742,144296000,0.741,117517900,0.740,74966700,0.739,44526900,0.744,130342600,0.745,96437200,0.746,68032400,0.747,44656500,0.748,34937400
sh513130,09:35:47,1765244151865,09:36:50,1765244150468,0.743,0.7425,0.0673,5641.34,0.9084,3.8984,0,0,0.743,1.004,0.743,64947900,0.742,144296000,0.741,117517900,0.740,74966700,0.739,44526900,0.744,130342600,0.745,96437200,0.746,68032400,0.747,44656500,0.748,34937400
sh513130,09:35:50,1765244152862,09:36:52,1765244152491,0.743,0.7432,-0.0269,5640.03,0.9084,4.9903,1742300,1295258,0.7434,0.996,0.743,9069500,0.742,144966100,0.741,118406500,0.740,82776700,0.739,44527400,0.744,129678700,0.745,96596500,0.746,68043400,0.747,44656500,0.748,34942400
sh513130,09:35:50,1765244153867,09:36:52,1765244152491,0.743,0.7432,-0.0269,5640.03,0.9084,4.5602,0,0,0.743,1.005,0.743,9069500,0.742,144966100,0.741,118406500,0.740,82776700,0.739,44527400,0.744,129678700,0.745,96596500,0.746,68043400,0.747,44656500,0.748,34942400
sh513130,09:35:53,1765244154868,09:36:54,1765244154650,0.744,0.7432,0.1076,5640.36,0.9084,4.0508,1225100,910609,0.7433,1.001,0.743,27225000,0.742,145828500,0.741,118406500,0.740,87794100,0.739,44536100,0.744,129644900,0.745,96646500,0.746,73044000,0.747,44666500,0.748,34942400
sh513130,09:35:53,1765244155872,09:36:54,1765244154650,0.744,0.7432,0.1076,5640.36,0.9084,3.5927,0,0,0.744,1.004,0.743,27225000,0.742,145828500,0.741,118406500,0.740,87794100,0.739,44536100,0.744,129644900,0.745,96646500,0.746,73044000,0.747,44666500,0.748,34942400
sh513130,09:35:53,1765244156866,09:36:56,1765244156806,0.744,0.7432,0.1076,5641.17,0.9084,3.4278,0,0,0.744,0.994,0.743,27225000,0.742,145828500,0.741,118406500,0.740,87794100,0.739,44536100,0.744,129644900,0.745,96646500,0.746,73044000,0.747,44666500,0.748,34942400
sh513130,09:35:56,1765244157881,09:36:56,1765244156806,0.744,0.7432,0.1076,5641.17,0.9084,3.8692,1235800,918277,0.7431,1.015,0.743,43186000,0.742,145957100,0.741,118430300,0.740,82880400,0.739,44546100,0.744,129918600,0.745,96620200,0.746,73021700,0.747,44941500,0.748,35012400
sh513130,09:35:56,1765244158878,09:36:58,1765244158453,0.744,0.7432,0.1076,5640.5,0.9084,3.3752,0,0,0.744,0.997,0.743,43186000,0.742,145957100,0.741,118430300,0.740,82880400,0.739,44546100,0.744,129918600,0.745,96620200,0.746,73021700,0.747,44941500,0.748,35012400
sh513130,09:35:56,1765244159881,09:36:58,1765244158953,0.744,0.7432,0.1076,5640.5,0.9084,2.862,0,0,0.744,1.003,0.743,43186000,0.742,145957100,0.741,118430300,0.740,82880400,0.739,44546100,0.744,129918600,0.745,96620200,0.746,73021700,0.747,44941500,0.748,35012400
sh513130,09:35:56,1765244160886,09:37:00,1765244160503,0.744,0.7432,0.1076,5641.42,0.9084,3.2165,0,0,0.744,1.005,0.743,43186000,0.742,145957100,0.741,118430300,0.740,82880400,0.739,44546100,0.744,129918600,0.745,96620200,0.746,73021700,0.747,44941500,0.748,35012400
sh513130,09:35:59,1765244161881,09:37:00,1765244161107,0.743,0.7425,0.0673,5641.42,0.9084,3.0662,547000,406493,0.7431,0.994,0.743,64177300,0.742,144062100,0.741,116525500,0.740,73953700,0.739,44547100,0.744,131979900,0.745,96841700,0.746,73143200,0.747,44953500,0.748,35013400
sh513130,09:35:59,1765244162881,09:37:02,1765244162511,0.743,0.7425,0.0673,5640.73,0.9084,2.4659,0,0,0.743,1.001,0.743,64177300,0.742,144062100,0.741,116525500,0.740,73953700,0.739,44547100,0.744,131979900,0.745,96841700,0.746,73143200,0.747,44953500,0.748,35013400
sh513130,09:35:59,1765244163887,09:37:02,1765244163265,0.743,0.7425,0.0673,5640.73,0.9084,2.2293,0,0,0.743,1.005,0.743,64177300,0.742,144062100,0.741,116525500,0.740,73953700,0.739,44547100,0.744,131979900,0.745,96841700,0.746,73143200,0.747,44953500,0.748,35013400
sh513130,09:36:02,1765244164881,09:37:04,1765244164507,0.743,0.7425,0.0673,5640.89,0.9084,2.4112,3028800,2250414,0.743,0.995,0.743,8649900,0.742,144565100,0.741,117065900,0.740,84972300,0.739,44747100,0.744,135145700,0.745,96766600,0.746,73246400,0.747,44953500,0.748,35034900
sh513130,09:36:02,1765244165887,09:37:04,1765244165417,0.743,0.7425,0.0673,5640.89,0.9084,1.1941,0,0,0.743,1.006,0.743,8649900,0.742,144565100,0.741,117065900,0.740,84972300,0.739,44747100,0.744,135145700,0.745,96766600,0.746,73246400,0.747,44953500,0.748,35034900
sh513130,09:36:02,1765244166887,09:37:06,1765244166490,0.743,0.7425,0.0673,5641.04,0.9084,1.1349,0,0,0.743,1.0,0.743,8649900,0.742,144565100,0.741,117065900,0.740,84972300,0.739,44747100,0.744,135145700,0.745,96766600,0.746,73246400,0.747,44953500,0.748,35034900
sh513130,09:36:05,1765244167887,09:37:06,1765244167571,0.743,0.7425,0.0673,5641.04,0.9084,1.4913,1147700,852750,0.743,1.0,0.743,14167500,0.742,144572800,0.741,117095900,0.740,84983000,0.739,44991300,0.744,134792300,0.745,96873800,0.746,73246400,0.747,44953500,0.748,35034900
sh513130,09:36:05,1765244168892,09:37:08,1765244168467,0.743,0.7425,0.0673,5641.14,0.9084,3.6031,0,0,0.743,1.005,0.743,14167500,0.742,144572800,0.741,117095900,0.740,84983000,0.739,44991300,0.744,134792300,0.745,96873800,0.746,73246400,0.747,44953500,0.748,35034900
sh513130,09:36:05,1765244169887,09:37:08,1765244169732,0.743,0.7425,0.0673,5641.14,0.9084,3.4095,0,0,0.743,0.995,0.743,14167500,0.742,144572800,0.741,117095900,0.740,84983000,0.739,44991300,0.744,134792300,0.745,96873800,0.746,73246400,0.747,44953500,0.748,35034900
sh513130,09:36:08,1765244170905,09:37:10,1765244170546,0.743,0.7425,0.0673,5638.42,0.9084,3.7223,17800,13225,0.743,1.018,0.743,9142800,0.742,144748500,0.741,117096400,0.740,85393000,0.739,44991300,0.744,135694800,0.745,96862800,0.746,73429700,0.747,44953500,0.748,35034900
sh513130,09:36:08,1765244171896,09:37:10,1765244170546,0.743,0.7425,0.0673,5638.42,0.9084,3.0298,0,0,0.743,0.992,0.743,9142800,0.742,144748500,0.741,117096400,0.740,85393000,0.739,44991300,0.744,135694800,0.745,96862800,0.746,73429700,0.747,44953500,0.748,35034900
sh513130,09:36:08,1765244172893,09:37:12,1765244172561,0.743,0.7425,0.0673,5635.46,0.9084,4.8658,0,0,0.743,0.997,0.743,9142800,0.742,144748500,0.741,117096400,0.740,85393000,0.739,44991300,0.744,135694800,0.745,96862800,0.746,73429700,0.747,44953500,0.748,35034900
sh513130,09:36:08,1765244173898,09:37:12,1765244172561,0.743,0.7425,0.0673,5635.46,0.9084,3.7237,0,0,0.743,1.005,0.743,9142800,0.742,144748500,0.741,117096400,0.740,85393000,0.739,44991300,0.744,135694800,0.745,96862800,0.746,73429700,0.747,44953500,0.748,35034900
sh513130,09:36:11,1765244174903,09:37:14,1765244174462,0.743,0.7425,0.0673,5634.85,0.9084,3.3291,10992700,8167576,0.743,1.006,0.742,55219800,0.741,126721000,0.740,115434800,0.739,60771300,0.738,55156100,0.743,109983200,0.744,121661000,0.745,91844800,0.746,46168600,0.747,32706300
sh513130,09:36:11,1765244175896,09:37:14,1765244174462,0.743,0.7425,0.0673,5634.85,0.9084,2.8862,0,0,0.743,0.993,0.742,55219800,0.741,126721000,0.740,115434800,0.739,60771300,0.738,55156100,0.743,109983200,0.744,121661000,0.745,91844800,0.746,46168600,0.747,32706300
sh513130,09:36:15,1765244176904,09:37:16,1765244176531,0.743,0.7418,0.1618,5635.18,0.9084,2.2268,1036200,769410,0.7425,1.008,0.742,55783800,0.741,127604600,0.740,116615300,0.739,65771300,0.738,55156600,0.743,115526600,0.744,119731200,0.745,92044800,0.746,41447100,0.747,33294800
sh513130,09:36:15,1765244177907,09:37:16,1765244176531,0.743,0.7418,0.1618,5635.18,0.9084,6.5405,0,0,0.743,1.002,0.742,55783800,0.741,127604600,0.740,116615300,0.739,65771300,0.738,55156600,0.743,115526600,0.744,119731200,0.745,92044800,0.746,41447100,0.747,33294800
sh513130,09:36:15,1765244178911,09:37:18,1765244178510,0.743,0.7418,0.1618,5636.35,0.9084,6.4081,0,0,0.743,1.004,0.742,55783800,0.741,127604600,0.740,116615300,0.739,65771300,0.738,55156600,0.743,115526600,0.744,119731200,0.745,92044800,0.746,41447100,0.747,33294800
