symbol,tx_server_time,tx_local_time,bd_server_time,bd_local_time,price,iopv,premium_rate,index_price,fx_rate,sentiment,tick_vol,tick_amt,tick_vwap,interval_s,bp1,bv1,bp2,bv2,bp3,bv3,bp4,bv4,bp5,bv5,sp1,sv1,sp2,sv2,sp3,sv3,sp4,sv4,sp5,sv5
sh513130,09:30:02,1765330207113,09:31:06,1765330206697,0.731,0.7293,0.2331,5552.8,0.9072,4.3632,0,0,0.731,0.0,0.730,27038800,0.729,17387700,0.728,33019000,0.727,31977500,0.726,31976700,0.731,13040700,0.732,16531200,0.733,19417400,0.734,24867500,0.735,23888200
sh513130,09:30:05,1765330208081,09:31:06,1765330207536,0.731,0.73,0.137,5552.8,0.9072,3.7374,1244500,909154,0.7305,0.968,0.730,31147700,0.729,17966500,0.728,38075300,0.727,41327400,0.726,33301800,0.731,13630100,0.732,20312100,0.733,26851700,0.734,25107800,0.735,24377500
sh513130,09:30:05,1765330209092,09:31:08,1765330208505,0.731,0.73,0.137,5554.66,0.9072,4.0184,0,0,0.731,1.011,0.730,31147700,0.729,17966500,0.728,38075300,0.727,41327400,0.726,33301800,0.731,13630100,0.732,20312100,0.733,26851700,0.734,25107800,0.735,24377500
sh513130,09:30:05,1765330210085,09:31:08,1765330208505,0.731,0.73,0.137,5554.66,0.9072,2.8229,0,0,0.731,0.994,0.730,31147700,0.729,17966500,0.728,38075300,0.727,41327400,0.726,33301800,0.731,13630100,0.732,20312100,0.733,26851700,0.734,25107800,0.735,24377500
sh513130,09:30:08,1765330211092,09:31:10,1765330210543,0.73,0.73,0.0,5553.21,0.9072,2.2276,3090500,2256394,0.7301,1.007,0.730,26885200,0.729,19017700,0.728,44456400,0.727,45569600,0.726,35004200,0.731,15565700,0.732,26873800,0.733,36094800,0.734,26207500,0.735,22977800
sh513130,09:30:08,1765330212084,09:31:10,1765330211836,0.73,0.73,0.0,5553.21,0.9072,3.4089,0,0,0.73,0.992,0.730,26885200,0.729,19017700,0.728,44456400,0.727,45569600,0.726,35004200,0.731,15565700,0.732,26873800,0.733,36094800,0.734,26207500,0.735,22977800
sh513130,09:30:08,1765330213080,09:31:12,1765330212467,0.73,0.73,0.0,5554.79,0.9072,3.0408,0,0,0.73,0.996,0.730,26885200,0.729,19017700,0.728,44456400,0.727,45569600,0.726,35004200,0.731,15565700,0.732,26873800,0.733,36094800,0.734,26207500,0.735,22977800
sh513130,09:30:08,1765330214082,09:31:12,1765330213975,0.73,0.73,0.0,5554.79,0.9072,2.9646,0,0,0.73,1.002,0.730,26885200,0.729,19017700,0.728,44456400,0.727,45569600,0.726,35004200,0.731,15565700,0.732,26873800,0.733,36094800,0.734,26207500,0.735,22977800
sh513130,09:30:11,1765330215091,09:31:14,1765330214503,0.731,0.7307,0.0411,5553.3,0.9072,2.4499,1132300,827230,0.7306,1.009,0.730,26016300,0.729,23637200,0.728,46915800,0.727,45674000,0.726,35443700,0.731,17249300,0.732,29516200,0.733,39395200,0.734,26209500,0.735,22170800
sh513130,09:30:11,1765330216083,09:31:14,1765330214503,0.731,0.7307,0.0411,5553.3,0.9072,2.584,0,0,0.731,0.993,0.730,26016300,0.729,23637200,0.728,46915800,0.727,45674000,0.726,35443700,0.731,17249300,0.732,29516200,0.733,39395200,0.734,26209500,0.735,22170800
sh513130,09:30:11,1765330217081,09:31:16,1765330217047,0.731,0.7307,0.0411,5549.41,0.9072,3.1004,0,0,0.731,0.998,0.730,26016300,0.729,23637200,0.728,46915800,0.727,45674000,0.726,35443700,0.731,17249300,0.732,29516200,0.733,39395200,0.734,26209500,0.735,22170800
sh513130,09:30:14,1765330218085,09:31:16,1765330217047,0.73,0.7307,-0.0958,5549.41,0.9072,3.293,845200,617135,0.7302,1.004,0.730,26427400,0.729,28612900,0.728,47349700,0.727,41796800,0.726,33345800,0.731,15691100,0.732,29604900,0.733,38490000,0.734,26371200,0.735,23548700
sh513130,09:30:14,1765330219092,09:31:16,1765330218280,0.73,0.7307,-0.0958,5549.41,0.9072,2.9037,0,0,0.73,1.007,0.730,26427400,0.729,28612900,0.728,47349700,0.727,41796800,0.726,33345800,0.731,15691100,0.732,29604900,0.733,38490000,0.734,26371200,0.735,23548700
sh513130,09:30:17,1765330220142,09:31:18,1765330219363,0.731,0.7307,0.0411,5548.03,0.9072,3.2094,1049700,766581,0.7303,1.05,0.730,28371600,0.729,27915300,0.728,47938300,0.727,35556500,0.726,32814800,0.731,14177600,0.732,31595900,0.733,40499400,0.734,26606800,0.735,26301700
sh513130,09:30:17,1765330221097,09:31:18,1765330220430,0.731,0.7307,0.0411,5548.03,0.9072,3.45,0,0,0.731,0.955,0.730,28371600,0.729,27915300,0.728,47938300,0.727,35556500,0.726,32814800,0.731,14177600,0.732,31595900,0.733,40499400,0.734,26606800,0.735,26301700
sh513130,09:30:20,1765330222099,09:31:20,1765330221467,0.731,0.73,0.137,5548.71,0.9072,3.8629,524300,383033,0.7306,1.002,0.730,24786000,0.729,25230500,0.728,48704500,0.727,35779200,0.726,37639500,0.731,14971900,0.732,32404300,0.733,31519200,0.734,26606800,0.735,26451700
sh513130,09:30:20,1765330223119,09:31:22,1765330222918,0.731,0.73,0.137,5547.21,0.9072,2.9979,0,0,0.731,1.021,0.730,24786000,0.729,25230500,0.728,48704500,0.727,35779200,0.726,37639500,0.731,14971900,0.732,32404300,0.733,31519200,0.734,26606800,0.735,26451700
sh513130,09:30:20,1765330224100,09:31:22,1765330222918,0.731,0.73,0.137,5547.21,0.9072,3.0673,0,0,0.731,0.981,0.730,24786000,0.729,25230500,0.728,48704500,0.727,35779200,0.726,37639500,0.731,14971900,0.732,32404300,0.733,31519200,0.734,26606800,0.735,26451700
sh513130,09:30:20,1765330225104,09:31:24,1765330224724,0.731,0.73,0.137,5545.84,0.9072,0.592,0,0,0.731,1.004,0.730,24786000,0.729,25230500,0.728,48704500,0.727,35779200,0.726,37639500,0.731,14971900,0.732,32404300,0.733,31519200,0.734,26606800,0.735,26451700
sh513130,09:30:23,1765330226100,09:31:24,1765330224724,0.731,0.73,0.137,5545.84,0.9072,2.7079,834800,610180,0.7309,0.996,0.730,23296600,0.729,27658800,0.728,49175900,0.727,39253600,0.726,38305300,0.731,21979700,0.732,34467600,0.733,27869600,0.734,25609400,0.735,28527700
sh513130,09:30:23,1765330227101,09:31:26,1765330226871,0.731,0.73,0.137,5544.77,0.9072,2.6397,0,0,0.731,1.001,0.730,23296600,0.729,27658800,0.728,49175900,0.727,39253600,0.726,38305300,0.731,21979700,0.732,34467600,0.733,27869600,0.734,25609400,0.735,28527700
sh513130,09:30:23,1765330228118,09:31:26,1765330226871,0.731,0.73,0.137,5544.77,0.9072,3.6264,0,0,0.731,1.017,0.730,23296600,0.729,27658800,0.728,49175900,0.727,39253600,0.726,38305300,0.731,21979700,0.732,34467600,0.733,27869600,0.734,25609400,0.735,28527700
sh513130,09:30:26,1765330229117,09:31:28,1765330229013,0.731,0.7293,0.2331,5543.22,0.9072,3.4514,2288900,1672917,0.7309,0.999,0.730,23311400,0.729,24071400,0.728,36406700,0.727,43280000,0.726,39577600,0.731,30654900,0.732,22470100,0.733,27876600,0.734,25929400,0.735,29116000
sh513130,09:30:26,1765330230102,09:31:28,1765330229013,0.731,0.7293,0.2331,5543.22,0.9072,3.0236,0,0,0.731,0.985,0.730,23311400,0.729,24071400,0.728,36406700,0.727,43280000,0.726,39577600,0.731,30654900,0.732,22470100,0.733,27876600,0.734,25929400,0.735,29116000
sh513130,09:30:29,1765330231131,09:31:30,1765330230522,0.731,0.7293,0.2331,5542.25,0.9072,1.9795,5644100,4121087,0.7302,1.029,0.730,19387400,0.729,23797200,0.728,36466800,0.727,36941300,0.726,39722600,0.731,32959200,0.732,23512500,0.733,28928600,0.734,26375400,0.735,27256200
sh513130,09:30:29,1765330232132,09:31:30,1765330231180,0.731,0.7293,0.2331,5542.25,0.9072,1.1079,0,0,0.731,1.002,0.730,19387400,0.729,23797200,0.728,36466800,0.727,36941300,0.726,39722600,0.731,32959200,0.732,23512500,0.733,28928600,0.734,26375400,0.735,27256200
sh513130,09:30:29,1765330233108,09:31:32,1765330232506,0.731,0.7293,0.2331,5541.94,0.9072,1.3929,0,0,0.731,0.976,0.730,19387400,0.729,23797200,0.728,36466800,0.727,36941300,0.726,39722600,0.731,32959200,0.732,23512500,0.733,28928600,0.734,26375400,0.735,27256200
sh513130,09:30:29,1765330234116,09:31:32,1765330233333,0.731,0.7293,0.2331,5541.94,0.9072,1.7435,0,0,0.731,1.008,0.730,19387400,0.729,23797200,0.728,36466800,0.727,36941300,0.726,39722600,0.731,32959200,0.732,23512500,0.733,28928600,0.734,26375400,0.735,27256200
sh513130,09:30:32,1765330235120,09:31:34,1765330234489,0.731,0.7293,0.2331,5539.63,0.9072,4.7232,21663400,15816100,0.7301,1.004,0.730,136700,0.729,24765600,0.728,38280100,0.727,34981700,0.726,39892600,0.731,25316900,0.732,23634500,0.733,29083500,0.734,26387000,0.735,27396700
sh513130,09:30:32,1765330236132,09:31:34,1765330235473,0.731,0.7293,0.2331,5539.63,0.9072,3.6156,0,0,0.731,1.012,0.730,136700,0.729,24765600,0.728,38280100,0.727,34981700,0.726,39892600,0.731,25316900,0.732,23634500,0.733,29083500,0.734,26387000,0.735,27396700
sh513130,09:30:35,1765330237123,09:31:36,1765330236663,0.73,0.7287,0.1784,5540.32,0.9072,4.3748,3079500,2248049,0.73,0.991,0.729,21590000,0.728,38462600,0.727,36133600,0.726,40058300,0.725,40480200,0.730,20859700,0.731,26210400,0.732,23413400,0.733,29738900,0.734,27427400
sh513130,09:30:35,1765330238133,09:31:36,1765330237622,0.73,0.7287,0.1784,5540.32,0.9072,3.7008,0,0,0.73,1.009,0.729,21590000,0.728,38462600,0.727,36133600,0.726,40058300,0.725,40480200,0.730,20859700,0.731,26210400,0.732,23413400,0.733,29738900,0.734,27427400
sh513130,09:30:35,1765330239125,09:31:38,1765330238509,0.73,0.7287,0.1784,5540.6,0.9072,6.2364,0,0,0.73,0.992,0.729,21590000,0.728,38462600,0.727,36133600,0.726,40058300,0.725,40480200,0.730,20859700,0.731,26210400,0.732,23413400,0.733,29738900,0.734,27427400
sh513130,09:30:35,1765330240124,09:31:38,1765330239772,0.73,0.7287,0.1784,5540.6,0.9072,5.4864,0,0,0.73,0.999,0.729,21590000,0.728,38462600,0.727,36133600,0.726,40058300,0.725,40480200,0.730,20859700,0.731,26210400,0.732,23413400,0.733,29738900,0.734,27427400
sh513130,09:30:38,1765330241122,09:31:40,1765330240508,0.73,0.7287,0.1784,5540.81,0.9072,6.1395,920600,672018,0.73,0.998,0.729,22484900,0.728,36458100,0.727,48147100,0.726,41168300,0.725,44598700,0.730,24981100,0.731,40059500,0.732,35587200,0.733,29755800,0.734,27429400
sh513130,09:30:38,1765330242133,09:31:40,1765330241927,0.73,0.7287,0.1784,5540.81,0.9072,5.079,0,0,0.73,1.012,0.729,22484900,0.728,36458100,0.727,48147100,0.726,41168300,0.725,44598700,0.730,24981100,0.731,40059500,0.732,35587200,0.733,29755800,0.734,27429400
sh513130,09:30:41,1765330243121,09:31:42,1765330242499,0.73,0.7287,0.1784,5539.44,0.9072,4.5443,1237100,903055,0.73,0.988,0.729,21507500,0.728,32161600,0.727,47118100,0.726,53169900,0.725,48998700,0.730,41548600,0.731,40038600,0.732,22689700,0.733,28848200,0.734,24429400
sh513130,09:30:41,1765330244148,09:31:42,1765330244072,0.73,0.7287,0.1784,5539.44,0.9072,5.4088,0,0,0.73,1.027,0.729,21507500,0.728,32161600,0.727,47118100,0.726,53169900,0.725,48998700,0.730,41548600,0.731,40038600,0.732,22689700,0.733,28848200,0.734,24429400
sh513130,09:30:41,1765330245132,09:31:44,1765330244450,0.73,0.7287,0.1784,5539.4,0.9072,4.7708,0,0,0.73,0.984,0.729,21507500,0.728,32161600,0.727,47118100,0.726,53169900,0.725,48998700,0.730,41548600,0.731,40038600,0.732,22689700,0.733,28848200,0.734,24429400
sh513130,09:30:41,1765330246133,09:31:44,1765330244450,0.73,0.7287,0.1784,5539.4,0.9072,5.8352,0,0,0.73,1.001,0.729,21507500,0.728,32161600,0.727,47118100,0.726,53169900,0.725,48998700,0.730,41548600,0.731,40038600,0.732,22689700,0.733,28848200,0.734,24429400
sh513130,09:30:44,1765330247124,09:31:46,1765330246555,0.73,0.7287,0.1784,5537.59,0.9072,4.2717,412700,301231,0.7299,0.991,0.729,21405200,0.728,33261800,0.727,47153400,0.726,53199400,0.725,49048700,0.730,43392500,0.731,42017300,0.732,21857200,0.733,28861200,0.734,24442400
sh513130,09:30:44,1765330248135,09:31:46,1765330246555,0.73,0.7287,0.1784,5537.59,0.9072,2.306,0,0,0.73,1.011,0.729,21405200,0.728,33261800,0.727,47153400,0.726,53199400,0.725,49048700,0.730,43392500,0.731,42017300,0.732,21857200,0.733,28861200,0.734,24442400
sh513130,09:30:44,1765330249138,09:31:48,1765330248503,0.73,0.7287,0.1784,5536.73,0.9072,2.1946,0,0,0.73,1.003,0.729,21405200,0.728,33261800,0.727,47153400,0.726,53199400,0.725,49048700,0.730,43392500,0.731,42017300,0.732,21857200,0.733,28861200,0.734,24442400
sh513130,09:30:47,1765330250132,09:31:48,1765330248503,0.73,0.7293,0.096,5536.73,0.9072,6.3728,1453600,1060862,0.7298,0.994,0.729,21333900,0.728,44128600,0.727,57155600,0.726,63282300,0.725,49549700,0.730,50341000,0.731,48888100,0.732,28777200,0.733,28942200,0.734,24442300
sh513130,09:30:47,1765330251140,09:31:50,1765330250565,0.73,0.7293,0.096,5537.24,0.9072,5.2056,0,0,0.73,1.008,0.729,21333900,0.728,44128600,0.727,57155600,0.726,63282300,0.725,49549700,0.730,50341000,0.731,48888100,0.732,28777200,0.733,28942200,0.734,24442300
sh513130,09:30:50,1765330252151,09:31:50,1765330250565,0.729,0.728,0.1374,5537.24,0.9072,5.3072,1464200,1067577,0.7291,1.011,0.729,19582300,0.728,52411400,0.727,57310400,0.726,63532300,0.725,42169700,0.730,54000300,0.731,49092500,0.732,28758100,0.733,26063100,0.734,24442300
sh513130,09:30:50,1765330253165,09:31:52,1765330252725,0.729,0.728,0.1374,5536.42,0.9072,5.0916,0,0,0.729,1.014,0.729,19582300,0.728,52411400,0.727,57310400,0.726,63532300,0.725,42169700,0.730,54000300,0.731,49092500,0.732,28758100,0.733,26063100,0.734,24442300
sh513130,09:30:50,1765330254135,09:31:52,1765330252725,0.729,0.728,0.1374,5536.42,0.9072,4.3528,0,0,0.729,0.97,0.729,19582300,0.728,52411400,0.727,57310400,0.726,63532300,0.725,42169700,0.730,54000300,0.731,49092500,0.732,28758100,0.733,26063100,0.734,24442300
sh513130,09:30:50,1765330255142,09:31:54,1765330254874,0.729,0.728,0.1374,5535.8,0.9072,4.7251,0,0,0.729,1.007,0.729,19582300,0.728,52411400,0.727,57310400,0.726,63532300,0.725,42169700,0.730,54000300,0.731,49092500,0.732,28758100,0.733,26063100,0.734,24442300
sh513130,09:30:53,1765330256142,09:31:54,1765330254874,0.729,0.728,0.1374,5535.8,0.9072,3.7119,2841300,2072236,0.7293,1.0,0.729,17947800,0.728,53288500,0.727,57310400,0.726,63537300,0.725,42141600,0.730,54065000,0.731,48235000,0.732,28919600,0.733,27013200,0.734,24442300
sh513130,09:30:53,1765330257147,09:31:56,1765330257029,0.729,0.728,0.1374,5536.06,0.9072,4.5487,0,0,0.729,1.005,0.729,17947800,0.728,53288500,0.727,57310400,0.726,63537300,0.725,42141600,0.730,54065000,0.731,48235000,0.732,28919600,0.733,27013200,0.734,24442300
sh513130,09:30:56,1765330258151,09:31:56,1765330257029,0.73,0.7287,0.1784,5536.06,0.9072,3.7119,2015900,1469689,0.729,1.004,0.729,16653900,0.728,54286200,0.727,57382300,0.726,63537400,0.725,42412500,0.730,57415300,0.731,47721400,0.732,28919600,0.733,27165000,0.734,24452300
sh513130,09:30:56,1765330259146,09:31:58,1765330258492,0.73,0.7287,0.1784,5537.34,0.9072,3.4424,0,0,0.73,0.995,0.729,16653900,0.728,54286200,0.727,57382300,0.726,63537400,0.725,42412500,0.730,57415300,0.731,47721400,0.732,28919600,0.733,27165000,0.734,24452300
sh513130,09:30:56,1765330260167,09:31:58,1765330259175,0.73,0.7287,0.1784,5537.34,0.9072,3.9041,0,0,0.73,1.021,0.729,16653900,0.728,54286200,0.727,57382300,0.726,63537400,0.725,42412500,0.730,57415300,0.731,47721400,0.732,28919600,0.733,27165000,0.734,24452300
sh513130,09:30:56,1765330261156,09:32:00,1765330260872,0.73,0.7287,0.1784,5537.71,0.9072,4.2987,0,0,0.73,0.989,0.729,16653900,0.728,54286200,0.727,57382300,0.726,63537400,0.725,42412500,0.730,57415300,0.731,47721400,0.732,28919600,0.733,27165000,0.734,24452300
sh513130,09:30:59,1765330262156,09:32:00,1765330261329,0.73,0.7287,0.1784,5537.71,0.9072,3.471,1931500,1408402,0.7292,1.0,0.729,15283900,0.728,55273600,0.727,57400000,0.726,63537400,0.725,42421300,0.730,58145900,0.731,47026100,0.732,28987600,0.733,27128800,0.734,24452300
sh513130,09:30:59,1765330263155,09:32:02,1765330262483,0.73,0.7287,0.1784,5538.07,0.9072,3.0835,0,0,0.73,0.999,0.729,15283900,0.728,55273600,0.727,57400000,0.726,63537400,0.725,42421300,0.730,58145900,0.731,47026100,0.732,28987600,0.733,27128800,0.734,24452300
sh513130,09:30:59,1765330264154,09:32:02,1765330263494,0.73,0.7287,0.1784,5538.07,0.9072,3.0255,0,0,0.73,0.999,0.729,15283900,0.728,55273600,0.727,57400000,0.726,63537400,0.725,42421300,0.730,58145900,0.731,47026100,0.732,28987600,0.733,27128800,0.734,24452300
sh513130,09:31:02,1765330265160,09:32:04,1765330264466,0.729,0.7287,0.0412,5536.89,0.9072,2.7106,3339900,2434857,0.729,1.006,0.729,14219200,0.728,64695300,0.727,57400700,0.726,63537400,0.725,42448300,0.730,67500500,0.731,46931600,0.732,29021100,0.733,26401000,0.734,25452300
sh513130,09:31:02,1765330266153,09:32:04,1765330265639,0.729,0.7287,0.0412,5536.89,0.9072,2.3636,0,0,0.729,0.993,0.729,14219200,0.728,64695300,0.727,57400700,0.726,63537400,0.725,42448300,0.730,67500500,0.731,46931600,0.732,29021100,0.733,26401000,0.734,25452300
sh513130,09:31:02,1765330267163,09:32:06,1765330266489,0.729,0.7287,0.0412,5536.29,0.9072,2.2496,0,0,0.729,1.01,0.729,14219200,0.728,64695300,0.727,57400700,0.726,63537400,0.725,42448300,0.730,67500500,0.731,46931600,0.732,29021100,0.733,26401000,0.734,25452300
sh513130,09:31:05,1765330268163,09:32:06,1765330267791,0.729,0.7287,0.0412,5536.29,0.9072,2.026,14508000,10576330,0.729,1.0,0.728,58179300,0.727,46760000,0.726,63432500,0.725,54879400,0.724,23439000,0.729,12794600,0.730,58843700,0.731,43645100,0.732,29110600,0.733,24354100
sh513130,09:31:05,1765330269169,09:32:08,1765330268535,0.729,0.7287,0.0412,5537.87,0.9072,2.79,0,0,0.729,1.006,0.728,58179300,0.727,46760000,0.726,63432500,0.725,54879400,0.724,23439000,0.729,12794600,0.730,58843700,0.731,43645100,0.732,29110600,0.733,24354100
sh513130,09:31:05,1765330270160,09:32:08,1765330269945,0.729,0.7287,0.0412,5537.87,0.9072,3.034,0,0,0.729,0.991,0.728,58179300,0.727,46760000,0.726,63432500,0.725,54879400,0.724,23439000,0.729,12794600,0.730,58843700,0.731,43645100,0.732,29110600,0.733,24354100
sh513130,09:31:08,1765330271187,09:32:10,1765330270503,0.729,0.7287,0.0412,5536.3,0.9072,2.2975,129100,94114,0.729,1.027,0.728,58770400,0.727,45770200,0.726,62439100,0.725,61880000,0.724,23443200,0.729,24509100,0.730,59660900,0.731,43481200,0.732,21460600,0.733,24434100
sh513130,09:31:08,1765330272179,09:32:10,1765330272107,0.729,0.7287,0.0412,5536.3,0.9072,2.2982,0,0,0.729,0.991,0.728,58770400,0.727,45770200,0.726,62439100,0.725,61880000,0.724,23443200,0.729,24509100,0.730,59660900,0.731,43481200,0.732,21460600,0.733,24434100
sh513130,09:31:08,1765330273182,09:32:12,1765330272481,0.729,0.7287,0.0412,5536.22,0.9072,2.3869,0,0,0.729,1.003,0.728,58770400,0.727,45770200,0.726,62439100,0.725,61880000,0.724,23443200,0.729,24509100,0.730,59660900,0.731,43481200,0.732,21460600,0.733,24434100
sh513130,09:31:11,1765330274183,09:32:12,1765330272481,0.728,0.7282,-0.0275,5536.22,0.9072,2.2718,1431900,1043796,0.729,1.001,0.728,59796300,0.727,57771700,0.726,62427600,0.725,49909400,0.724,23413200,0.729,19363200,0.730,59747000,0.731,43244400,0.732,28653400,0.733,24434100
sh513130,09:31:11,1765330275183,09:32:14,1765330274531,0.728,0.7282,-0.0275,5536.7,0.9072,4.2368,0,0,0.728,1.0,0.728,59796300,0.727,57771700,0.726,62427600,0.725,49909400,0.724,23413200,0.729,19363200,0.730,59747000,0.731,43244400,0.732,28653400,0.733,24434100
sh513130,09:31:14,1765330276175,09:32:14,1765330274531,0.729,0.7282,0.1099,5536.7,0.9072,3.7425,2429500,1770809,0.7289,0.992,0.728,69317900,0.727,57882300,0.726,63478200,0.725,42534200,0.724,23418300,0.729,12401500,0.730,67057100,0.731,42860900,0.732,28653400,0.733,27467900
sh513130,09:31:14,1765330277186,09:32:16,1765330276486,0.729,0.7282,0.1099,5537.55,0.9072,3.5611,0,0,0.729,1.011,0.728,69317900,0.727,57882300,0.726,63478200,0.725,42534200,0.724,23418300,0.729,12401500,0.730,67057100,0.731,42860900,0.732,28653400,0.733,27467900
sh513130,09:31:14,1765330278186,09:32:16,1765330276486,0.729,0.7282,0.1099,5537.55,0.9072,2.5983,0,0,0.729,1.001,0.728,69317900,0.727,57882300,0.726,63478200,0.725,42534200,0.724,23418300,0.729,12401500,0.730,67057100,0.731,42860900,0.732,28653400,0.733,27467900
sh513130,09:31:14,1765330279187,09:32:18,1765330278550,0.729,0.7282,0.1099,5537.43,0.9072,2.7955,0,0,0.729,1.001,0.728,69317900,0.727,57882300,0.726,63478200,0.725,42534200,0.724,23418300,0.729,12401500,0.730,67057100,0.731,42860900,0.732,28653400,0.733,27467900
sh513130,09:31:17,1765330280183,09:32:18,1765330278550,0.729,0.7282,0.1099,5537.43,0.9072,2.6626,1082800,788631,0.7283,0.995,0.728,62380000,0.727,57945400,0.726,63473200,0.725,50025500,0.724,23846500,0.729,15610600,0.730,67021600,0.731,42776700,0.732,28638300,0.733,25468100
sh513130,09:31:17,1765330281182,09:32:20,1765330280700,0.729,0.7282,0.1099,5537.32,0.9072,2.093,0,0,0.729,0.999,0.728,62380000,0.727,57945400,0.726,63473200,0.725,50025500,0.724,23846500,0.729,15610600,0.730,67021600,0.731,42776700,0.732,28638300,0.733,25468100
sh513130,09:31:17,1765330282181,09:32:20,1765330280700,0.729,0.7282,0.1099,5537.32,0.9072,1.9778,0,0,0.729,0.999,0.728,62380000,0.727,57945400,0.726,63473200,0.725,50025500,0.724,23846500,0.729,15610600,0.730,67021600,0.731,42776700,0.732,28638300,0.733,25468100
sh513130,09:31:20,1765330283188,09:32:22,1765330282838,0.729,0.7289,0.0137,5536.87,0.9072,1.013,1239700,903046,0.7284,1.007,0.728,64765800,0.727,58033300,0.726,63447200,0.725,50143200,0.724,23846500,0.729,16311500,0.730,66834100,0.731,42725200,0.732,28638300,0.733,24468100
sh513130,09:31:20,1765330284183,09:32:22,1765330282838,0.729,0.7289,0.0137,5536.87,0.9072,0.764,0,0,0.729,0.995,0.728,64765800,0.727,58033300,0.726,63447200,0.725,50143200,0.724,23846500,0.729,16311500,0.730,66834100,0.731,42725200,0.732,28638300,0.733,24468100
sh513130,09:31:20,1765330285198,09:32:24,1765330284986,0.729,0.7289,0.0137,5536.21,0.9072,2.0282,0,0,0.729,1.015,0.728,64765800,0.727,58033300,0.726,63447200,0.725,50143200,0.724,23846500,0.729,16311500,0.730,66834100,0.731,42725200,0.732,28638300,0.733,24468100
sh513130,09:31:23,1765330286179,09:32:24,1765330284986,0.729,0.7289,0.0137,5536.21,0.9072,6.5609,129800,94581,0.7287,0.981,0.728,65969800,0.727,46039400,0.726,62574300,0.725,63158300,0.724,23896500,0.729,41919200,0.730,58042500,0.731,30715800,0.732,21673000,0.733,24468100
sh513130,09:31:23,1765330287193,09:32:26,1765330287140,0.729,0.7289,0.0137,5536.53,0.9072,7.418,0,0,0.729,1.014,0.728,65969800,0.727,46039400,0.726,62574300,0.725,63158300,0.724,23896500,0.729,41919200,0.730,58042500,0.731,30715800,0.732,21673000,0.733,24468100
sh513130,09:31:23,1765330288182,09:32:26,1765330287140,0.729,0.7289,0.0137,5536.53,0.9072,5.8022,0,0,0.729,0.989,0.728,65969800,0.727,46039400,0.726,62574300,0.725,63158300,0.724,23896500,0.729,41919200,0.730,58042500,0.731,30715800,0.732,21673000,0.733,24468100
sh513130,09:31:26,1765330289188,09:32:28,1765330288465,0.728,0.7289,-0.1235,5537.45,0.9072,7.5487,339400,247320,0.7287,1.005,0.728,67340400,0.727,58109800,0.726,63638000,0.725,51401500,0.724,23896500,0.729,14574300,0.730,65935100,0.731,42577900,0.732,28675000,0.733,24458800
sh513130,09:31:26,1765330290198,09:32:28,1765330289298,0.728,0.7289,-0.1235,5537.45,0.9072,5.5067,0,0,0.728,1.01,0.728,67340400,0.727,58109800,0.726,63638000,0.725,51401500,0.724,23896500,0.729,14574300,0.730,65935100,0.731,42577900,0.732,28675000,0.733,24458800
sh513130,09:31:26,1765330291200,09:32:30,1765330290479,0.728,0.7289,-0.1235,5537.1,0.9072,3.4827,0,0,0.728,1.002,0.728,67340400,0.727,58109800,0.726,63638000,0.725,51401500,0.724,23896500,0.729,14574300,0.730,65935100,0.731,42577900,0.732,28675000,0.733,24458800
sh513130,09:31:29,1765330292200,09:32:30,1765330291455,0.728,0.7289,-0.1235,5537.1,0.9072,3.0532,451800,329119,0.7285,1.0,0.728,75660200,0.727,58173000,0.726,63655000,0.725,44120200,0.724,23906500,0.729,10557600,0.730,66333200,0.731,42580300,0.732,28625000,0.733,24528600
sh513130,09:31:29,1765330293199,09:32:32,1765330292504,0.728,0.7289,-0.1235,5537.73,0.9072,3.051,0,0,0.728,0.999,0.728,75660200,0.727,58173000,0.726,63655000,0.725,44120200,0.724,23906500,0.729,10557600,0.730,66333200,0.731,42580300,0.732,28625000,0.733,24528600
sh513130,09:31:32,1765330294200,09:32:32,1765330293620,0.729,0.7282,0.1099,5537.73,0.9072,3.3952,776700,566014,0.7287,1.001,0.728,76632200,0.727,59273900,0.726,63675700,0.725,44280200,0.724,23930000,0.729,10550100,0.730,65868300,0.731,42630300,0.732,29313300,0.733,24528600
sh513130,09:31:32,1765330295196,09:32:34,1765330294470,0.729,0.7282,0.1099,5538.45,0.9072,2.843,0,0,0.729,0.996,0.728,76632200,0.727,59273900,0.726,63675700,0.725,44280200,0.724,23930000,0.729,10550100,0.730,65868300,0.731,42630300,0.732,29313300,0.733,24528600
sh513130,09:31:32,1765330296197,09:32:34,1765330295762,0.729,0.7282,0.1099,5538.45,0.9072,1.9512,0,0,0.729,1.002,0.728,76632200,0.727,59273900,0.726,63675700,0.725,44280200,0.724,23930000,0.729,10550100,0.730,65868300,0.731,42630300,0.732,29313300,0.733,24528600
sh513130,09:31:35,1765330297197,09:32:36,1765330296516,0.729,0.7289,0.0137,5538.18,0.9072,1.9677,1881600,1370100,0.7282,0.999,0.728,79101800,0.727,60304100,0.726,63687500,0.725,43332200,0.724,23930000,0.729,10825100,0.730,65978300,0.731,41580300,0.732,29262500,0.733,24510400
sh513130,09:31:35,1765330298215,09:32:36,1765330297905,0.729,0.7289,0.0137,5538.18,0.9072,1.9072,0,0,0.729,1.019,0.728,79101800,0.727,60304100,0.726,63687500,0.725,43332200,0.724,23930000,0.729,10825100,0.730,65978300,0.731,41580300,0.732,29262500,0.733,24510400
sh513130,09:31:35,1765330299214,09:32:38,1765330298521,0.729,0.7289,0.0137,5538.8,0.9072,1.7546,0,0,0.729,0.998,0.728,79101800,0.727,60304100,0.726,63687500,0.725,43332200,0.724,23930000,0.729,10825100,0.730,65978300,0.731,41580300,0.732,29262500,0.733,24510400
sh513130,09:31:35,1765330300212,09:32:38,1765330300057,0.729,0.7289,0.0137,5538.8,0.9072,2.8075,0,0,0.729,0.998,0.728,79101800,0.727,60304100,0.726,63687500,0.725,43332200,0.724,23930000,0.729,10825100,0.730,65978300,0.731,41580300,0.732,29262500,0.733,24510400
sh513130,09:31:38,1765330301240,09:32:40,1765330300468,0.728,0.7289,-0.1235,5536.7,0.9072,2.963,1186400,864823,0.7289,1.029,0.728,81119400,0.727,58685400,0.726,63789500,0.725,44362700,0.724,23930000,0.729,12418900,0.730,51708300,0.731,42860200,0.732,29283500,0.733,24510400
sh513130,09:31:38,1765330302217,09:32:40,1765330302215,0.728,0.7289,-0.1235,5536.7,0.9072,2.823,0,0,0.728,0.977,0.728,81119400,0.727,58685400,0.726,63789500,0.725,44362700,0.724,23930000,0.729,12418900,0.730,51708300,0.731,42860200,0.732,29283500,0.733,24510400
sh513130,09:31:41,1765330303204,09:32:42,1765330302601,0.728,0.7296,-0.2193,5536.86,0.9072,3.7382,1663300,1212502,0.729,0.987,0.728,76066000,0.727,58705400,0.726,63820500,0.725,51785000,0.724,23937000,0.729,13735300,0.730,51739800,0.731,42677500,0.732,29110700,0.733,22530600
sh513130,09:31:41,1765330304211,09:32:42,1765330302601,0.728,0.7296,-0.2193,5536.86,0.9072,2.9829,0,0,0.728,1.007,0.728,76066000,0.727,58705400,0.726,63820500,0.725,51785000,0.724,23937000,0.729,13735300,0.730,51739800,0.731,42677500,0.732,29110700,0.733,22530600
sh513130,09:31:41,1765330305220,09:32:44,1765330304482,0.728,0.7296,-0.2193,5535.99,0.9072,3.0518,0,0,0.728,1.009,0.728,76066000,0.727,58705400,0.726,63820500,0.725,51785000,0.724,23937000,0.729,13735300,0.730,51739800,0.731,42677500,0.732,29110700,0.733,22530600
sh513130,09:31:41,1765330306231,09:32:44,1765330304482,0.728,0.7296,-0.2193,5535.99,0.9072,2.6653,0,0,0.728,1.011,0.728,76066000,0.727,58705400,0.726,63820500,0.725,51785000,0.724,23937000,0.729,13735300,0.730,51739800,0.731,42677500,0.732,29110700,0.733,22530600
sh513130,09:31:44,1765330307256,09:32:46,1765330306512,0.728,0.7296,-0.2193,5534.68,0.9072,1.9219,1126200,820669,0.7287,1.025,0.728,76334700,0.727,48694200,0.726,63983100,0.725,67034600,0.724,23987000,0.729,43048200,0.730,43180900,0.731,30709900,0.732,22110700,0.733,22547900
sh513130,09:31:44,1765330308218,09:32:46,1765330306512,0.728,0.7296,-0.2193,5534.68,0.9072,1.7228,0,0,0.728,0.961,0.728,76334700,0.727,48694200,0.726,63983100,0.725,67034600,0.724,23987000,0.729,43048200,0.730,43180900,0.731,30709900,0.732,22110700,0.733,22547900
sh513130,09:31:47,1765330309234,09:32:48,1765330308664,0.728,0.7289,-0.1235,5534.39,0.9072,3.9951,221900,161607,0.7283,1.016,0.728,76336400,0.727,49629800,0.726,63071100,0.725,67040800,0.724,24013300,0.729,43764100,0.730,45042100,0.731,30709900,0.732,22167200,0.733,22547900
sh513130,09:31:47,1765330310235,09:32:48,1765330308664,0.728,0.7289,-0.1235,5534.39,0.9072,3.4267,0,0,0.728,1.001,0.728,76336400,0.727,49629800,0.726,63071100,0.725,67040800,0.724,24013300,0.729,43764100,0.730,45042100,0.731,30709900,0.732,22167200,0.733,22547900
sh513130,09:31:47,1765330311217,09:32:50,1765330310814,0.728,0.7289,-0.1235,5532.49,0.9072,3.3286,0,0,0.728,0.982,0.728,76336400,0.727,49629800,0.726,63071100,0.725,67040800,0.724,24013300,0.729,43764100,0.730,45042100,0.731,30709900,0.732,22167200,0.733,22547900
sh513130,09:31:50,1765330312232,09:32:50,1765330310814,0.728,0.7282,-0.0275,5532.49,0.9072,3.0929,58100,42305,0.7281,1.015,0.728,39699400,0.727,58769800,0.726,63108900,0.725,77058800,0.724,27043000,0.729,48643600,0.730,45112100,0.731,28374100,0.732,17102300,0.733,21551000
sh513130,09:31:50,1765330313234,09:32:52,1765330312962,0.728,0.7282,-0.0275,5531.99,0.9072,3.1187,0,0,0.728,1.002,0.728,39699400,0.727,58769800,0.726,63108900,0.725,77058800,0.724,27043000,0.729,48643600,0.730,45112100,0.731,28374100,0.732,17102300,0.733,21551000
sh513130,09:31:50,1765330314232,09:32:52,1765330312962,0.728,0.7282,-0.0275,5531.99,0.9072,3.6869,0,0,0.728,0.998,0.728,39699400,0.727,58769800,0.726,63108900,0.725,77058800,0.724,27043000,0.729,48643600,0.730,45112100,0.731,28374100,0.732,17102300,0.733,21551000
sh513130,09:31:53,1765330315249,09:32:54,1765330315116,0.729,0.7282,0.1099,5532.31,0.9072,4.07,482000,351069,0.7284,1.017,0.728,39495700,0.727,59705100,0.726,64144000,0.725,77083300,0.724,27065000,0.729,51654000,0.730,45162100,0.731,28374100,0.732,17138300,0.733,21743800
sh513130,09:31:53,1765330316247,09:32:54,1765330315116,0.729,0.7282,0.1099,5532.31,0.9072,6.1689,0,0,0.729,0.998,0.728,39495700,0.727,59705100,0.726,64144000,0.725,77083300,0.724,27065000,0.729,51654000,0.730,45162100,0.731,28374100,0.732,17138300,0.733,21743800
sh513130,09:31:53,1765330317250,09:32:56,1765330316461,0.729,0.7282,0.1099,5531.83,0.9072,4.9671,0,0,0.729,1.003,0.728,39495700,0.727,59705100,0.726,64144000,0.725,77083300,0.724,27065000,0.729,51654000,0.730,45162100,0.731,28374100,0.732,17138300,0.733,21743800
sh513130,09:31:56,1765330318232,09:32:56,1765330317265,0.729,0.7282,0.1099,5531.83,0.9072,3.8564,300600,218917,0.7283,0.982,0.728,39545000,0.727,60805200,0.726,64194500,0.725,77083400,0.724,27065000,0.729,56153100,0.730,45342100,0.731,28409600,0.732,17138300,0.733,21745800
sh513130,09:31:56,1765330319238,09:32:58,1765330318498,0.729,0.7282,0.1099,5531.45,0.9072,3.3619,0,0,0.729,1.006,0.728,39545000,0.727,60805200,0.726,64194500,0.725,77083400,0.724,27065000,0.729,56153100,0.730,45342100,0.731,28409600,0.732,17138300,0.733,21745800
sh513130,09:31:56,1765330320232,09:32:58,1765330319419,0.729,0.7282,0.1099,5531.45,0.9072,3.8653,0,0,0.729,0.994,0.728,39545000,0.727,60805200,0.726,64194500,0.725,77083400,0.724,27065000,0.729,56153100,0.730,45342100,0.731,28409600,0.732,17138300,0.733,21745800
sh513130,09:31:56,1765330321240,09:33:00,1765330320448,0.729,0.7282,0.1099,5531.61,0.9072,3.9219,0,0,0.729,1.007,0.728,39545000,0.727,60805200,0.726,64194500,0.725,77083400,0.724,27065000,0.729,56153100,0.730,45342100,0.731,28409600,0.732,17138300,0.733,21745800
sh513130,09:31:56,1765330322233,09:33:00,1765330321579,0.729,0.7282,0.1099,5531.61,0.9072,3.7596,0,0,0.729,0.993,0.728,39545000,0.727,60805200,0.726,64194500,0.725,77083400,0.724,27065000,0.729,56153100,0.730,45342100,0.731,28409600,0.732,17138300,0.733,21745800
sh513130,09:31:59,1765330323239,09:33:02,1765330322516,0.728,0.7282,-0.0275,5528.95,0.9072,6.0239,1508300,1098052,0.728,1.006,0.728,35437200,0.727,61794100,0.726,64279500,0.725,77222600,0.724,27070000,0.729,57471500,0.730,45256700,0.731,28409700,0.732,17114900,0.733,21745800
sh513130,09:31:59,1765330324238,09:33:02,1765330323889,0.728,0.7282,-0.0275,5528.95,0.9072,5.9209,0,0,0.728,0.999,0.728,35437200,0.727,61794100,0.726,64279500,0.725,77222600,0.724,27070000,0.729,57471500,0.730,45256700,0.731,28409700,0.732,17114900,0.733,21745800
sh513130,09:32:02,1765330325239,09:33:04,1765330324450,0.728,0.7282,-0.0275,5528.53,0.9072,5.6948,30698300,22348392,0.728,1.001,0.727,61885900,0.726,64629500,0.725,77242700,0.724,28502600,0.723,25098900,0.728,35828300,0.729,44684200,0.730,44276500,0.731,25406600,0.732,17014900
sh513130,09:32:02,1765330326254,09:33:04,1765330325881,0.728,0.7282,-0.0275,5528.53,0.9072,5.6296,0,0,0.728,1.015,0.727,61885900,0.726,64629500,0.725,77242700,0.724,28502600,0.723,25098900,0.728,35828300,0.729,44684200,0.730,44276500,0.731,25406600,0.732,17014900
sh513130,09:32:02,1765330327254,09:33:06,1765330326484,0.728,0.7282,-0.0275,5529.02,0.9072,5.3922,0,0,0.728,1.0,0.727,61885900,0.726,64629500,0.725,77242700,0.724,28502600,0.723,25098900,0.728,35828300,0.729,44684200,0.730,44276500,0.731,25406600,0.732,17014900
sh513130,09:32:05,1765330328254,09:33:06,1765330328024,0.728,0.7276,0.055,5529.02,0.9072,5.5047,2269500,1652190,0.728,0.999,0.727,58794200,0.726,64712900,0.725,77335100,0.724,35072900,0.723,25107900,0.728,35111900,0.729,52182500,0.730,45309000,0.731,25779600,0.732,16970400
sh513130,09:32:05,1765330329261,09:33:08,1765330328473,0.728,0.7276,0.055,5528.73,0.9072,4.7016,0,0,0.728,1.007,0.727,58794200,0.726,64712900,0.725,77335100,0.724,35072900,0.723,25107900,0.728,35111900,0.729,52182500,0.730,45309000,0.731,25779600,0.732,16970400
sh513130,09:32:05,1765330330265,09:33:08,1765330330178,0.728,0.7276,0.055,5528.73,0.9072,5.4004,0,0,0.728,1.004,0.727,58794200,0.726,64712900,0.725,77335100,0.724,35072900,0.723,25107900,0.728,35111900,0.729,52182500,0.730,45309000,0.731,25779600,0.732,16970400
sh513130,09:32:08,1765330331253,09:33:10,1765330330510,0.728,0.7276,0.055,5529.33,0.9072,5.5036,2379500,1732091,0.7279,0.988,0.727,59584000,0.726,63742900,0.725,77379700,0.724,35072900,0.723,24538100,0.728,36264100,0.729,52225900,0.730,45397200,0.731,25779600,0.732,16870400
sh513130,09:32:08,1765330332252,09:33:10,1765330330510,0.728,0.7276,0.055,5529.33,0.9072,4.9637,0,0,0.728,0.999,0.727,59584000,0.726,63742900,0.725,77379700,0.724,35072900,0.723,24538100,0.728,36264100,0.729,52225900,0.730,45397200,0.731,25779600,0.732,16870400
sh513130,09:32:11,1765330333266,09:33:12,1765330332488,0.728,0.7276,0.055,5528.86,0.9072,4.7558,325400,236805,0.7277,1.014,0.727,60140800,0.726,63745400,0.725,77386900,0.724,35066100,0.723,24543100,0.728,38613900,0.729,52397800,0.730,45282900,0.731,25822900,0.732,16870400
sh513130,09:32:11,1765330334257,09:33:12,1765330332488,0.728,0.7276,0.055,5528.86,0.9072,4.3191,0,0,0.728,0.991,0.727,60140800,0.726,63745400,0.725,77386900,0.724,35066100,0.723,24543100,0.728,38613900,0.729,52397800,0.730,45282900,0.731,25822900,0.732,16870400
sh513130,09:32:11,1765330335257,09:33:14,1765330334464,0.728,0.7276,0.055,5528.2,0.9072,4.5723,0,0,0.728,1.0,0.727,60140800,0.726,63745400,0.725,77386900,0.724,35066100,0.723,24543100,0.728,38613900,0.729,52397800,0.730,45282900,0.731,25822900,0.732,16870400
sh513130,09:32:11,1765330336280,09:33:14,1765330334464,0.728,0.7276,0.055,5528.2,0.9072,4.7933,0,0,0.728,1.022,0.727,60140800,0.726,63745400,0.725,77386900,0.724,35066100,0.723,24543100,0.728,38613900,0.729,52397800,0.730,45282900,0.731,25822900,0.732,16870400
sh513130,09:32:14,1765330337266,09:33:16,1765330336627,0.728,0.7276,0.055,5526.96,0.9072,4.2711,361200,262904,0.7279,0.986,0.727,52675300,0.726,51847200,0.725,76526900,0.724,47083700,0.723,24593200,0.728,70894100,0.729,44769900,0.730,33254200,0.731,15167100,0.732,16870400
sh513130,09:32:14,1765330338274,09:33:16,1765330336627,0.728,0.7276,0.055,5526.96,0.9072,4.1855,0,0,0.728,1.008,0.727,52675300,0.726,51847200,0.725,76526900,0.724,47083700,0.723,24593200,0.728,70894100,0.729,44769900,0.730,33254200,0.731,15167100,0.732,16870400
sh513130,09:32:14,1765330339283,09:33:18,1765330338779,0.728,0.7276,0.055,5527.36,0.9072,6.6583,0,0,0.728,1.009,0.727,52675300,0.726,51847200,0.725,76526900,0.724,47083700,0.723,24593200,0.728,70894100,0.729,44769900,0.730,33254200,0.731,15167100,0.732,16870400
sh513130,09:32:17,1765330340289,09:33:18,1765330338779,0.727,0.7276,-0.0825,5527.36,0.9072,5.6242,237400,172786,0.7278,1.006,0.727,53309400,0.726,51854200,0.725,77718200,0.724,47096700,0.723,24598200,0.728,71261000,0.729,46820800,0.730,34244200,0.731,20284100,0.732,16863400
sh513130,09:32:17,1765330341272,09:33:20,1765330340933,0.727,0.7276,-0.0825,5527.45,0.9072,4.4148,0,0,0.727,0.983,0.727,53309400,0.726,51854200,0.725,77718200,0.724,47096700,0.723,24598200,0.728,71261000,0.729,46820800,0.730,34244200,0.731,20284100,0.732,16863400
sh513130,09:32:20,1765330342281,09:33:20,1765330340933,0.728,0.727,0.1376,5527.45,0.9072,3.8044,1600800,1165056,0.7278,1.009,0.727,53726400,0.726,52280100,0.725,78066500,0.724,41384100,0.723,24609800,0.728,38976000,0.729,55758900,0.730,35433500,0.731,27733900,0.732,16863400
sh513130,09:32:20,1765330343274,09:33:22,1765330343089,0.728,0.727,0.1376,5527.45,0.9072,2.813,0,0,0.728,0.992,0.727,53726400,0.726,52280100,0.725,78066500,0.724,41384100,0.723,24609800,0.728,38976000,0.729,55758900,0.730,35433500,0.731,27733900,0.732,16863400
sh513130,09:32:20,1765330344280,09:33:22,1765330343089,0.728,0.727,0.1376,5527.45,0.9072,5.2893,0,0,0.728,1.006,0.727,53726400,0.726,52280100,0.725,78066500,0.724,41384100,0.723,24609800,0.728,38976000,0.729,55758900,0.730,35433500,0.731,27733900,0.732,16863400
sh513130,09:32:20,1765330345273,09:33:24,1765330345231,0.728,0.727,0.1376,5527.59,0.9072,4.5884,0,0,0.728,0.993,0.727,53726400,0.726,52280100,0.725,78066500,0.724,41384100,0.723,24609800,0.728,38976000,0.729,55758900,0.730,35433500,0.731,27733900,0.732,16863400
sh513130,09:32:20,1765330346274,09:33:24,1765330345231,0.728,0.727,0.1376,5527.59,0.9072,3.6338,0,0,0.728,1.001,0.727,53726400,0.726,52280100,0.725,78066500,0.724,41384100,0.723,24609800,0.728,38976000,0.729,55758900,0.730,35433500,0.731,27733900,0.732,16863400
sh513130,09:32:23,1765330347273,09:33:26,1765330346491,0.727,0.727,0.0,5527.46,0.9072,3.1763,385300,280367,0.7277,1.0,0.727,57046400,0.726,64431400,0.725,78208300,0.724,35487200,0.723,24807700,0.728,38983900,0.729,56331800,0.730,47461100,0.731,27257900,0.732,16864200
sh513130,09:32:23,1765330348298,09:33:26,1765330347388,0.727,0.727,0.0,5527.46,0.9072,3.4349,0,0,0.727,1.025,0.727,57046400,0.726,64431400,0.725,78208300,0.724,35487200,0.723,24807700,0.728,38983900,0.729,56331800,0.730,47461100,0.731,27257900,0.732,16864200
sh513130,09:32:26,1765330349298,09:33:28,1765330348449,0.727,0.727,0.0,5528.42,0.9072,2.8908,1789000,1301958,0.7278,0.999,0.727,58196000,0.726,64774700,0.725,78004200,0.724,35604500,0.723,25245900,0.728,38502800,0.729,56784900,0.730,47452200,0.731,27498000,0.732,16865200
sh513130,09:32:26,1765330350291,09:33:28,1765330349534,0.727,0.727,0.0,5528.42,0.9072,2.0077,0,0,0.727,0.994,0.727,58196000,0.726,64774700,0.725,78004200,0.724,35604500,0.723,25245900,0.728,38502800,0.729,56784900,0.730,47452200,0.731,27498000,0.732,16865200
sh513130,09:32:29,1765330351282,09:33:30,1765330350456,0.728,0.727,0.1376,5528.49,0.9072,3.6958,700700,509455,0.7271,0.99,0.727,60032300,0.726,65001500,0.725,78032000,0.724,35704500,0.723,24824700,0.728,40111000,0.729,55523100,0.730,47737500,0.731,27498000,0.732,16915200
sh513130,09:32:29,1765330352297,09:33:30,1765330351687,0.728,0.727,0.1376,5528.49,0.9072,3.5271,0,0,0.728,1.015,0.727,60032300,0.726,65001500,0.725,78032000,0.724,35704500,0.723,24824700,0.728,40111000,0.729,55523100,0.730,47737500,0.731,27498000,0.732,16915200
sh513130,09:32:29,1765330353298,09:33:32,1765330352519,0.728,0.727,0.1376,5527.94,0.9072,5.6628,0,0,0.728,1.001,0.727,60032300,0.726,65001500,0.725,78032000,0.724,35704500,0.723,24824700,0.728,40111000,0.729,55523100,0.730,47737500,0.731,27498000,0.732,16915200
sh513130,09:32:32,1765330354293,09:33:32,1765330353840,0.728,0.727,0.1376,5527.94,0.9072,4.7317,1151700,837576,0.7273,0.995,0.727,60440500,0.726,53016900,0.725,77503900,0.724,47917300,0.723,24888700,0.728,69930400,0.729,47344600,0.730,35739900,0.731,20492000,0.732,17034400
sh513130,09:32:32,1765330355310,09:33:34,1765330354480,0.728,0.727,0.1376,5527.19,0.9072,4.4447,0,0,0.728,1.017,0.727,60440500,0.726,53016900,0.725,77503900,0.724,47917300,0.723,24888700,0.728,69930400,0.729,47344600,0.730,35739900,0.731,20492000,0.732,17034400
sh513130,09:32:32,1765330356370,09:33:34,1765330355987,0.728,0.727,0.1376,5527.19,0.9072,3.6065,0,0,0.728,1.061,0.727,60440500,0.726,53016900,0.725,77503900,0.724,47917300,0.723,24888700,0.728,69930400,0.729,47344600,0.730,35739900,0.731,20492000,0.732,17034400
sh513130,09:32:32,1765330357298,09:33:36,1765330356580,0.728,0.727,0.1376,5527.71,0.9072,2.9026,0,0,0.728,0.928,0.727,60440500,0.726,53016900,0.725,77503900,0.724,47917300,0.723,24888700,0.728,69930400,0.729,47344600,0.730,35739900,0.731,20492000,0.732,17034400
sh513130,09:32:35,1765330358298,09:33:36,1765330358141,0.728,0.727,0.1376,5527.71,0.9072,2.9534,1482900,1079142,0.7277,1.0,0.727,61148000,0.726,53386300,0.725,79057600,0.724,47942300,0.723,24898700,0.728,53503800,0.729,55349200,0.730,35790700,0.731,27515600,0.732,17036400
sh513130,09:32:35,1765330359303,09:33:38,1765330358468,0.728,0.727,0.1376,5526.41,0.9072,2.2454,0,0,0.728,1.005,0.727,61148000,0.726,53386300,0.725,79057600,0.724,47942300,0.723,24898700,0.728,53503800,0.729,55349200,0.730,35790700,0.731,27515600,0.732,17036400
sh513130,09:32:38,1765330360294,09:33:38,1765330360289,0.727,0.727,0.0,5526.41,0.9072,1.6698,1400500,1018484,0.7272,0.991,0.727,61950900,0.726,53579000,0.725,79397700,0.724,47955300,0.723,24898700,0.728,73254800,0.729,46667700,0.730,35757500,0.731,17127400,0.732,17166400
sh513130,09:32:38,1765330361315,09:33:40,1765330360503,0.727,0.727,0.0,5526.27,0.9072,1.6569,0,0,0.727,1.021,0.727,61950900,0.726,53579000,0.725,79397700,0.724,47955300,0.723,24898700,0.728,73254800,0.729,46667700,0.730,35757500,0.731,17127400,0.732,17166400
sh513130,09:32:38,1765330362313,09:33:40,1765330360503,0.727,0.727,0.0,5526.27,0.9072,2.5756,0,0,0.727,0.998,0.727,61950900,0.726,53579000,0.725,79397700,0.724,47955300,0.723,24898700,0.728,73254800,0.729,46667700,0.730,35757500,0.731,17127400,0.732,17166400
sh513130,09:32:38,1765330363314,09:33:42,1765330362461,0.727,0.727,0.0,5526.21,0.9072,3.4674,0,0,0.727,1.001,0.727,61950900,0.726,53579000,0.725,79397700,0.724,47955300,0.723,24898700,0.728,73254800,0.729,46667700,0.730,35757500,0.731,17127400,0.732,17166400
sh513130,09:32:41,1765330364313,09:33:42,1765330362461,0.727,0.7277,-0.0962,5526.21,0.9072,4.2109,329100,239292,0.7271,0.999,0.727,63045700,0.726,53730400,0.725,79458000,0.724,47955400,0.723,24930200,0.728,75781500,0.729,46557500,0.730,34795900,0.731,17106000,0.732,17166400
sh513130,09:32:41,1765330365318,09:33:44,1765330364611,0.727,0.7277,-0.0962,5525.44,0.9072,4.5118,0,0,0.727,1.005,0.727,63045700,0.726,53730400,0.725,79458000,0.724,47955400,0.723,24930200,0.728,75781500,0.729,46557500,0.730,34795900,0.731,17106000,0.732,17166400
sh513130,09:32:41,1765330366316,09:33:44,1765330364611,0.727,0.7277,-0.0962,5525.44,0.9072,4.3161,0,0,0.727,0.998,0.727,63045700,0.726,53730400,0.725,79458000,0.724,47955400,0.723,24930200,0.728,75781500,0.729,46557500,0.730,34795900,0.731,17106000,0.732,17166400
sh513130,09:32:44,1765330367315,09:33:46,1765330366772,0.728,0.7277,0.0412,5524.57,0.9072,2.8505,82200,59798,0.7275,0.999,0.727,35553600,0.726,62540500,0.725,78505900,0.724,58104000,0.723,27942900,0.728,79201800,0.729,45355100,0.730,28805700,0.731,17106000,0.732,17166400
sh513130,09:32:44,1765330368331,09:33:46,1765330366772,0.728,0.7277,0.0412,5524.57,0.9072,2.4304,0,0,0.728,1.016,0.727,35553600,0.726,62540500,0.725,78505900,0.724,58104000,0.723,27942900,0.728,79201800,0.729,45355100,0.730,28805700,0.731,17106000,0.732,17166400
sh513130,09:32:44,1765330369331,09:33:48,1765330368931,0.728,0.7277,0.0412,5524.38,0.9072,2.2116,0,0,0.728,1.001,0.727,35553600,0.726,62540500,0.725,78505900,0.724,58104000,0.723,27942900,0.728,79201800,0.729,45355100,0.730,28805700,0.731,17106000,0.732,17166400
sh513130,09:32:44,1765330370313,09:33:48,1765330368931,0.728,0.7277,0.0412,5524.38,0.9072,3.0168,0,0,0.728,0.982,0.727,35553600,0.726,62540500,0.725,78505900,0.724,58104000,0.723,27942900,0.728,79201800,0.729,45355100,0.730,28805700,0.731,17106000,0.732,17166400
sh513130,09:32:47,1765330371332,09:33:50,1765330371089,0.727,0.7277,-0.0962,5524.63,0.9072,2.7391,514000,373923,0.7275,1.018,0.727,35740000,0.726,62499100,0.725,78681500,0.724,59104000,0.723,27942900,0.728,79175500,0.729,46455100,0.730,28792900,0.731,17106000,0.732,17166400
sh513130,09:32:47,1765330372318,09:33:50,1765330371089,0.727,0.7277,-0.0962,5524.63,0.9072,-0.7004,0,0,0.727,0.986,0.727,35740000,0.726,62499100,0.725,78681500,0.724,59104000,0.723,27942900,0.728,79175500,0.729,46455100,0.730,28792900,0.731,17106000,0.732,17166400
sh513130,09:32:50,1765330373318,09:33:52,1765330373247,0.727,0.727,0.0,5524.0,0.9072,-0.7471,336000,244279,0.727,1.0,0.727,34666100,0.726,63979200,0.725,78912000,0.724,59304000,0.723,28204700,0.728,80010600,0.729,46463800,0.730,28013700,0.731,17106000,0.732,17166400
sh513130,09:32:50,1765330374319,09:33:52,1765330373247,0.727,0.727,0.0,5524.0,0.9072,0.2358,0,0,0.727,1.001,0.727,34666100,0.726,63979200,0.725,78912000,0.724,59304000,0.723,28204700,0.728,80010600,0.729,46463800,0.730,28013700,0.731,17106000,0.732,17166400
sh513130,09:32:50,1765330375340,09:33:54,1765330374461,0.727,0.727,0.0,5523.59,0.9072,0.3012,0,0,0.727,1.021,0.727,34666100,0.726,63979200,0.725,78912000,0.724,59304000,0.723,28204700,0.728,80010600,0.729,46463800,0.730,28013700,0.731,17106000,0.732,17166400
sh513130,09:32:53,1765330376331,09:33:54,1765330375390,0.727,0.727,0.0,5523.59,0.9072,0.333,2219800,1613856,0.727,0.992,0.727,31971300,0.726,65406000,0.725,79609800,0.724,59304000,0.723,28214700,0.728,82150300,0.729,46428400,0.730,28163700,0.731,17106000,0.732,17161900
sh513130,09:32:53,1765330377333,09:33:56,1765330376520,0.727,0.727,0.0,5523.81,0.9072,0.989,0,0,0.727,1.001,0.727,31971300,0.726,65406000,0.725,79609800,0.724,59304000,0.723,28214700,0.728,82150300,0.729,46428400,0.730,28163700,0.731,17106000,0.732,17161900
sh513130,09:32:53,1765330378330,09:33:56,1765330377553,0.727,0.727,0.0,5523.81,0.9072,1.7918,0,0,0.727,0.998,0.727,31971300,0.726,65406000,0.725,79609800,0.724,59304000,0.723,28214700,0.728,82150300,0.729,46428400,0.730,28163700,0.731,17106000,0.732,17161900
sh513130,09:32:56,1765330379333,09:33:58,1765330378514,0.727,0.727,0.0,5521.71,0.9072,4.98,4641100,3374445,0.7271,1.002,0.727,23279500,0.726,66460300,0.725,79936900,0.724,59304000,0.723,28219700,0.728,84633100,0.729,46409400,0.730,27916700,0.731,17046200,0.732,17190100
sh513130,09:32:56,1765330380339,09:33:58,1765330379708,0.727,0.727,0.0,5521.71,0.9072,5.0142,0,0,0.727,1.006,0.727,23279500,0.726,66460300,0.725,79936900,0.724,59304000,0.723,28219700,0.728,84633100,0.729,46409400,0.730,27916700,0.731,17046200,0.732,17190100
sh513130,09:32:59,1765330381338,09:34:00,1765330380479,0.727,0.727,0.0,5522.11,0.9072,3.7173,24033100,17472064,0.727,1.0,0.726,62519400,0.725,80327200,0.724,59462600,0.723,35640500,0.722,18236800,0.727,13079300,0.728,80393700,0.729,46535100,0.730,28005300,0.731,16845700
sh513130,09:32:59,1765330382340,09:34:00,1765330381862,0.727,0.727,0.0,5522.11,0.9072,7.7661,0,0,0.727,1.001,0.726,62519400,0.725,80327200,0.724,59462600,0.723,35640500,0.722,18236800,0.727,13079300,0.728,80393700,0.729,46535100,0.730,28005300,0.731,16845700
sh513130,09:32:59,1765330383346,09:34:02,1765330382462,0.727,0.727,0.0,5521.74,0.9072,7.222,0,0,0.727,1.006,0.726,62519400,0.725,80327200,0.724,59462600,0.723,35640500,0.722,18236800,0.727,13079300,0.728,80393700,0.729,46535100,0.730,28005300,0.731,16845700
sh513130,09:33:02,1765330384338,09:34:02,1765330384018,0.728,0.7263,0.2341,5521.74,0.9072,7.0981,15336000,11149382,0.727,0.992,0.727,9870100,0.726,71004900,0.725,80509200,0.724,59512300,0.723,28327200,0.728,81948700,0.729,46454300,0.730,28005300,0.731,16845700,0.732,17179500
sh513130,09:33:02,1765330385333,09:34:04,1765330384472,0.728,0.7263,0.2341,5520.46,0.9072,6.6194,0,0,0.728,0.995,0.727,9870100,0.726,71004900,0.725,80509200,0.724,59512300,0.723,28327200,0.728,81948700,0.729,46454300,0.730,28005300,0.731,16845700,0.732,17179500
sh513130,09:33:02,1765330386352,09:34:04,1765330386170,0.728,0.7263,0.2341,5520.46,0.9072,5.8275,0,0,0.728,1.019,0.727,9870100,0.726,71004900,0.725,80509200,0.724,59512300,0.723,28327200,0.728,81948700,0.729,46454300,0.730,28005300,0.731,16845700,0.732,17179500
sh513130,09:33:05,1765330387363,09:34:06,1765330386530,0.727,0.727,0.0,5521.19,0.9072,6.3788,14513200,10551105,0.727,1.011,0.726,72324200,0.725,80499100,0.724,59468500,0.723,28342400,0.722,18263600,0.727,2567900,0.728,71881700,0.729,46467000,0.730,27484900,0.731,16848900
sh513130,09:33:05,1765330388353,09:34:06,1765330388321,0.727,0.727,0.0,5521.19,0.9072,5.9761,0,0,0.727,0.99,0.726,72324200,0.725,80499100,0.724,59468500,0.723,28342400,0.722,18263600,0.727,2567900,0.728,71881700,0.729,46467000,0.730,27484900,0.731,16848900
sh513130,09:33:05,1765330389356,09:34:08,1765330388512,0.727,0.727,0.0,5521.88,0.9072,7.5241,0,0,0.727,1.004,0.726,72324200,0.725,80499100,0.724,59468500,0.723,28342400,0.722,18263600,0.727,2567900,0.728,71881700,0.729,46467000,0.730,27484900,0.731,16848900
sh513130,09:33:08,1765330390353,09:34:08,1765330388512,0.727,0.727,0.0,5521.88,0.9072,7.1957,204000,148308,0.727,0.997,0.726,70227200,0.725,80998400,0.724,59532100,0.723,31343500,0.722,18292300,0.727,6574300,0.728,71979600,0.729,46776800,0.730,27485000,0.731,16408900
sh513130,09:33:08,1765330391360,09:34:10,1765330390555,0.727,0.727,0.0,5521.45,0.9072,6.7397,0,0,0.727,1.006,0.726,70227200,0.725,80998400,0.724,59532100,0.723,31343500,0.722,18292300,0.727,6574300,0.728,71979600,0.729,46776800,0.730,27485000,0.731,16408900
sh513130,09:33:08,1765330392358,09:34:10,1765330390555,0.727,0.727,0.0,5521.45,0.9072,5.8002,0,0,0.727,0.998,0.726,70227200,0.725,80998400,0.724,59532100,0.723,31343500,0.722,18292300,0.727,6574300,0.728,71979600,0.729,46776800,0.730,27485000,0.731,16408900
sh513130,09:33:08,1765330393358,09:34:12,1765330392712,0.727,0.727,0.0,5521.76,0.9072,7.5499,0,0,0.727,1.0,0.726,70227200,0.725,80998400,0.724,59532100,0.723,31343500,0.722,18292300,0.727,6574300,0.728,71979600,0.729,46776800,0.730,27485000,0.731,16408900
sh513130,09:33:11,1765330394357,09:34:12,1765330392712,0.727,0.727,0.0,5521.76,0.9072,7.714,6725300,4889110,0.727,1.0,0.726,71060300,0.725,81165600,0.724,59590800,0.723,31345500,0.722,19582500,0.727,384200,0.728,72198200,0.729,46793500,0.730,27588000,0.731,16408900
sh513130,09:33:11,1765330395356,09:34:14,1765330394804,0.727,0.727,0.0,5520.35,0.9072,6.8831,0,0,0.727,0.999,0.726,71060300,0.725,81165600,0.724,59590800,0.723,31345500,0.722,19582500,0.727,384200,0.728,72198200,0.729,46793500,0.730,27588000,0.731,16408900
sh513130,09:33:14,1765330396369,09:34:14,1765330394804,0.726,0.727,-0.1376,5520.35,0.9072,6.9558,4111500,2988519,0.7269,1.013,0.726,71677100,0.725,81202800,0.724,59590800,0.723,31852400,0.722,19619800,0.727,16051300,0.728,71268600,0.729,47139500,0.730,27588200,0.731,16907500
sh513130,09:33:14,1765330397357,09:34:16,1765330396954,0.726,0.727,-0.1376,5519.91,0.9072,5.9328,0,0,0.726,0.988,0.726,71677100,0.725,81202800,0.724,59590800,0.723,31852400,0.722,19619800,0.727,16051300,0.728,71268600,0.729,47139500,0.730,27588200,0.731,16907500
sh513130,09:33:14,1765330398426,09:34:18,1765330398407,0.726,0.727,-0.1376,5519.16,0.9072,5.8275,0,0,0.726,1.069,0.726,71677100,0.725,81202800,0.724,59590800,0.723,31852400,0.722,19619800,0.727,16051300,0.728,71268600,0.729,47139500,0.730,27588200,0.731,16907500
sh513130,09:33:17,1765330399365,09:34:18,1765330399104,0.727,0.727,0.0,5519.16,0.9072,5.4408,2174200,1580274,0.7268,0.939,0.726,68843000,0.725,69258100,0.724,59668700,0.723,36272800,0.722,19620900,0.727,27478500,0.728,69058200,0.729,34121900,0.730,27678200,0.731,17010900
sh513130,09:33:17,1765330400479,09:34:20,1765330400429,0.727,0.727,0.0,5518.53,0.9072,4.5729,0,0,0.727,1.115,0.726,68843000,0.725,69258100,0.724,59668700,0.723,36272800,0.722,19620900,0.727,27478500,0.728,69058200,0.729,34121900,0.730,27678200,0.731,17010900
sh513130,09:33:17,1765330401380,09:34:20,1765330401261,0.727,0.727,0.0,5518.53,0.9072,4.2879,0,0,0.727,0.901,0.726,68843000,0.725,69258100,0.724,59668700,0.723,36272800,0.722,19620900,0.727,27478500,0.728,69058200,0.729,34121900,0.730,27678200,0.731,17010900
sh513130,09:33:20,1765330402386,09:34:20,1765330401261,0.726,0.727,-0.1376,5518.53,0.9072,3.3258,3985600,2897123,0.7269,1.005,0.726,70070200,0.725,81515800,0.724,59830000,0.723,36313300,0.722,19814900,0.727,15004900,0.728,67788200,0.729,46032800,0.730,27678200,0.731,17040900
sh513130,09:33:20,1765330403397,09:34:22,1765330402458,0.726,0.727,-0.1376,5519.9,0.9072,5.3685,0,0,0.726,1.011,0.726,70070200,0.725,81515800,0.724,59830000,0.723,36313300,0.722,19814900,0.727,15004900,0.728,67788200,0.729,46032800,0.730,27678200,0.731,17040900
sh513130,09:33:20,1765330404422,09:34:24,1765330404404,0.726,0.727,-0.1376,5519.71,0.9072,4.6259,0,0,0.726,1.026,0.726,70070200,0.725,81515800,0.724,59830000,0.723,36313300,0.722,19814900,0.727,15004900,0.728,67788200,0.729,46032800,0.730,27678200,0.731,17040900
sh513130,09:33:20,1765330405380,09:34:24,1765330404460,0.726,0.727,-0.1376,5519.71,0.9072,3.4895,0,0,0.726,0.958,0.726,70070200,0.725,81515800,0.724,59830000,0.723,36313300,0.722,19814900,0.727,15004900,0.728,67788200,0.729,46032800,0.730,27678200,0.731,17040900
sh513130,09:33:23,1765330406386,09:34:24,1765330405560,0.727,0.727,0.0,5519.71,0.9072,3.0231,4446000,3231123,0.7267,1.005,0.726,70088900,0.725,69620500,0.724,59386300,0.723,48296900,0.722,21650500,0.727,22227200,0.728,68104000,0.729,34665200,0.730,27367800,0.731,17925200
sh513130,09:33:23,1765330407430,09:34:26,1765330406460,0.727,0.727,0.0,5519.5,0.9072,5.1826,0,0,0.727,1.045,0.726,70088900,0.725,69620500,0.724,59386300,0.723,48296900,0.722,21650500,0.727,22227200,0.728,68104000,0.729,34665200,0.730,27367800,0.731,17925200
sh513130,09:33:23,1765330408379,09:34:26,1765330407713,0.727,0.727,0.0,5519.5,0.9072,4.8797,0,0,0.727,0.949,0.726,70088900,0.725,69620500,0.724,59386300,0.723,48296900,0.722,21650500,0.727,22227200,0.728,68104000,0.729,34665200,0.730,27367800,0.731,17925200
sh513130,09:33:26,1765330409372,09:34:28,1765330408477,0.726,0.7263,-0.0413,5518.17,0.9072,3.921,558000,405389,0.7265,0.993,0.726,59509500,0.725,70018800,0.724,58624300,0.723,48339900,0.722,21653300,0.727,44368500,0.728,59470200,0.729,34665200,0.730,17373800,0.731,18010200
sh513130,09:33:26,1765330410380,09:34:28,1765330409865,0.726,0.7263,-0.0413,5518.17,0.9072,4.552,0,0,0.726,1.008,0.726,59509500,0.725,70018800,0.724,58624300,0.723,48339900,0.722,21653300,0.727,44368500,0.728,59470200,0.729,34665200,0.730,17373800,0.731,18010200
sh513130,09:33:29,1765330411400,09:34:30,1765330410433,0.726,0.7263,-0.0413,5518.49,0.9072,3.0109,211900,153977,0.7266,1.021,0.726,61829200,0.725,70331000,0.724,60203600,0.723,48363900,0.722,22418100,0.727,48266500,0.728,59893400,0.729,34145200,0.730,17774300,0.731,18020200
sh513130,09:33:29,1765330412396,09:34:30,1765330412012,0.726,0.7263,-0.0413,5518.49,0.9072,2.9078,0,0,0.726,0.996,0.726,61829200,0.725,70331000,0.724,60203600,0.723,48363900,0.722,22418100,0.727,48266500,0.728,59893400,0.729,34145200,0.730,17774300,0.731,18020200
sh513130,09:33:29,1765330413400,09:34:32,1765330412499,0.726,0.7263,-0.0413,5518.41,0.9072,2.4228,0,0,0.726,1.004,0.726,61829200,0.725,70331000,0.724,60203600,0.723,48363900,0.722,22418100,0.727,48266500,0.728,59893400,0.729,34145200,0.730,17774300,0.731,18020200
sh513130,09:33:32,1765330414389,09:34:32,1765330414164,0.727,0.7264,0.0826,5518.41,0.9072,3.4273,95800,69587,0.7264,0.989,0.726,60541700,0.725,70749500,0.724,60222400,0.723,48837400,0.722,22909300,0.727,49005200,0.728,59670100,0.729,34232600,0.730,17874300,0.731,18022200
sh513130,09:33:32,1765330415398,09:34:34,1765330414455,0.727,0.7264,0.0826,5516.49,0.9072,2.6654,0,0,0.727,1.009,0.726,60541700,0.725,70749500,0.724,60222400,0.723,48837400,0.722,22909300,0.727,49005200,0.728,59670100,0.729,34232600,0.730,17874300,0.731,18022200
sh513130,09:33:32,1765330416396,09:34:34,1765330416325,0.727,0.7264,0.0826,5516.49,0.9072,1.9434,0,0,0.727,0.998,0.726,60541700,0.725,70749500,0.724,60222400,0.723,48837400,0.722,22909300,0.727,49005200,0.728,59670100,0.729,34232600,0.730,17874300,0.731,18022200
sh513130,09:33:35,1765330417398,09:34:36,1765330416494,0.727,0.7257,0.1791,5515.09,0.9072,1.993,660500,479826,0.7265,1.002,0.726,41601400,0.725,80925400,0.724,60354400,0.723,58851400,0.722,22914600,0.727,53394100,0.728,59173600,0.729,26365800,0.730,17574300,0.731,17522300
sh513130,09:33:35,1765330418398,09:34:38,1765330418396,0.727,0.7257,0.1791,5515.83,0.9072,2.6578,0,0,0.727,1.0,0.726,41601400,0.725,80925400,0.724,60354400,0.723,58851400,0.722,22914600,0.727,53394100,0.728,59173600,0.729,26365800,0.730,17574300,0.731,17522300
sh513130,09:33:35,1765330419400,09:34:38,1765330418494,0.727,0.7257,0.1791,5515.83,0.9072,5.384,0,0,0.727,1.002,0.726,41601400,0.725,80925400,0.724,60354400,0.723,58851400,0.722,22914600,0.727,53394100,0.728,59173600,0.729,26365800,0.730,17574300,0.731,17522300
sh513130,09:33:38,1765330420400,09:34:40,1765330420380,0.727,0.7257,0.1791,5515.35,0.9072,4.566,62000,45047,0.7266,1.0,0.726,42680200,0.725,82437500,0.724,61423900,0.723,59961900,0.722,34939500,0.727,61255700,0.728,58565600,0.729,37837500,0.730,30071900,0.731,17293700
sh513130,09:33:38,1765330421414,09:34:40,1765330420633,0.727,0.7257,0.1791,5515.35,0.9072,3.9348,0,0,0.727,1.015,0.726,42680200,0.725,82437500,0.724,61423900,0.723,59961900,0.722,34939500,0.727,61255700,0.728,58565600,0.729,37837500,0.730,30071900,0.731,17293700
sh513130,09:33:38,1765330422399,09:34:40,1765330420633,0.727,0.7257,0.1791,5515.35,0.9072,2.5565,0,0,0.727,0.985,0.726,42680200,0.725,82437500,0.724,61423900,0.723,59961900,0.722,34939500,0.727,61255700,0.728,58565600,0.729,37837500,0.730,30071900,0.731,17293700
sh513130,09:33:38,1765330423411,09:34:42,1765330422772,0.727,0.7257,0.1791,5515.38,0.9072,2.5005,0,0,0.727,1.012,0.726,42680200,0.725,82437500,0.724,61423900,0.723,59961900,0.722,34939500,0.727,61255700,0.728,58565600,0.729,37837500,0.730,30071900,0.731,17293700
sh513130,09:33:41,1765330424418,09:34:44,1765330424403,0.727,0.7257,0.1791,5514.76,0.9072,2.2913,554100,402380,0.7262,1.007,0.726,60925500,0.725,75604300,0.724,61512600,0.723,49993900,0.722,35059800,0.727,63504200,0.728,58070000,0.729,37813800,0.730,30521900,0.731,16617500
sh513130,09:33:41,1765330425421,09:34:44,1765330424927,0.727,0.7257,0.1791,5514.76,0.9072,2.0334,0,0,0.727,1.003,0.726,60925500,0.725,75604300,0.724,61512600,0.723,49993900,0.722,35059800,0.727,63504200,0.728,58070000,0.729,37813800,0.730,30521900,0.731,16617500
sh513130,09:33:44,1765330426424,09:34:46,1765330426405,0.727,0.7257,0.1791,5514.82,0.9072,1.4875,168600,122495,0.7265,1.003,0.726,43846600,0.725,84469600,0.724,62021400,0.723,61084300,0.722,35095000,0.727,66116300,0.728,57977000,0.729,37867800,0.730,30522900,0.731,16617500
sh513130,09:33:41,1765330427412,09:34:46,1765330427095,0.727,0.7257,0.1791,5514.82,0.9072,1.4081,-168600,-122495,0.727,0.988,0.726,60925500,0.725,75604300,0.724,61512600,0.723,49993900,0.722,35059800,0.727,63504200,0.728,58070000,0.729,37813800,0.730,30521900,0.731,16617500
sh513130,09:33:44,1765330428420,09:34:48,1765330428396,0.727,0.7257,0.1791,5514.13,0.9072,1.6191,168600,122495,0.7265,1.008,0.726,43846600,0.725,84469600,0.724,62021400,0.723,61084300,0.722,35095000,0.727,66116300,0.728,57977000,0.729,37867800,0.730,30522900,0.731,16617500
sh513130,09:33:47,1765330429408,09:34:48,1765330429233,0.727,0.7264,0.0826,5514.13,0.9072,3.2451,348800,253299,0.7262,0.988,0.726,64976900,0.725,76812100,0.724,62415600,0.723,51119100,0.722,35106500,0.727,68439600,0.728,58002500,0.729,37917800,0.730,30472900,0.731,16617500
sh513130,09:33:47,1765330430417,09:34:50,1765330430406,0.727,0.7264,0.0826,5514.08,0.9072,3.6613,0,0,0.727,1.009,0.726,64976900,0.725,76812100,0.724,62415600,0.723,51119100,0.722,35106500,0.727,68439600,0.728,58002500,0.729,37917800,0.730,30472900,0.731,16617500
sh513130,09:33:47,1765330431415,09:34:50,1765330431412,0.727,0.7264,0.0826,5514.08,0.9072,3.2772,0,0,0.727,0.998,0.726,64976900,0.725,76812100,0.724,62415600,0.723,51119100,0.722,35106500,0.727,68439600,0.728,58002500,0.729,37917800,0.730,30472900,0.731,16617500
sh513130,09:33:50,1765330432428,09:34:50,1765330431412,0.727,0.7263,0.0964,5514.08,0.9072,2.7407,820100,596036,0.7268,1.013,0.726,44714200,0.725,91819300,0.724,67495600,0.723,66119100,0.722,35541600,0.727,78222500,0.728,61912500,0.729,42917800,0.730,30044300,0.731,16392400
sh513130,09:33:50,1765330433448,09:34:52,1765330432544,0.727,0.7263,0.0964,5514.36,0.9072,1.8064,0,0,0.727,1.02,0.726,44714200,0.725,91819300,0.724,67495600,0.723,66119100,0.722,35541600,0.727,78222500,0.728,61912500,0.729,42917800,0.730,30044300,0.731,16392400
sh513130,09:33:50,1765330434417,09:34:54,1765330434413,0.727,0.7263,0.0964,5514.04,0.9072,1.0962,0,0,0.727,0.969,0.726,44714200,0.725,91819300,0.724,67495600,0.723,66119100,0.722,35541600,0.727,78222500,0.728,61912500,0.729,42917800,0.730,30044300,0.731,16392400
sh513130,09:33:53,1765330435433,09:34:54,1765330434528,0.726,0.7263,-0.0413,5514.04,0.9072,1.1451,300100,218036,0.7265,1.017,0.726,45056100,0.725,93311000,0.724,78522900,0.723,78156800,0.722,47545100,0.727,80185000,0.728,61950500,0.729,42922800,0.730,30044300,0.731,16392400
sh513130,09:33:53,1765330436413,09:34:54,1765330435696,0.726,0.7263,-0.0413,5514.04,0.9072,0.8004,0,0,0.726,0.98,0.726,45056100,0.725,93311000,0.724,78522900,0.723,78156800,0.722,47545100,0.727,80185000,0.728,61950500,0.729,42922800,0.730,30044300,0.731,16392400
sh513130,09:33:53,1765330437422,09:34:56,1765330436556,0.726,0.7263,-0.0413,5513.45,0.9072,1.2605,0,0,0.726,1.008,0.726,45056100,0.725,93311000,0.724,78522900,0.723,78156800,0.722,47545100,0.727,80185000,0.728,61950500,0.729,42922800,0.730,30044300,0.731,16392400
sh513130,09:33:56,1765330438447,09:34:58,1765330438405,0.726,0.7263,-0.0413,5513.92,0.9072,1.592,4435500,3220211,0.726,1.025,0.726,40635900,0.725,94418200,0.724,78521400,0.723,78328800,0.722,47565400,0.727,81912500,0.728,62021900,0.729,42911800,0.730,30044300,0.731,16392400
sh513130,09:33:56,1765330439432,09:34:58,1765330438502,0.726,0.7263,-0.0413,5513.92,0.9072,2.3736,0,0,0.726,0.985,0.726,40635900,0.725,94418200,0.724,78521400,0.723,78328800,0.722,47565400,0.727,81912500,0.728,62021900,0.729,42911800,0.730,30044300,0.731,16392400
sh513130,09:33:56,1765330440431,09:35:00,1765330440416,0.726,0.7263,-0.0413,5513.26,0.9072,2.9498,0,0,0.726,0.999,0.726,40635900,0.725,94418200,0.724,78521400,0.723,78328800,0.722,47565400,0.727,81912500,0.728,62021900,0.729,42911800,0.730,30044300,0.731,16392400
sh513130,09:33:59,1765330441439,09:35:00,1765330440493,0.727,0.7263,0.0964,5513.26,0.9072,2.4511,1103100,801006,0.7261,1.008,0.726,41979500,0.725,95234800,0.724,78567800,0.723,78332600,0.722,47685500,0.727,83336600,0.728,61776200,0.729,42970400,0.730,29058300,0.731,16392400
sh513130,09:33:59,1765330442438,09:35:02,1765330442430,0.727,0.7263,0.0964,5513.59,0.9072,2.8652,0,0,0.727,0.999,0.726,41979500,0.725,95234800,0.724,78567800,0.723,78332600,0.722,47685500,0.727,83336600,0.728,61776200,0.729,42970400,0.730,29058300,0.731,16392400
sh513130,09:33:59,1765330443438,09:35:02,1765330442430,0.727,0.7263,0.0964,5513.59,0.9072,2.1742,0,0,0.727,1.0,0.726,41979500,0.725,95234800,0.724,78567800,0.723,78332600,0.722,47685500,0.727,83336600,0.728,61776200,0.729,42970400,0.730,29058300,0.731,16392400
sh513130,09:34:02,1765330444428,09:35:04,1765330444388,0.727,0.7257,0.1791,5513.92,0.9072,2.8552,451400,327848,0.7263,0.989,0.726,41792500,0.725,96743000,0.724,79601400,0.723,79047000,0.722,47760300,0.727,95139300,0.728,73810200,0.729,49979000,0.730,29058300,0.731,16395000
sh513130,09:34:02,1765330445433,09:35:04,1765330444509,0.727,0.7257,0.1791,5513.92,0.9072,2.5529,0,0,0.727,1.006,0.726,41792500,0.725,96743000,0.724,79601400,0.723,79047000,0.722,47760300,0.727,95139300,0.728,73810200,0.729,49979000,0.730,29058300,0.731,16395000
sh513130,09:34:02,1765330446449,09:35:06,1765330446448,0.727,0.7257,0.1791,5514.84,0.9072,1.9254,0,0,0.727,1.016,0.726,41792500,0.725,96743000,0.724,79601400,0.723,79047000,0.722,47760300,0.727,95139300,0.728,73810200,0.729,49979000,0.730,29058300,0.731,16395000
sh513130,09:34:02,1765330447440,09:35:06,1765330446486,0.727,0.7257,0.1791,5514.84,0.9072,5.1995,0,0,0.727,0.991,0.726,41792500,0.725,96743000,0.724,79601400,0.723,79047000,0.722,47760300,0.727,95139300,0.728,73810200,0.729,49979000,0.730,29058300,0.731,16395000
sh513130,09:34:05,1765330448447,09:35:08,1765330448384,0.727,0.7264,0.0826,5516.78,0.9072,4.9861,753900,547361,0.726,1.007,0.726,60150000,0.725,89818900,0.724,79648700,0.723,69631700,0.722,47814800,0.727,96628900,0.728,73710200,0.729,50916300,0.730,29195400,0.731,16395000
sh513130,09:34:05,1765330449435,09:35:08,1765330448672,0.727,0.7264,0.0826,5516.78,0.9072,8.4903,0,0,0.727,0.988,0.726,60150000,0.725,89818900,0.724,79648700,0.723,69631700,0.722,47814800,0.727,96628900,0.728,73710200,0.729,50916300,0.730,29195400,0.731,16395000
sh513130,09:34:05,1765330450438,09:35:10,1765330450404,0.727,0.7264,0.0826,5518.18,0.9072,8.6894,0,0,0.727,1.003,0.726,60150000,0.725,89818900,0.724,79648700,0.723,69631700,0.722,47814800,0.727,96628900,0.728,73710200,0.729,50916300,0.730,29195400,0.731,16395000
sh513130,09:34:08,1765330451438,09:35:10,1765330450822,0.726,0.7264,-0.0551,5518.18,0.9072,8.0666,287900,209051,0.7261,1.0,0.726,72947500,0.725,112764700,0.724,79728700,0.723,59262700,0.722,47076900,0.727,41384400,0.728,86047200,0.729,55914900,0.730,51593000,0.731,16405000
sh513130,09:34:08,1765330452437,09:35:12,1765330452393,0.726,0.7264,-0.0551,5519.74,0.9072,7.538,0,0,0.726,0.998,0.726,72947500,0.725,112764700,0.724,79728700,0.723,59262700,0.722,47076900,0.727,41384400,0.728,86047200,0.729,55914900,0.730,51593000,0.731,16405000
sh513130,09:34:11,1765330453463,09:35:12,1765330452975,0.727,0.7264,0.0826,5519.74,0.9072,7.1525,1147600,834285,0.727,1.027,0.726,77772700,0.725,112886400,0.724,79803600,0.723,56283600,0.722,47091900,0.727,37619300,0.728,86032000,0.729,56865300,0.730,51614000,0.731,16505000
sh513130,09:34:11,1765330454455,09:35:14,1765330454411,0.727,0.7264,0.0826,5520.52,0.9072,7.1748,0,0,0.727,0.992,0.726,77772700,0.725,112886400,0.724,79803600,0.723,56283600,0.722,47091900,0.727,37619300,0.728,86032000,0.729,56865300,0.730,51614000,0.731,16505000
sh513130,09:34:11,1765330455443,09:35:14,1765330455130,0.727,0.7264,0.0826,5520.52,0.9072,6.9149,0,0,0.727,0.988,0.726,77772700,0.725,112886400,0.724,79803600,0.723,56283600,0.722,47091900,0.727,37619300,0.728,86032000,0.729,56865300,0.730,51614000,0.731,16505000
sh513130,09:34:14,1765330456460,09:35:16,1765330456435,0.726,0.7264,-0.0551,5519.44,0.9072,6.0732,422400,306911,0.7266,1.017,0.726,75511100,0.725,113039200,0.724,79883000,0.723,60163600,0.722,47091900,0.727,40612300,0.728,86606400,0.729,56900800,0.730,51684300,0.731,17005000
sh513130,09:34:14,1765330457452,09:35:16,1765330457285,0.726,0.7264,-0.0551,5519.44,0.9072,5.8461,0,0,0.726,0.992,0.726,75511100,0.725,113039200,0.724,79883000,0.723,60163600,0.722,47091900,0.727,40612300,0.728,86606400,0.729,56900800,0.730,51684300,0.731,17005000
sh513130,09:34:14,1765330458478,09:35:18,1765330458448,0.726,0.7264,-0.0551,5518.54,0.9072,5.8461,0,0,0.726,1.026,0.726,75511100,0.725,113039200,0.724,79883000,0.723,60163600,0.722,47091900,0.727,40612300,0.728,86606400,0.729,56900800,0.730,51684300,0.731,17005000
sh513130,09:34:17,1765330459472,09:35:18,1765330459431,0.726,0.7264,-0.0551,5518.54,0.9072,3.6447,1232400,894856,0.7261,0.994,0.726,72559600,0.725,89171300,0.724,79007200,0.723,64642200,0.722,47175700,0.727,60198100,0.728,74958800,0.729,54911400,0.730,41684300,0.731,17005000
sh513130,09:34:17,1765330460452,09:35:20,1765330460397,0.726,0.7264,-0.0551,5518.05,0.9072,3.869,0,0,0.726,0.98,0.726,72559600,0.725,89171300,0.724,79007200,0.723,64642200,0.722,47175700,0.727,60198100,0.728,74958800,0.729,54911400,0.730,41684300,0.731,17005000
sh513130,09:34:17,1765330461462,09:35:20,1765330460484,0.726,0.7264,-0.0551,5518.05,0.9072,3.6302,0,0,0.726,1.01,0.726,72559600,0.725,89171300,0.724,79007200,0.723,64642200,0.722,47175700,0.727,60198100,0.728,74958800,0.729,54911400,0.730,41684300,0.731,17005000
sh513130,09:34:17,1765330462460,09:35:22,1765330462399,0.726,0.7264,-0.0551,5518.87,0.9072,3.642,0,0,0.726,0.999,0.726,72559600,0.725,89171300,0.724,79007200,0.723,64642200,0.722,47175700,0.727,60198100,0.728,74958800,0.729,54911400,0.730,41684300,0.731,17005000
sh513130,09:34:20,1765330463488,09:35:22,1765330462495,0.727,0.727,0.0,5518.87,0.9072,3.4976,566100,411142,0.7263,1.028,0.726,73297900,0.725,112812700,0.724,80260200,0.723,64627200,0.722,47186900,0.727,40024500,0.728,82929300,0.729,54911400,0.730,52182900,0.731,17413200
sh513130,09:34:20,1765330464482,09:35:24,1765330464398,0.727,0.727,0.0,5520.04,0.9072,3.814,0,0,0.727,0.994,0.726,73297900,0.725,112812700,0.724,80260200,0.723,64627200,0.722,47186900,0.727,40024500,0.728,82929300,0.729,54911400,0.730,52182900,0.731,17413200
sh513130,09:34:23,1765330465462,09:35:24,1765330464689,0.727,0.727,0.0,5520.04,0.9072,3.6411,844300,613471,0.7266,0.98,0.726,76831000,0.725,112782400,0.724,80330200,0.723,62623200,0.722,47196900,0.727,37865300,0.728,82829300,0.729,54891400,0.730,52192900,0.731,17413200
sh513130,09:34:23,1765330466479,09:35:26,1765330466468,0.727,0.727,0.0,5519.51,0.9072,4.8088,0,0,0.727,1.016,0.726,76831000,0.725,112782400,0.724,80330200,0.723,62623200,0.722,47196900,0.727,37865300,0.728,82829300,0.729,54891400,0.730,52192900,0.731,17413200
sh513130,09:34:23,1765330467465,09:35:26,1765330466468,0.727,0.727,0.0,5519.51,0.9072,3.5968,0,0,0.727,0.986,0.726,76831000,0.725,112782400,0.724,80330200,0.723,62623200,0.722,47196900,0.727,37865300,0.728,82829300,0.729,54891400,0.730,52192900,0.731,17413200
sh513130,09:34:26,1765330468464,09:35:28,1765330468414,0.726,0.727,-0.1376,5519.08,0.9072,2.7085,981800,713280,0.7265,0.999,0.726,74239300,0.725,113024000,0.724,80293200,0.723,64656600,0.722,47437000,0.727,35224300,0.728,82889100,0.729,54849800,0.730,52292900,0.731,17413200
sh513130,09:34:26,1765330469480,09:35:28,1765330468492,0.726,0.727,-0.1376,5519.08,0.9072,2.8099,0,0,0.726,1.016,0.726,74239300,0.725,113024000,0.724,80293200,0.723,64656600,0.722,47437000,0.727,35224300,0.728,82889100,0.729,54849800,0.730,52292900,0.731,17413200
sh513130,09:34:26,1765330470482,09:35:28,1765330470226,0.726,0.727,-0.1376,5519.08,0.9072,1.8514,0,0,0.726,1.001,0.726,74239300,0.725,113024000,0.724,80293200,0.723,64656600,0.722,47437000,0.727,35224300,0.728,82889100,0.729,54849800,0.730,52292900,0.731,17413200
sh513130,09:34:29,1765330471481,09:35:30,1765330470693,0.726,0.727,-0.1376,5518.27,0.9072,1.7608,577900,419651,0.7262,0.999,0.726,75063000,0.725,89118300,0.724,80418200,0.723,64686600,0.722,47461100,0.727,50193400,0.728,74385900,0.729,54849800,0.730,52232900,0.731,17413200
sh513130,09:34:29,1765330472482,09:35:32,1765330472445,0.726,0.727,-0.1376,5517.36,0.9072,1.8697,0,0,0.726,1.002,0.726,75063000,0.725,89118300,0.724,80418200,0.723,64686600,0.722,47461100,0.727,50193400,0.728,74385900,0.729,54849800,0.730,52232900,0.731,17413200
sh513130,09:34:29,1765330473479,09:35:32,1765330472445,0.726,0.727,-0.1376,5517.36,0.9072,1.0955,0,0,0.726,0.997,0.726,75063000,0.725,89118300,0.724,80418200,0.723,64686600,0.722,47461100,0.727,50193400,0.728,74385900,0.729,54849800,0.730,52232900,0.731,17413200
sh513130,09:34:32,1765330474479,09:35:34,1765330474432,0.726,0.727,-0.1376,5518.44,0.9072,1.1261,447000,324635,0.7263,1.0,0.726,76967500,0.725,89257100,0.724,80428800,0.723,64807500,0.722,47461100,0.727,60033500,0.728,74450800,0.729,54949800,0.730,45232900,0.731,17413200
sh513130,09:34:32,1765330475478,09:35:34,1765330474528,0.726,0.727,-0.1376,5518.44,0.9072,1.7617,0,0,0.726,0.999,0.726,76967500,0.725,89257100,0.724,80428800,0.723,64807500,0.722,47461100,0.727,60033500,0.728,74450800,0.729,54949800,0.730,45232900,0.731,17413200
sh513130,09:34:32,1765330476477,09:35:36,1765330476408,0.726,0.727,-0.1376,5518.82,0.9072,1.5198,0,0,0.726,0.999,0.726,76967500,0.725,89257100,0.724,80428800,0.723,64807500,0.722,47461100,0.727,60033500,0.728,74450800,0.729,54949800,0.730,45232900,0.731,17413200
sh513130,09:34:35,1765330477480,09:35:36,1765330476687,0.726,0.7264,-0.0551,5518.82,0.9072,1.473,773500,561826,0.7263,1.003,0.726,77445700,0.725,89374000,0.724,79475900,0.723,64840100,0.722,47527300,0.727,64961000,0.728,74865600,0.729,54949800,0.730,42232900,0.731,17413200
sh513130,09:34:35,1765330478495,09:35:38,1765330478402,0.726,0.7264,-0.0551,5518.86,0.9072,1.2271,0,0,0.726,1.016,0.726,77445700,0.725,89374000,0.724,79475900,0.723,64840100,0.722,47527300,0.727,64961000,0.728,74865600,0.729,54949800,0.730,42232900,0.731,17413200
sh513130,09:34:35,1765330479488,09:35:38,1765330478835,0.726,0.7264,-0.0551,5518.86,0.9072,1.7249,0,0,0.726,0.992,0.726,77445700,0.725,89374000,0.724,79475900,0.723,64840100,0.722,47527300,0.727,64961000,0.728,74865600,0.729,54949800,0.730,42232900,0.731,17413200
sh513130,09:34:35,1765330480479,09:35:40,1765330480405,0.726,0.7264,-0.0551,5517.68,0.9072,1.6365,0,0,0.726,0.991,0.726,77445700,0.725,89374000,0.724,79475900,0.723,64840100,0.722,47527300,0.727,64961000,0.728,74865600,0.729,54949800,0.730,42232900,0.731,17413200
sh513130,09:34:38,1765330481488,09:35:40,1765330480992,0.727,0.7264,0.0826,5517.68,0.9072,1.5528,227000,164928,0.7266,1.01,0.726,77762900,0.725,89529900,0.724,79587000,0.723,64892100,0.722,47528700,0.727,64993500,0.728,75870200,0.729,54949800,0.730,42232900,0.731,17413200
sh513130,09:34:38,1765330482494,09:35:42,1765330482449,0.727,0.7264,0.0826,5518.69,0.9072,3.4006,0,0,0.727,1.005,0.726,77762900,0.725,89529900,0.724,79587000,0.723,64892100,0.722,47528700,0.727,64993500,0.728,75870200,0.729,54949800,0.730,42232900,0.731,17413200
sh513130,09:34:41,1765330483500,09:35:42,1765330483128,0.727,0.7264,0.0826,5518.69,0.9072,3.0017,352800,256442,0.7269,1.006,0.726,71509000,0.725,89680700,0.724,79690800,0.723,66140300,0.722,47547400,0.727,67864400,0.728,75703400,0.729,54949800,0.730,42332900,0.731,17413200
sh513130,09:34:41,1765330484503,09:35:44,1765330484387,0.727,0.7264,0.0826,5517.96,0.9072,4.1166,0,0,0.727,1.003,0.726,71509000,0.725,89680700,0.724,79690800,0.723,66140300,0.722,47547400,0.727,67864400,0.728,75703400,0.729,54949800,0.730,42332900,0.731,17413200
sh513130,09:34:41,1765330485496,09:35:44,1765330485284,0.727,0.7264,0.0826,5517.96,0.9072,4.0192,0,0,0.727,0.993,0.726,71509000,0.725,89680700,0.724,79690800,0.723,66140300,0.722,47547400,0.727,67864400,0.728,75703400,0.729,54949800,0.730,42332900,0.731,17413200
sh513130,09:34:44,1765330486506,09:35:46,1765330486476,0.727,0.7264,0.0826,5517.03,0.9072,4.4868,979200,711867,0.727,1.01,0.726,72390500,0.725,90586500,0.724,82790500,0.723,66130200,0.722,47726600,0.727,70246700,0.728,75703400,0.729,54949800,0.730,42386900,0.731,17813200
sh513130,09:34:44,1765330487498,09:35:46,1765330487428,0.727,0.7264,0.0826,5517.03,0.9072,3.3694,0,0,0.727,0.992,0.726,72390500,0.725,90586500,0.724,82790500,0.723,66130200,0.722,47726600,0.727,70246700,0.728,75703400,0.729,54949800,0.730,42386900,0.731,17813200
sh513130,09:34:44,1765330488498,09:35:48,1765330488480,0.727,0.7264,0.0826,5516.88,0.9072,2.2022,0,0,0.727,0.999,0.726,72390500,0.725,90586500,0.724,82790500,0.723,66130200,0.722,47726600,0.727,70246700,0.728,75703400,0.729,54949800,0.730,42386900,0.731,17813200
sh513130,09:34:47,1765330489498,09:35:48,1765330488480,0.726,0.7264,-0.0551,5516.88,0.9072,4.3399,642200,466668,0.7267,1.0,0.726,73557500,0.725,91760900,0.724,82813500,0.723,66121500,0.722,47727600,0.727,70367400,0.728,76041600,0.729,54949800,0.730,42058100,0.731,17823600
sh513130,09:34:47,1765330490499,09:35:50,1765330490451,0.726,0.7264,-0.0551,5517.08,0.9072,4.1335,0,0,0.726,1.001,0.726,73557500,0.725,91760900,0.724,82813500,0.723,66121500,0.722,47727600,0.727,70367400,0.728,76041600,0.729,54949800,0.730,42058100,0.731,17823600
sh513130,09:34:47,1765330491497,09:35:50,1765330490451,0.726,0.7264,-0.0551,5517.08,0.9072,3.4701,0,0,0.726,0.998,0.726,73557500,0.725,91760900,0.724,82813500,0.723,66121500,0.722,47727600,0.727,70367400,0.728,76041600,0.729,54949800,0.730,42058100,0.731,17823600
sh513130,09:34:50,1765330492517,09:35:52,1765330492461,0.727,0.7264,0.0826,5516.62,0.9072,2.9333,107500,78087,0.7264,1.02,0.726,75311400,0.725,92813100,0.724,82813500,0.723,67172600,0.722,47729600,0.727,72583700,0.728,76091600,0.729,54949800,0.730,42065200,0.731,17818600
sh513130,09:34:50,1765330493528,09:35:52,1765330492461,0.727,0.7264,0.0826,5516.62,0.9072,3.7373,0,0,0.727,1.011,0.726,75311400,0.725,92813100,0.724,82813500,0.723,67172600,0.722,47729600,0.727,72583700,0.728,76091600,0.729,54949800,0.730,42065200,0.731,17818600
sh513130,09:34:50,1765330494497,09:35:54,1765330494459,0.727,0.7264,0.0826,5516.5,0.9072,4.2383,0,0,0.727,0.969,0.726,75311400,0.725,92813100,0.724,82813500,0.723,67172600,0.722,47729600,0.727,72583700,0.728,76091600,0.729,54949800,0.730,42065200,0.731,17818600
sh513130,09:34:50,1765330495515,09:35:54,1765330494459,0.727,0.7264,0.0826,5516.5,0.9072,4.051,0,0,0.727,1.017,0.726,75311400,0.725,92813100,0.724,82813500,0.723,67172600,0.722,47729600,0.727,72583700,0.728,76091600,0.729,54949800,0.730,42065200,0.731,17818600
sh513130,09:34:53,1765330496528,09:35:56,1765330496421,0.727,0.7264,0.0826,5515.74,0.9072,4.9467,434900,316102,0.7268,1.014,0.726,58464100,0.725,102537900,0.724,82755900,0.723,79208900,0.722,49730500,0.727,72096500,0.728,76118300,0.729,54949800,0.730,42075900,0.731,17818600
sh513130,09:34:53,1765330497517,09:35:56,1765330496534,0.727,0.7264,0.0826,5515.74,0.9072,5.1225,0,0,0.727,0.989,0.726,58464100,0.725,102537900,0.724,82755900,0.723,79208900,0.722,49730500,0.727,72096500,0.728,76118300,0.729,54949800,0.730,42075900,0.731,17818600
sh513130,09:34:56,1765330498503,09:35:58,1765330498470,0.727,0.7264,0.0826,5516.42,0.9072,5.8401,166100,120695,0.7266,0.986,0.726,62299000,0.725,95198300,0.724,82407500,0.723,79278900,0.722,50752000,0.727,72141400,0.728,76118300,0.729,54950800,0.730,42079900,0.731,17818600
sh513130,09:34:56,1765330499518,09:35:58,1765330498470,0.727,0.7264,0.0826,5516.42,0.9072,5.1266,0,0,0.727,1.016,0.726,62299000,0.725,95198300,0.724,82407500,0.723,79278900,0.722,50752000,0.727,72141400,0.728,76118300,0.729,54950800,0.730,42079900,0.731,17818600
sh513130,09:34:56,1765330500513,09:36:00,1765330500510,0.727,0.7264,0.0826,5516.18,0.9072,5.3125,0,0,0.727,0.994,0.726,62299000,0.725,95198300,0.724,82407500,0.723,79278900,0.722,50752000,0.727,72141400,0.728,76118300,0.729,54950800,0.730,42079900,0.731,17818600
sh513130,09:34:59,1765330501515,09:36:00,1765330500510,0.727,0.7264,0.0826,5516.18,0.9072,5.1128,136400,99146,0.7269,1.002,0.726,67674600,0.725,96614000,0.724,82558000,0.723,79291900,0.722,50767000,0.727,72197100,0.728,76099300,0.729,54950800,0.730,42079900,0.731,17818600
sh513130,09:34:59,1765330502512,09:36:02,1765330502455,0.727,0.7264,0.0826,5515.72,0.9072,6.1473,0,0,0.727,0.998,0.726,67674600,0.725,96614000,0.724,82558000,0.723,79291900,0.722,50767000,0.727,72197100,0.728,76099300,0.729,54950800,0.730,42079900,0.731,17818600
sh513130,09:34:59,1765330503514,09:36:02,1765330502541,0.727,0.7264,0.0826,5515.72,0.9072,5.9195,0,0,0.727,1.002,0.726,67674600,0.725,96614000,0.724,82558000,0.723,79291900,0.722,50767000,0.727,72197100,0.728,76099300,0.729,54950800,0.730,42079900,0.731,17818600
sh513130,09:34:59,1765330504515,09:36:04,1765330504468,0.727,0.7264,0.0826,5514.13,0.9072,4.0179,0,0,0.727,1.001,0.726,67674600,0.725,96614000,0.724,82558000,0.723,79291900,0.722,50767000,0.727,72197100,0.728,76099300,0.729,54950800,0.730,42079900,0.731,17818600
sh513130,09:35:02,1765330505518,09:36:04,1765330504705,0.727,0.7257,0.1791,5514.13,0.9072,4.6115,421300,305983,0.7263,1.003,0.726,51323000,0.725,107173100,0.724,74569900,0.723,71103500,0.722,42927100,0.727,75707100,0.728,77099300,0.729,54950800,0.730,44495100,0.731,17818600
sh513130,09:35:02,1765330506516,09:36:06,1765330506481,0.727,0.7257,0.1791,5515.3,0.9072,7.3294,0,0,0.727,0.999,0.726,51323000,0.725,107173100,0.724,74569900,0.723,71103500,0.722,42927100,0.727,75707100,0.728,77099300,0.729,54950800,0.730,44495100,0.731,17818600
sh513130,09:35:05,1765330507567,09:36:06,1765330506868,0.727,0.7257,0.1791,5515.3,0.9072,6.6046,9398300,6823377,0.726,1.05,0.726,46878300,0.725,107850500,0.724,75666900,0.723,76010000,0.722,42928100,0.727,88163000,0.728,69100900,0.729,46952400,0.730,36486700,0.731,17818600
sh513130,09:35:05,1765330508516,09:36:08,1765330508504,0.727,0.7257,0.1791,5516.09,0.9072,5.6589,0,0,0.727,0.949,0.726,46878300,0.725,107850500,0.724,75666900,0.723,76010000,0.722,42928100,0.727,88163000,0.728,69100900,0.729,46952400,0.730,36486700,0.731,17818600
sh513130,09:35:05,1765330509519,09:36:08,1765330509019,0.727,0.7257,0.1791,5516.09,0.9072,4.7474,0,0,0.727,1.003,0.726,46878300,0.725,107850500,0.724,75666900,0.723,76010000,0.722,42928100,0.727,88163000,0.728,69100900,0.729,46952400,0.730,36486700,0.731,17818600
sh513130,09:35:08,1765330510518,09:36:10,1765330510517,0.727,0.7257,0.1791,5515.86,0.9072,3.8506,365200,265190,0.7262,1.0,0.726,47414300,0.725,108850200,0.724,74671900,0.723,76021000,0.722,43050000,0.727,88192900,0.728,69028000,0.729,46501900,0.730,36879600,0.731,17818600
sh513130,09:35:08,1765330511545,09:36:10,1765330511179,0.727,0.7257,0.1791,5515.86,0.9072,5.2,0,0,0.727,1.026,0.726,47414300,0.725,108850200,0.724,74671900,0.723,76021000,0.722,43050000,0.727,88192900,0.728,69028000,0.729,46501900,0.730,36879600,0.731,17818600
sh513130,09:35:08,1765330512531,09:36:10,1765330511179,0.727,0.7257,0.1791,5515.86,0.9072,5.5923,0,0,0.727,0.986,0.726,47414300,0.725,108850200,0.724,74671900,0.723,76021000,0.722,43050000,0.727,88192900,0.728,69028000,0.729,46501900,0.730,36879600,0.731,17818600
sh513130,09:35:08,1765330513533,09:36:12,1765330513329,0.727,0.7257,0.1791,5515.24,0.9072,6.6097,0,0,0.727,1.002,0.726,47414300,0.725,108850200,0.724,74671900,0.723,76021000,0.722,43050000,0.727,88192900,0.728,69028000,0.729,46501900,0.730,36879600,0.731,17818600
sh513130,09:35:11,1765330514535,09:36:14,1765330514492,0.727,0.7257,0.1791,5513.99,0.9072,5.8317,2398800,1741878,0.7261,1.002,0.726,66229600,0.725,101473200,0.724,75726900,0.723,65021000,0.722,43050100,0.727,87128800,0.728,68911800,0.729,46458700,0.730,36879600,0.731,18018600
sh513130,09:35:11,1765330515535,09:36:14,1765330515478,0.727,0.7257,0.1791,5513.99,0.9072,4.6542,0,0,0.727,1.0,0.726,66229600,0.725,101473200,0.724,75726900,0.723,65021000,0.722,43050100,0.727,87128800,0.728,68911800,0.729,46458700,0.730,36879600,0.731,18018600
sh513130,09:35:11,1765330516535,09:36:16,1765330516431,0.727,0.7257,0.1791,5514.22,0.9072,4.7675,0,0,0.727,1.0,0.726,66229600,0.725,101473200,0.724,75726900,0.723,65021000,0.722,43050100,0.727,87128800,0.728,68911800,0.729,46458700,0.730,36879600,0.731,18018600
sh513130,09:35:14,1765330517531,09:36:16,1765330516431,0.727,0.7257,0.1791,5514.22,0.9072,4.11,827100,600626,0.7262,0.997,0.726,45247300,0.725,111234800,0.724,74881400,0.723,76021000,0.722,43060100,0.727,88251700,0.728,68957300,0.729,46598700,0.730,36479600,0.731,18018600
sh513130,09:35:14,1765330518538,09:36:18,1765330518444,0.727,0.7257,0.1791,5514.95,0.9072,3.7073,0,0,0.727,1.006,0.726,45247300,0.725,111234800,0.724,74881400,0.723,76021000,0.722,43060100,0.727,88251700,0.728,68957300,0.729,46598700,0.730,36479600,0.731,18018600
sh513130,09:35:17,1765330519531,09:36:18,1765330518444,0.726,0.7264,-0.0551,5514.95,0.9072,4.5916,854400,620391,0.7261,0.993,0.726,54624300,0.725,103514800,0.724,76069400,0.723,76580300,0.722,43621900,0.727,89381900,0.728,68960300,0.729,46598700,0.730,36886800,0.731,18018600
sh513130,09:35:17,1765330520536,09:36:20,1765330520481,0.726,0.7264,-0.0551,5514.98,0.9072,5.4186,0,0,0.726,1.005,0.726,54624300,0.725,103514800,0.724,76069400,0.723,76580300,0.722,43621900,0.727,89381900,0.728,68960300,0.729,46598700,0.730,36886800,0.731,18018600
sh513130,09:35:17,1765330521543,09:36:20,1765330520481,0.726,0.7264,-0.0551,5514.98,0.9072,4.3521,0,0,0.726,1.006,0.726,54624300,0.725,103514800,0.724,76069400,0.723,76580300,0.722,43621900,0.727,89381900,0.728,68960300,0.729,46598700,0.730,36886800,0.731,18018600
sh513130,09:35:20,1765330522531,09:36:22,1765330522461,0.727,0.7257,0.1791,5514.95,0.9072,2.1848,336400,244301,0.7262,0.989,0.726,61529700,0.725,103525400,0.724,75921600,0.723,71580300,0.722,43644000,0.727,89681800,0.728,69014800,0.729,47104700,0.730,36908200,0.731,18018900
sh513130,09:35:20,1765330523552,09:36:22,1765330522461,0.727,0.7257,0.1791,5514.95,0.9072,1.941,0,0,0.727,1.021,0.726,61529700,0.725,103525400,0.724,75921600,0.723,71580300,0.722,43644000,0.727,89681800,0.728,69014800,0.729,47104700,0.730,36908200,0.731,18018900
sh513130,09:35:20,1765330524560,09:36:24,1765330524531,0.727,0.7257,0.1791,5515.82,0.9072,1.8462,0,0,0.727,1.008,0.726,61529700,0.725,103525400,0.724,75921600,0.723,71580300,0.722,43644000,0.727,89681800,0.728,69014800,0.729,47104700,0.730,36908200,0.731,18018900
sh513130,09:35:20,1765330525547,09:36:24,1765330524531,0.727,0.7257,0.1791,5515.82,0.9072,1.5304,0,0,0.727,0.987,0.726,61529700,0.725,103525400,0.724,75921600,0.723,71580300,0.722,43644000,0.727,89681800,0.728,69014800,0.729,47104700,0.730,36908200,0.731,18018900
sh513130,09:35:23,1765330526550,09:36:26,1765330526497,0.727,0.7257,0.1791,5514.75,0.9072,1.6552,97600,70888,0.7263,1.003,0.726,61662000,0.725,103672100,0.724,77803600,0.723,71591000,0.722,43645500,0.727,90513800,0.728,69014800,0.729,47104700,0.730,36908200,0.731,17917900
sh513130,09:35:23,1765330527552,09:36:26,1765330526497,0.727,0.7257,0.1791,5514.75,0.9072,1.3832,0,0,0.727,1.003,0.726,61662000,0.725,103672100,0.724,77803600,0.723,71591000,0.722,43645500,0.727,90513800,0.728,69014800,0.729,47104700,0.730,36908200,0.731,17917900
sh513130,09:35:26,1765330528566,09:36:28,1765330528548,0.727,0.7264,0.0826,5515.63,0.9072,1.6504,127300,92469,0.7264,1.013,0.726,62369600,0.725,103830600,0.724,77686600,0.723,71634300,0.722,43661600,0.727,92015700,0.728,68981500,0.729,47144000,0.730,36399000,0.731,17917900
sh513130,09:35:26,1765330529557,09:36:28,1765330528548,0.727,0.7264,0.0826,5515.63,0.9072,1.7254,0,0,0.727,0.992,0.726,62369600,0.725,103830600,0.724,77686600,0.723,71634300,0.722,43661600,0.727,92015700,0.728,68981500,0.729,47144000,0.730,36399000,0.731,17917900
sh513130,09:35:26,1765330530561,09:36:30,1765330530550,0.727,0.7264,0.0826,5515.15,0.9072,1.4891,0,0,0.727,1.004,0.726,62369600,0.725,103830600,0.724,77686600,0.723,71634300,0.722,43661600,0.727,92015700,0.728,68981500,0.729,47144000,0.730,36399000,0.731,17917900
sh513130,09:35:29,1765330531562,09:36:30,1765330530569,0.727,0.7264,0.0826,5515.15,0.9072,1.4254,452600,328980,0.7269,1.001,0.726,62860000,0.725,103963500,0.724,80476900,0.723,71692300,0.722,43795500,0.727,93753000,0.728,68981500,0.729,47182000,0.730,36945700,0.731,17917900
sh513130,09:35:29,1765330532557,09:36:30,1765330530569,0.727,0.7264,0.0826,5515.15,0.9072,1.0393,0,0,0.727,0.995,0.726,62860000,0.725,103963500,0.724,80476900,0.723,71692300,0.722,43795500,0.727,93753000,0.728,68981500,0.729,47182000,0.730,36945700,0.731,17917900
sh513130,09:35:29,1765330533587,09:36:32,1765330532741,0.727,0.7264,0.0826,5514.6,0.9072,1.666,0,0,0.727,1.029,0.726,62860000,0.725,103963500,0.724,80476900,0.723,71692300,0.722,43795500,0.727,93753000,0.728,68981500,0.729,47182000,0.730,36945700,0.731,17917900
sh513130,09:35:32,1765330534562,09:36:34,1765330534543,0.727,0.7264,0.0826,5514.51,0.9072,1.347,170600,123947,0.7265,0.976,0.726,64127400,0.725,103990700,0.724,80365200,0.723,71838600,0.722,43881300,0.727,94492500,0.728,68985500,0.729,47682000,0.730,38280400,0.731,17917900
sh513130,09:35:32,1765330535582,09:36:34,1765330534868,0.727,0.7264,0.0826,5514.51,0.9072,1.8772,0,0,0.727,1.02,0.726,64127400,0.725,103990700,0.724,80365200,0.723,71838600,0.722,43881300,0.727,94492500,0.728,68985500,0.729,47682000,0.730,38280400,0.731,17917900
sh513130,09:35:32,1765330536581,09:36:36,1765330536459,0.727,0.7264,0.0826,5514.83,0.9072,2.3368,0,0,0.727,0.999,0.726,64127400,0.725,103990700,0.724,80365200,0.723,71838600,0.722,43881300,0.727,94492500,0.728,68985500,0.729,47682000,0.730,38280400,0.731,17917900
sh513130,09:35:35,1765330537590,09:36:36,1765330537020,0.726,0.7257,0.0413,5514.83,0.9072,1.9245,89100,64690,0.726,1.009,0.726,55431100,0.725,112065400,0.724,82303700,0.723,71884700,0.722,43896400,0.727,94667100,0.728,69278400,0.729,47682000,0.730,38135400,0.731,17942900
sh513130,09:35:35,1765330538582,09:36:38,1765330538456,0.726,0.7257,0.0413,5514.63,0.9072,1.142,0,0,0.726,0.992,0.726,55431100,0.725,112065400,0.724,82303700,0.723,71884700,0.722,43896400,0.727,94667100,0.728,69278400,0.729,47682000,0.730,38135400,0.731,17942900
sh513130,09:35:35,1765330539583,09:36:38,1765330539178,0.726,0.7257,0.0413,5514.63,0.9072,1.3961,0,0,0.726,1.001,0.726,55431100,0.725,112065400,0.724,82303700,0.723,71884700,0.722,43896400,0.727,94667100,0.728,69278400,0.729,47682000,0.730,38135400,0.731,17942900
sh513130,09:35:38,1765330540590,09:36:40,1765330540486,0.727,0.7257,0.1791,5515.3,0.9072,2.0548,483900,351512,0.7264,1.007,0.726,56232500,0.725,112197600,0.724,83318800,0.723,71889700,0.722,43971400,0.727,97050600,0.728,69271400,0.729,47682000,0.730,37307300,0.731,17942900
sh513130,09:35:38,1765330541588,09:36:40,1765330541325,0.727,0.7257,0.1791,5515.3,0.9072,1.8724,0,0,0.727,0.998,0.726,56232500,0.725,112197600,0.724,83318800,0.723,71889700,0.722,43971400,0.727,97050600,0.728,69271400,0.729,47682000,0.730,37307300,0.731,17942900
sh513130,09:35:38,1765330542592,09:36:42,1765330542468,0.727,0.7257,0.1791,5515.03,0.9072,5.1206,0,0,0.727,1.003,0.726,56232500,0.725,112197600,0.724,83318800,0.723,71889700,0.722,43971400,0.727,97050600,0.728,69271400,0.729,47682000,0.730,37307300,0.731,17942900
sh513130,09:35:41,1765330543591,09:36:42,1765330543490,0.727,0.7264,0.0826,5515.03,0.9072,4.0084,657500,477847,0.7268,0.999,0.726,59946300,0.725,103969700,0.724,84713900,0.723,71903700,0.722,43991400,0.727,96782100,0.728,69271400,0.729,47616900,0.730,37307300,0.731,17942900
sh513130,09:35:41,1765330544584,09:36:44,1765330544519,0.727,0.7264,0.0826,5516.02,0.9072,5.1472,0,0,0.727,0.994,0.726,59946300,0.725,103969700,0.724,84713900,0.723,71903700,0.722,43991400,0.727,96782100,0.728,69271400,0.729,47616900,0.730,37307300,0.731,17942900
sh513130,09:35:41,1765330545608,09:36:44,1765330544519,0.727,0.7264,0.0826,5516.02,0.9072,4.764,0,0,0.727,1.024,0.726,59946300,0.725,103969700,0.724,84713900,0.723,71903700,0.722,43991400,0.727,96782100,0.728,69271400,0.729,47616900,0.730,37307300,0.731,17942900
sh513130,09:35:44,1765330546593,09:36:46,1765330546484,0.726,0.7264,-0.0551,5516.39,0.9072,7.9232,456100,331303,0.7264,0.985,0.726,84935200,0.725,103921500,0.724,85126900,0.723,54535700,0.722,43995200,0.727,99282400,0.728,69246300,0.729,47616900,0.730,37507300,0.731,17942900
sh513130,09:35:44,1765330547611,09:36:46,1765330546484,0.726,0.7264,-0.0551,5516.39,0.9072,7.1976,0,0,0.726,1.019,0.726,84935200,0.725,103921500,0.724,85126900,0.723,54535700,0.722,43995200,0.727,99282400,0.728,69246300,0.729,47616900,0.730,37507300,0.731,17942900
sh513130,09:35:44,1765330548610,09:36:48,1765330548453,0.726,0.7264,-0.0551,5516.98,0.9072,6.7656,0,0,0.726,0.999,0.726,84935200,0.725,103921500,0.724,85126900,0.723,54535700,0.722,43995200,0.727,99282400,0.728,69246300,0.729,47616900,0.730,37507300,0.731,17942900
sh513130,09:35:44,1765330549599,09:36:48,1765330548453,0.726,0.7264,-0.0551,5516.98,0.9072,6.5363,0,0,0.726,0.989,0.726,84935200,0.725,103921500,0.724,85126900,0.723,54535700,0.722,43995200,0.727,99282400,0.728,69246300,0.729,47616900,0.730,37507300,0.731,17942900
sh513130,09:35:47,1765330550596,09:36:50,1765330550413,0.726,0.7264,-0.0551,5516.87,0.9072,5.2066,229300,166529,0.7262,0.997,0.726,85067500,0.725,103963600,0.724,85207200,0.723,54549700,0.722,43796100,0.727,100564900,0.728,69429000,0.729,47566900,0.730,37437000,0.731,17945900
sh513130,09:35:47,1765330551608,09:36:50,1765330550678,0.726,0.7264,-0.0551,5516.87,0.9072,5.9595,0,0,0.726,1.012,0.726,85067500,0.725,103963600,0.724,85207200,0.723,54549700,0.722,43796100,0.727,100564900,0.728,69429000,0.729,47566900,0.730,37437000,0.731,17945900
sh513130,09:35:50,1765330552612,09:36:52,1765330552515,0.726,0.7257,0.0413,5517.3,0.9072,5.1645,281800,204620,0.7261,1.004,0.726,85127800,0.725,104931100,0.724,85218200,0.723,54559900,0.722,43796100,0.727,101535500,0.728,69487000,0.729,47566900,0.730,38333300,0.731,17945900
sh513130,09:35:50,1765330553610,09:36:52,1765330552515,0.726,0.7257,0.0413,5517.3,0.9072,4.7459,0,0,0.726,0.998,0.726,85127800,0.725,104931100,0.724,85218200,0.723,54559900,0.722,43796100,0.727,101535500,0.728,69487000,0.729,47566900,0.730,38333300,0.731,17945900
sh513130,09:35:50,1765330554611,09:36:54,1765330554483,0.726,0.7257,0.0413,5517.72,0.9072,4.5436,0,0,0.726,1.001,0.726,85127800,0.725,104931100,0.724,85218200,0.723,54559900,0.722,43796100,0.727,101535500,0.728,69487000,0.729,47566900,0.730,38333300,0.731,17945900
sh513130,09:35:53,1765330555610,09:36:54,1765330554483,0.727,0.7257,0.1791,5517.72,0.9072,5.1322,267300,194180,0.7264,0.998,0.726,85265800,0.725,105239000,0.724,85271500,0.723,54604600,0.722,43916100,0.727,102308100,0.728,69660000,0.729,47613000,0.730,38323400,0.731,17945900
sh513130,09:35:53,1765330556612,09:36:56,1765330556438,0.727,0.7257,0.1791,5517.77,0.9072,5.0184,0,0,0.727,1.002,0.726,85265800,0.725,105239000,0.724,85271500,0.723,54604600,0.722,43916100,0.727,102308100,0.728,69660000,0.729,47613000,0.730,38323400,0.731,17945900
sh513130,09:35:56,1765330557628,09:36:56,1765330556438,0.727,0.7264,0.0826,5517.77,0.9072,4.8176,397700,288863,0.7263,1.017,0.726,85064900,0.725,105370700,0.724,85326600,0.723,54615600,0.722,43936100,0.727,104149100,0.728,69660000,0.729,47613000,0.730,38323400,0.731,17882900
sh513130,09:35:56,1765330558628,09:36:58,1765330558585,0.727,0.7264,0.0826,5517.57,0.9072,4.3809,0,0,0.727,1.0,0.726,85064900,0.725,105370700,0.724,85326600,0.723,54615600,0.722,43936100,0.727,104149100,0.728,69660000,0.729,47613000,0.730,38323400,0.731,17882900
sh513130,09:35:56,1765330559615,09:36:58,1765330558585,0.727,0.7264,0.0826,5517.57,0.9072,4.1891,0,0,0.727,0.987,0.726,85064900,0.725,105370700,0.724,85326600,0.723,54615600,0.722,43936100,0.727,104149100,0.728,69660000,0.729,47613000,0.730,38323400,0.731,17882900
sh513130,09:35:59,1765330560626,09:37:00,1765330560471,0.727,0.7264,0.0826,5516.96,0.9072,3.9878,254500,184809,0.7262,1.011,0.726,67350800,0.725,105442300,0.724,84375100,0.723,71998600,0.722,44095900,0.727,105182800,0.728,69627800,0.729,47660500,0.730,38323400,0.731,17982900
sh513130,09:35:59,1765330561618,09:37:00,1765330560751,0.727,0.7264,0.0826,5516.96,0.9072,3.8134,0,0,0.727,0.992,0.726,67350800,0.725,105442300,0.724,84375100,0.723,71998600,0.722,44095900,0.727,105182800,0.728,69627800,0.729,47660500,0.730,38323400,0.731,17982900
sh513130,09:35:59,1765330562626,09:37:02,1765330562494,0.727,0.7264,0.0826,5517.14,0.9072,3.7106,0,0,0.727,1.008,0.726,67350800,0.725,105442300,0.724,84375100,0.723,71998600,0.722,44095900,0.727,105182800,0.728,69627800,0.729,47660500,0.730,38323400,0.731,17982900
sh513130,09:36:02,1765330563630,09:37:02,1765330562907,0.726,0.7264,-0.0551,5517.14,0.9072,3.9865,313400,227589,0.7262,1.003,0.726,84471700,0.725,109571900,0.724,88362700,0.723,66288600,0.722,48178500,0.727,108253200,0.728,69614000,0.729,47660500,0.730,38326700,0.731,17982900
sh513130,09:36:02,1765330564626,09:37:04,1765330564452,0.726,0.7264,-0.0551,5517.91,0.9072,5.3135,0,0,0.726,0.996,0.726,84471700,0.725,109571900,0.724,88362700,0.723,66288600,0.722,48178500,0.727,108253200,0.728,69614000,0.729,47660500,0.730,38326700,0.731,17982900
sh513130,09:36:02,1765330565631,09:37:04,1765330565068,0.726,0.7264,-0.0551,5517.91,0.9072,5.6207,0,0,0.726,1.005,0.726,84471700,0.725,109571900,0.724,88362700,0.723,66288600,0.722,48178500,0.727,108253200,0.728,69614000,0.729,47660500,0.730,38326700,0.731,17982900
sh513130,09:36:05,1765330566638,09:37:06,1765330566483,0.727,0.7257,0.1791,5519.14,0.9072,4.9006,297600,216160,0.7263,1.007,0.726,96609800,0.725,125586100,0.724,81275700,0.723,58970600,0.722,48191500,0.727,55613500,0.728,75914000,0.729,47660500,0.730,45326700,0.731,33979700
sh513130,09:36:05,1765330567636,09:37:06,1765330567217,0.727,0.7257,0.1791,5519.14,0.9072,6.4938,0,0,0.727,0.998,0.726,96609800,0.725,125586100,0.724,81275700,0.723,58970600,0.722,48191500,0.727,55613500,0.728,75914000,0.729,47660500,0.730,45326700,0.731,33979700
sh513130,09:36:05,1765330568640,09:37:08,1765330568546,0.727,0.7257,0.1791,5519.24,0.9072,6.7261,0,0,0.727,1.004,0.726,96609800,0.725,125586100,0.724,81275700,0.723,58970600,0.722,48191500,0.727,55613500,0.728,75914000,0.729,47660500,0.730,45326700,0.731,33979700
sh513130,09:36:05,1765330569641,09:37:08,1765330569370,0.727,0.7257,0.1791,5519.24,0.9072,6.4967,0,0,0.727,1.001,0.726,96609800,0.725,125586100,0.724,81275700,0.723,58970600,0.722,48191500,0.727,55613500,0.728,75914000,0.729,47660500,0.730,45326700,0.731,33979700
sh513130,09:36:05,1765330570641,09:37:10,1765330570493,0.727,0.7257,0.1791,5519.85,0.9072,5.4221,0,0,0.727,1.0,0.726,96609800,0.725,125586100,0.724,81275700,0.723,58970600,0.722,48191500,0.727,55613500,0.728,75914000,0.729,47660500,0.730,45326700,0.731,33979700
sh513130,09:36:08,1765330571640,09:37:10,1765330571528,0.727,0.7257,0.1791,5519.85,0.9072,5.1412,656900,477469,0.7269,0.999,0.726,99005600,0.725,115495300,0.724,80286200,0.723,59050600,0.722,48193500,0.727,53488200,0.728,75914000,0.729,47660500,0.730,45326700,0.731,20982300
sh513130,09:36:08,1765330572643,09:37:12,1765330572522,0.727,0.7257,0.1791,5520.82,0.9072,4.9291,0,0,0.727,1.003,0.726,99005600,0.725,115495300,0.724,80286200,0.723,59050600,0.722,48193500,0.727,53488200,0.728,75914000,0.729,47660500,0.730,45326700,0.731,20982300
sh513130,09:36:08,1765330573648,09:37:12,1765330572522,0.727,0.7257,0.1791,5520.82,0.9072,4.0675,0,0,0.727,1.005,0.726,99005600,0.725,115495300,0.724,80286200,0.723,59050600,0.722,48193500,0.727,53488200,0.728,75914000,0.729,47660500,0.730,45326700,0.731,20982300
sh513130,09:36:11,1765330574643,09:37:14,1765330574491,0.727,0.7264,0.0826,5519.92,0.9072,2.9391,977500,710470,0.7268,0.995,0.726,99445500,0.725,115441100,0.724,80412200,0.723,59040000,0.722,48196600,0.727,54377000,0.728,76857200,0.729,47660500,0.730,45326700,0.731,17982900
sh513130,09:36:11,1765330575647,09:37:14,1765330574491,0.727,0.7264,0.0826,5519.92,0.9072,2.4989,0,0,0.727,1.003,0.726,99445500,0.725,115441100,0.724,80412200,0.723,59040000,0.722,48196600,0.727,54377000,0.728,76857200,0.729,47660500,0.730,45326700,0.731,17982900
sh513130,09:36:14,1765330576650,09:37:16,1765330576450,0.727,0.7264,0.0826,5519.54,0.9072,1.9205,755400,548878,0.7266,1.003,0.726,99481300,0.725,99539300,0.724,80505000,0.723,59067500,0.722,48201600,0.727,90451800,0.728,69471000,0.729,47234900,0.730,38326700,0.731,17893000
sh513130,09:36:14,1765330577649,09:37:16,1765330576450,0.727,0.7264,0.0826,5519.54,0.9072,1.7994,0,0,0.727,1.0,0.726,99481300,0.725,99539300,0.724,80505000,0.723,59067500,0.722,48201600,0.727,90451800,0.728,69471000,0.729,47234900,0.730,38326700,0.731,17893000
sh513130,09:36:14,1765330578653,09:37:18,1765330578528,0.727,0.7264,0.0826,5519.32,0.9072,1.989,0,0,0.727,1.003,0.726,99481300,0.725,99539300,0.724,80505000,0.723,59067500,0.722,48201600,0.727,90451800,0.728,69471000,0.729,47234900,0.730,38326700,0.731,17893000
sh513130,09:36:17,1765330579646,09:37:18,1765330578528,0.727,0.7264,0.0826,5519.32,0.9072,1.525,1544700,1121878,0.7263,0.993,0.726,96980700,0.725,99782600,0.724,80520100,0.723,59067500,0.722,48202400,0.727,89669300,0.728,69481000,0.729,47234900,0.730,38326700,0.731,17893000
sh513130,09:36:17,1765330580649,09:37:20,1765330580531,0.727,0.7264,0.0826,5519.61,0.9072,0.5192,0,0,0.727,1.004,0.726,96980700,0.725,99782600,0.724,80520100,0.723,59067500,0.722,48202400,0.727,89669300,0.728,69481000,0.729,47234900,0.730,38326700,0.731,17893000
