symbol,tx_server_time,tx_local_time,index_price,fx_rate,sentiment,price,iopv,premium_rate,tick_vol,tick_amt,tick_vwap,bp1,bv1,bp2,bv2,bp3,bv3,bp4,bv4,bp5,bv5,sp1,sv1,sp2,sv2,sp3,sv3,sp4,sv4,sp5,sv5,idx_delay_ms,fut_delay_ms,data_flags
sh513130,09:30:12,1765157414064,5672.0,0.9078,3.0452,0.747,0.7467,0.0402,2302600,1719717,0.7469,0.746,22418000,0.745,46200300,0.744,44469600,0.743,27526700,0.742,20302400,0.747,18369300,0.748,48325900,0.749,34036300,0.75,29713400,0.751,21442400,938,100,0
sh513130,09:30:15,1765157417974,5672.97,0.9078,4.3956,0.747,0.7467,0.0402,3061600,2286101,0.7467,0.746,22843300,0.745,46157000,0.744,43724000,0.743,28086900,0.742,20757400,0.747,12741300,0.748,48838700,0.749,36779900,0.75,30120400,0.751,22891900,515,100,0
sh513130,09:30:18,1765157420082,5671.67,0.9078,4.5135,0.746,0.7467,-0.0937,2296000,1715031,0.747,0.746,25984500,0.745,43357600,0.744,43831000,0.743,28420700,0.742,21116500,0.747,9969500,0.748,49918700,0.749,36954900,0.75,30742800,0.751,22953800,466,100,0
sh513130,09:30:21,1765157423103,5674.45,0.9078,4.485,0.746,0.7474,-0.1873,3089300,2307244,0.7469,0.746,26989100,0.745,45310600,0.744,46947700,0.743,30514400,0.742,22600700,0.747,14369600,0.748,50202600,0.749,38517500,0.75,31834100,0.751,21957700,605,100,0
sh513130,09:30:24,1765157426085,5675.11,0.9078,4.3157,0.747,0.7467,0.0402,3202900,2391892,0.7468,0.746,27407900,0.745,50498600,0.744,52699700,0.743,30609900,0.742,22678300,0.747,14338700,0.748,54681900,0.749,48297600,0.75,32015900,0.751,23200200,1591,100,0
sh513130,09:30:27,1765157429094,5675.28,0.9078,3.8986,0.747,0.7467,0.0402,3897000,2910831,0.7469,0.746,28498200,0.745,41666400,0.744,42536300,0.743,30716700,0.742,23023400,0.747,13527900,0.748,43927000,0.749,52374300,0.75,31808300,0.751,24404300,535,100,0
sh513130,09:30:30,1765157432098,5676.5,0.9078,6.0879,0.747,0.7474,-0.0535,2502500,1868556,0.7467,0.746,36098100,0.745,40145200,0.744,41688200,0.743,27037200,0.742,23347800,0.747,13023600,0.748,42131100,0.749,44446700,0.75,31823000,0.751,25274900,1538,100,0
sh513130,09:30:33,1765157434099,5678.75,0.9078,5.0823,0.747,0.7474,-0.0535,4002100,2989166,0.7469,0.746,46854700,0.745,41984100,0.744,42274000,0.743,27178800,0.742,23390000,0.747,9958000,0.748,38033500,0.749,43027200,0.75,34143500,0.751,27311100,1324,100,0
sh513130,09:30:36,1765157437109,5679.66,0.9078,3.9253,0.747,0.7467,0.0402,11152000,8330649,0.747,0.747,4880500,0.746,38800700,0.745,37105600,0.744,36615000,0.743,26181100,0.748,37978600,0.749,57013400,0.75,35626000,0.751,27264100,0.752,25411700,130,100,0
sh513130,09:30:39,1765157441102,5679.78,0.9078,6.2643,0.747,0.7474,-0.0535,1447500,1081388,0.7471,0.747,11072100,0.746,57148900,0.745,50108600,0.744,38603800,0.743,28206100,0.748,66353000,0.749,70021500,0.75,34621700,0.751,28317500,0.752,25475300,620,100,0
sh513130,09:30:42,1765157444114,5679.75,0.9078,5.7211,0.747,0.7474,-0.0535,2185200,1632476,0.7471,0.747,23305100,0.746,58152300,0.745,50250000,0.744,37644700,0.743,28236400,0.748,66565600,0.749,70186300,0.75,34857200,0.751,28356400,0.752,25535400,612,100,0
sh513130,09:30:45,1765157446126,5681.07,0.9078,5.7636,0.748,0.7474,0.0803,2741700,2048345,0.7471,0.747,23746000,0.746,58349400,0.745,51253600,0.744,37644700,0.743,27246400,0.748,65475700,0.749,71058200,0.75,35891700,0.751,28556400,0.752,25535400,446,100,0
sh513130,09:30:48,1765157450109,5680.7,0.9078,2.1048,0.747,0.7474,-0.0535,1398600,1045075,0.7472,0.747,26211400,0.746,58760400,0.745,51343600,0.744,37644700,0.743,27308700,0.748,53861400,0.749,71068200,0.75,47904000,0.751,28566700,0.752,25537500,68,100,0
sh513130,09:30:51,1765157453142,5679.21,0.9078,3.2038,0.747,0.7474,-0.0535,1778700,1329779,0.7476,0.747,24020700,0.746,58911300,0.745,51353100,0.744,37642700,0.743,27308700,0.748,65399200,0.749,71074600,0.75,35929100,0.751,28566700,0.752,25607500,633,100,0
sh513130,09:30:54,1765157456129,5680.33,0.9078,4.7184,0.748,0.7481,-0.0134,2498500,1867255,0.7474,0.747,23340400,0.746,59236200,0.745,51353100,0.744,37842700,0.743,27309300,0.748,64680700,0.749,71284600,0.75,35934100,0.751,28596700,0.752,25607500,1569,100,0
sh513130,09:30:57,1765157459147,5679.73,0.9078,3.1095,0.748,0.7481,-0.0134,513300,383743,0.7476,0.747,28930300,0.746,58423000,0.745,51318500,0.744,37842700,0.743,27319100,0.748,67473100,0.749,71306000,0.75,35934100,0.751,28596700,0.752,25660100,411,100,0
sh513130,09:31:00,1765157461142,5681.92,0.9078,2.2915,0.748,0.7474,0.0803,726600,543489,0.748,0.747,33527200,0.746,58639600,0.745,51538700,0.744,37887500,0.743,27319000,0.748,67781400,0.749,71206000,0.75,35992600,0.751,28695700,0.752,25680100,239,100,0
sh513130,09:31:03,1765157465165,5681.89,0.9078,3.5386,0.748,0.7474,0.0803,436700,326563,0.7478,0.747,33662200,0.746,58406300,0.745,51582100,0.744,41122500,0.743,27309000,0.748,68938300,0.749,72209000,0.75,36035800,0.751,28699300,0.752,25681100,655,100,0
sh513130,09:31:06,1765157468148,5684.82,0.9078,3.9217,0.748,0.7474,0.0803,1407100,1051683,0.7474,0.747,38860900,0.746,60272300,0.745,51589100,0.744,34752500,0.743,27310000,0.748,54842200,0.749,71273500,0.75,47990600,0.751,28700300,0.752,25697600,705,100,0
sh513130,09:31:09,1765157471148,5686.14,0.9078,3.4759,0.747,0.748,-0.1337,735400,549810,0.7476,0.747,42848000,0.746,60473200,0.745,51475900,0.744,32752500,0.743,27386800,0.748,51446700,0.749,71407700,0.75,48050600,0.751,31504300,0.752,25729300,602,100,0
sh513130,09:31:12,1765157474160,5685.48,0.9078,4.5381,0.747,0.748,-0.1337,916000,685134,0.748,0.747,43907900,0.746,60571700,0.745,38985900,0.744,29512500,0.743,27386800,0.748,30385900,0.749,70450200,0.75,51101900,0.751,32494300,0.752,25729300,204,100,0
sh513130,09:31:15,1765157476158,5686.9,0.9078,3.7592,0.748,0.748,0.0,710800,531573,0.7479,0.747,46600800,0.746,60655300,0.745,50993400,0.744,29494800,0.743,27418300,0.748,30053600,0.749,70480200,0.75,69119600,0.751,32595600,0.752,25729300,36,100,0
sh513130,09:31:18,1765157480168,5686.5,0.9078,2.6652,0.748,0.748,0.0,1984900,1484682,0.748,0.747,46565500,0.746,60551000,0.745,51021700,0.744,29494800,0.743,27418300,0.748,28603000,0.749,70455300,0.75,69219600,0.751,32595600,0.752,25729300,1686,100,0
sh513130,09:31:21,1765157483164,5685.36,0.9078,2.5666,0.748,0.748,0.0,1248200,933424,0.7478,0.747,47497300,0.746,60774700,0.745,51179900,0.744,29484800,0.743,27418300,0.748,27979800,0.749,70480500,0.75,69328100,0.751,32595600,0.752,26054700,537,100,0
sh513130,09:31:24,1765157485175,5684.15,0.9078,2.7792,0.748,0.7486,-0.0801,373100,278961,0.7477,0.747,41835300,0.746,60911400,0.745,51279900,0.744,34871600,0.743,27418300,0.748,49984900,0.749,70510500,0.75,69345100,0.751,32622200,0.752,26148900,374,100,0
sh513130,09:31:27,1765157489175,5684.95,0.9078,3.5756,0.748,0.7486,-0.0801,802800,600482,0.748,0.747,46335300,0.746,60936900,0.745,51379900,0.744,32490100,0.743,27429200,0.748,53188600,0.749,71740500,0.75,69505800,0.751,31894600,0.752,26194900,40,100,0
sh513130,09:31:30,1765157492183,5684.55,0.9078,1.561,0.747,0.748,-0.1337,7262400,5431244,0.7479,0.747,49145400,0.746,61014000,0.745,51450400,0.744,29490100,0.743,27761600,0.748,44396700,0.749,70889700,0.75,69525800,0.751,33036600,0.752,26194900,871,100,0
sh513130,09:31:33,1765157494191,5684.89,0.9078,-0.3887,0.747,0.748,-0.1337,212700,159029,0.7477,0.747,48917000,0.746,60808800,0.745,51550400,0.744,29494300,0.743,27761600,0.748,49949200,0.749,70929700,0.75,69605800,0.751,33051600,0.752,26202900,711,100,0
sh513130,09:31:36,1765157498192,5683.4,0.9078,2.725,0.748,0.748,0.0,1671500,1249499,0.7475,0.747,48487200,0.746,60875700,0.745,51552600,0.744,29494300,0.743,27731200,0.748,52093000,0.749,71922400,0.75,69819300,0.751,32557400,0.752,26202900,372,100,0
sh513130,09:31:39,1765157501200,5683.27,0.9078,4.1503,0.748,0.748,0.0,368600,275358,0.747,0.747,48991600,0.746,59790100,0.745,51602600,0.744,29494300,0.743,27731200,0.748,67845800,0.749,71892800,0.75,57947900,0.751,32581800,0.752,26274700,672,100,0
sh513130,09:31:42,1765157503190,5682.78,0.9078,5.4866,0.748,0.748,0.0,256500,191762,0.7476,0.747,45930800,0.746,61047700,0.745,53613900,0.744,35484300,0.743,27736200,0.748,83737700,0.749,86897800,0.75,72958900,0.751,32611800,0.752,26287700,670,100,0
sh513130,09:31:48,1765157511730,5682.75,0.9078,1.1509,0.748,0.748,0.0,2305700,1723357,0.7474,0.747,24575100,0.746,57570700,0.745,53796900,0.744,51866400,0.743,27736200,0.748,91646500,0.749,87114900,0.75,72988000,0.751,29338400,0.752,26327700,5204,100,0
sh513130,09:31:51,1765157513776,5679.53,0.9078,-0.0495,0.748,0.748,0.0,13646100,10193776,0.747,0.747,10389600,0.746,58260800,0.745,53796900,0.744,51866400,0.743,27608100,0.748,91926200,0.749,88125700,0.75,73250400,0.751,29395400,0.752,26443300,798,100,0
sh513130,09:31:54,1765157516084,5679.39,0.9078,1.4188,0.747,0.748,-0.1337,11532600,8615324,0.747,0.746,58938300,0.745,53816900,0.744,51866400,0.743,27608100,0.742,23613800,0.747,7628200,0.748,92516700,0.749,88125700,0.75,73338000,0.751,29420400,933,100,0
sh513130,09:31:57,1765157519229,5679.67,0.9078,0.3007,0.748,0.748,0.0,9274400,6927793,0.747,0.747,5219800,0.746,58748500,0.745,53821900,0.744,39868800,0.743,27608100,0.748,93313700,0.749,87301100,0.75,73432400,0.751,29491400,0.752,26952000,687,100,0
sh513130,09:32:00,1765157522146,5679.43,0.9078,3.5676,0.747,0.7473,-0.0401,5238800,3913439,0.747,0.747,9483400,0.746,58002800,0.745,53831900,0.744,51886400,0.743,27608100,0.748,95186900,0.749,87262000,0.75,72448400,0.751,29544600,0.752,27018600,460,100,0
sh513130,09:32:03,1765157525143,5683.86,0.9078,5.7377,0.747,0.7473,-0.0401,556700,416034,0.7473,0.747,39034500,0.746,63275800,0.745,54202300,0.744,29535700,0.743,27608100,0.748,62193200,0.749,87413600,0.75,85444500,0.751,47544600,0.752,27018600,657,100,0
sh513130,09:32:06,1765157528141,5684.79,0.9078,4.6641,0.747,0.7473,-0.0401,1380100,1030972,0.747,0.747,40165800,0.746,64159300,0.745,42398000,0.744,30306200,0.743,27608100,0.748,33977100,0.749,96124900,0.75,85587300,0.751,47544600,0.752,27158600,1631,100,0
sh513130,09:32:09,1765157531324,5686.04,0.9078,3.0656,0.748,0.7479,0.0134,386900,289167,0.7474,0.747,53667300,0.746,64143800,0.745,42405200,0.744,30375800,0.743,27608100,0.748,34827600,0.749,94868600,0.75,87224700,0.751,47581000,0.752,27158600,790,100,0
sh513130,09:32:12,1765157533361,5685.78,0.9078,2.6742,0.748,0.7479,0.0134,2944100,2201137,0.7476,0.747,55097000,0.746,64253800,0.745,42459800,0.744,30385800,0.743,27608100,0.748,35996000,0.749,94583000,0.75,86532900,0.751,47700800,0.752,27158600,821,100,0
sh513130,09:32:15,1765157537158,5687.2,0.9078,4.0767,0.748,0.7479,0.0134,34769800,26007721,0.748,0.748,19287500,0.747,49636600,0.746,64311800,0.745,44825800,0.744,30370800,0.749,91395000,0.75,86710300,0.751,48292600,0.752,30159600,0.753,20015900,262,100,0
sh513130,09:32:18,1765157539150,5687.24,0.9078,2.7748,0.748,0.7479,0.0134,3071400,2297432,0.748,0.748,7678000,0.747,50687100,0.746,64325200,0.745,44833400,0.744,30367800,0.749,94677800,0.75,86740500,0.751,48218700,0.752,30251600,0.753,19011900,70,100,0
sh513130,09:32:21,1765157542160,5687.81,0.9078,2.6059,0.748,0.7479,0.0134,14979700,11204849,0.748,0.748,27270700,0.747,57606100,0.746,64345900,0.745,44669300,0.744,30388800,0.749,94161700,0.75,86948500,0.751,48269700,0.752,30381500,0.753,20012900,907,100,0
sh513130,09:32:24,1765157547169,5688.61,0.9078,2.5602,0.748,0.7486,-0.0801,340300,254554,0.748,0.748,31553100,0.747,59069800,0.746,64323900,0.745,40245800,0.744,30388800,0.749,93475900,0.75,87125000,0.751,49259700,0.752,30384600,0.753,20013000,694,100,0
sh513130,09:32:27,1765157548177,5688.61,0.9078,2.1722,0.748,0.7486,-0.0801,733900,549188,0.7483,0.748,32078000,0.747,51410200,0.746,64233900,0.745,39175800,0.744,30389000,0.749,93803900,0.75,88037700,0.751,49265700,0.752,30394600,0.753,20013000,403,100,0
sh513130,09:32:30,1765157552186,5690.54,0.9078,2.0603,0.748,0.7486,-0.0801,521000,389766,0.7481,0.748,45641800,0.747,50832000,0.746,63763700,0.745,35017300,0.744,31679100,0.749,82077400,0.75,88445000,0.751,61301700,0.752,30394600,0.753,20296700,67,100,0
sh513130,09:32:33,1765157555200,5689.97,0.9078,4.5256,0.748,0.7486,-0.0801,631200,472218,0.7481,0.748,46279300,0.747,52214500,0.746,63763800,0.745,35017300,0.744,31706100,0.749,82181100,0.75,88450400,0.751,61375000,0.752,30394600,0.753,20336700,636,100,0
sh513130,09:32:36,1765157557183,5690.37,0.9078,3.4269,0.749,0.7486,0.0534,689800,516207,0.7483,0.748,44042200,0.747,54316700,0.746,63763800,0.745,37875100,0.744,31701300,0.749,82271900,0.75,88450400,0.751,61376000,0.752,30418700,0.753,20352700,706,100,0
sh513130,09:32:39,1765157560184,5689.6,0.9078,2.968,0.748,0.7485,-0.0668,2050600,1533955,0.7481,0.748,27662000,0.747,62510500,0.746,63746300,0.745,39875600,0.744,33651100,0.749,94557900,0.75,88826200,0.751,49381300,0.752,30526900,0.753,20352700,1540,100,0
sh513130,09:32:42,1765157564199,5689.9,0.9078,3.3957,0.749,0.7485,0.0668,780100,583537,0.748,0.748,26582800,0.747,56715900,0.746,63746300,0.745,41202400,0.744,33651100,0.749,94656600,0.75,89041300,0.751,49428400,0.752,30529100,0.753,20456700,1231,100,0
sh513130,09:32:45,1765157566202,5689.18,0.9078,2.6621,0.748,0.7485,-0.0668,1479100,1106626,0.7482,0.748,31702200,0.747,57534900,0.746,63674000,0.745,37045700,0.744,33651100,0.749,83156900,0.75,89934800,0.751,49476400,0.752,30675400,0.753,20728700,1056,100,0
sh513130,09:32:45,1765157568195,5690.76,0.9078,2.8132,0.748,0.7485,-0.0668,1479100,1106626,0.7482,0.748,31702200,0.747,57534900,0.746,63674000,0.745,37045700,0.744,33651100,0.749,83156900,0.75,89934800,0.751,49476400,0.752,30675400,0.753,20728700,856,100,0
sh513130,09:32:48,1765157570195,5690.84,0.9078,3.3973,0.749,0.7485,0.0668,359100,268812,0.7486,0.748,40575800,0.747,50335400,0.746,63739200,0.745,37889000,0.744,33656100,0.749,82978800,0.75,90895700,0.751,61594000,0.752,30713400,0.753,20757200,669,100,0
sh513130,09:32:51,1765157572200,5690.87,0.9078,3.6008,0.748,0.7485,-0.0668,703900,527207,0.749,0.748,41538300,0.747,49526800,0.746,63679200,0.745,38700900,0.744,33656100,0.749,82483400,0.75,91762400,0.751,61594000,0.752,30721100,0.753,20763800,489,100,0
sh513130,09:32:54,1765157576207,5691.18,0.9078,5.4171,0.748,0.7486,-0.0801,821000,614784,0.7488,0.748,41865500,0.747,50323800,0.746,64021200,0.745,39398700,0.744,32849700,0.749,81899600,0.75,92613500,0.751,61604200,0.752,30721100,0.753,20763800,142,100,0
sh513130,09:32:57,1765157580214,5692.97,0.9078,4.6205,0.748,0.7486,-0.0801,259400,194208,0.7487,0.748,42124100,0.747,50241200,0.746,64012800,0.745,39301500,0.744,32849700,0.749,73530500,0.75,93716800,0.751,61754200,0.752,30771100,0.753,21106200,1672,100,0
sh513130,09:33:00,1765157583226,5692.79,0.9078,4.4007,0.748,0.7492,-0.1602,367700,275126,0.7482,0.748,42880600,0.747,50296300,0.746,63957800,0.745,39329500,0.744,32851700,0.749,82039900,0.75,94801600,0.751,61743800,0.752,30803100,0.753,21584600,645,100,0
sh513130,09:33:03,1765157585286,5692.45,0.9078,3.0362,0.748,0.7492,-0.1602,347800,260206,0.7481,0.748,41380700,0.747,50301100,0.746,63981700,0.745,39333500,0.744,32950700,0.749,82161600,0.75,94892700,0.751,62596600,0.752,30817000,0.753,21584600,529,100,0
sh513130,09:33:06,1765157588229,5691.81,0.9078,3.2084,0.748,0.7492,-0.1602,1078500,806897,0.7482,0.748,45113500,0.747,51317300,0.746,63799700,0.745,39330500,0.744,32805000,0.749,73833200,0.75,103392700,0.751,62536600,0.752,30739400,0.753,21591300,1300,100,0
sh513130,09:33:09,1765157591252,5696.02,0.9078,6.4143,0.749,0.7492,-0.0267,3714800,2781742,0.7488,0.748,57004700,0.747,52327800,0.746,51672100,0.745,39247600,0.744,32942400,0.749,28503900,0.75,98182600,0.751,82817900,0.752,45699400,0.753,25102200,744,100,0
sh513130,09:33:12,1765157594224,5694.15,0.9078,4.91,0.749,0.7492,-0.0267,1204300,901920,0.7489,0.748,60256100,0.747,52580300,0.746,51544200,0.745,39297000,0.744,32952400,0.749,27738700,0.75,98285600,0.751,82863000,0.752,45682500,0.753,25192200,784,100,0
sh513130,09:33:15,1765157597360,5692.51,0.9078,3.3504,0.749,0.7492,-0.0267,488700,365794,0.7485,0.748,60732600,0.747,53610300,0.746,52375500,0.745,39285900,0.744,33102400,0.749,31779700,0.75,98475500,0.751,83738100,0.752,45732500,0.753,25302200,875,100,0
sh513130,09:33:18,1765157600241,5692.7,0.9078,4.4187,0.749,0.7492,-0.0267,597300,446883,0.7482,0.748,45788100,0.747,53808700,0.746,66463000,0.745,39305900,0.744,33102400,0.749,76630500,0.75,90376800,0.751,84984600,0.752,30772600,0.753,25302200,285,100,0
sh513130,09:33:21,1765157603260,5693.02,0.9078,5.8679,0.749,0.7492,-0.0267,2687900,2013153,0.749,0.748,45837300,0.747,55961600,0.746,65789800,0.745,39135900,0.744,33102800,0.749,74972200,0.75,90816400,0.751,85051000,0.752,33992300,0.753,24023800,739,100,0
sh513130,09:33:24,1765157606397,5692.99,0.9078,3.7147,0.749,0.7492,-0.0267,2090800,1564889,0.7485,0.748,44763000,0.747,56380600,0.746,66620300,0.745,39155900,0.744,33102800,0.749,30006900,0.75,100328500,0.751,85199400,0.752,48929000,0.753,25033800,1874,100,0
sh513130,09:33:27,1765157608272,5692.53,0.9078,3.268,0.749,0.7492,-0.0267,720400,539520,0.7489,0.748,45987600,0.747,56412700,0.746,55186500,0.745,39196100,0.744,33101800,0.749,29804000,0.75,101581600,0.751,85219400,0.752,48929000,0.753,25053800,1756,100,0
sh513130,09:33:30,1765157612279,5693.33,0.9078,2.9657,0.749,0.7492,-0.0267,2454000,1838026,0.749,0.748,46806400,0.747,56354600,0.746,68041700,0.745,39214800,0.744,33038900,0.749,27527100,0.75,102440000,0.751,85269400,0.752,48968300,0.753,25072500,1236,100,0
sh513130,09:33:33,1765157616296,5692.4,0.9078,4.6592,0.749,0.7492,-0.0267,459900,344436,0.7489,0.748,46751800,0.747,55345400,0.746,68030100,0.745,39214800,0.744,33038900,0.749,74968200,0.75,95040100,0.751,85299000,0.752,33924900,0.753,25117500,1088,100,0
sh513130,09:33:36,1765157617286,5691.76,0.9078,4.4592,0.749,0.7492,-0.0267,1067300,799405,0.749,0.748,44499600,0.747,55364100,0.746,63003800,0.745,41184800,0.744,33038900,0.749,86709200,0.75,95920300,0.751,74205600,0.752,33969900,0.753,25122500,728,100,0
sh513130,09:33:39,1765157621263,5691.86,0.9078,2.9366,0.749,0.7486,0.0534,1459100,1092773,0.7489,0.748,35980000,0.747,63702400,0.746,62990200,0.745,41184800,0.744,33038900,0.749,86402300,0.75,96660000,0.751,74255600,0.752,34536200,0.753,25150500,774,100,0
sh513130,09:33:42,1765157624280,5692.23,0.9078,4.0,0.749,0.7486,0.0534,641000,479872,0.7486,0.748,49964800,0.747,56409200,0.746,62943400,0.745,39184800,0.744,33036900,0.749,74616400,0.75,96683700,0.751,87099600,0.752,34548800,0.753,25150500,359,100,0
sh513130,09:33:45,1765157627279,5691.12,0.9078,3.9792,0.748,0.7485,-0.0668,320400,239724,0.7482,0.748,50855000,0.747,56462200,0.746,63028400,0.745,39164800,0.744,33036900,0.749,75293900,0.75,96745300,0.751,86955100,0.752,34560800,0.753,25750200,755,100,0
sh513130,09:33:48,1765157629286,5690.76,0.9078,3.5055,0.749,0.7485,0.0668,582900,436419,0.7487,0.748,51137900,0.747,56417100,0.746,63850500,0.745,39164800,0.744,33036900,0.749,72373300,0.75,96760100,0.751,86966900,0.752,33570800,0.753,25790600,783,100,0
sh513130,09:33:51,1765157633288,5692.96,0.9078,5.7121,0.749,0.7485,0.0668,310600,232477,0.7485,0.748,51424000,0.747,56415500,0.746,64210300,0.745,39146500,0.744,32936900,0.749,28846100,0.75,105466400,0.751,86982700,0.752,49641800,0.753,25834600,699,100,0
sh513130,09:33:54,1765157636317,5692.52,0.9078,3.8912,0.748,0.7492,-0.1602,876100,656033,0.7488,0.748,56515900,0.747,61465500,0.746,69667100,0.745,39148500,0.744,33009400,0.749,72779300,0.75,97116400,0.751,87196000,0.752,34893800,0.753,25886100,1570,100,0
sh513130,09:33:57,1765157639316,5691.82,0.9078,1.8764,0.749,0.7492,-0.0267,1164300,871431,0.7485,0.748,56200600,0.747,60455500,0.746,70582300,0.745,39320500,0.744,33009400,0.749,72750800,0.75,97858100,0.751,88570100,0.752,35419600,0.753,25888100,233,100,0
sh513130,09:34:00,1765157642295,5693.04,0.9078,1.2788,0.748,0.7492,-0.1602,190000,142215,0.7485,0.748,56667800,0.747,61366600,0.746,70568600,0.745,39421000,0.744,33009400,0.749,64602900,0.75,106892400,0.751,87670100,0.752,35419600,0.753,26008100,1037,100,0
sh513130,09:34:03,1765157645309,5692.44,0.9078,3.1357,0.749,0.7492,-0.0267,614300,459975,0.7488,0.748,56789000,0.747,60413800,0.746,71014500,0.745,39421100,0.744,33009400,0.749,65208000,0.75,107945900,0.751,89489600,0.752,35433100,0.753,26129300,737,100,0
sh513130,09:34:06,1765157648302,5692.67,0.9078,4.1801,0.749,0.7492,-0.0267,3076600,2304281,0.749,0.748,57709500,0.747,60511700,0.746,70764000,0.745,39420800,0.744,33006400,0.749,71163700,0.75,103969000,0.751,89496900,0.752,35494800,0.753,26161300,485,100,0
sh513130,09:34:09,1765157651317,5693.14,0.9078,7.6669,0.748,0.7491,-0.1468,541400,405432,0.7489,0.748,57644700,0.747,61719200,0.746,66739700,0.745,39406300,0.744,33016400,0.749,26560500,0.75,112323600,0.751,88484200,0.752,50530800,0.753,26262300,758,100,0
sh513130,09:34:12,1765157654318,5693.63,0.9078,5.7716,0.748,0.7491,-0.1468,604400,452374,0.7485,0.748,58536000,0.747,61749200,0.746,65734700,0.745,39391400,0.744,33016400,0.749,45502400,0.75,112628000,0.751,89585000,0.752,50501400,0.753,26281900,1841,100,0
sh513130,09:34:15,1765157656326,5694.35,0.9078,5.162,0.749,0.7491,-0.0133,812800,608222,0.7483,0.748,70140400,0.747,61828000,0.746,54614600,0.745,39371300,0.744,33016400,0.749,27999300,0.75,112527300,0.751,88624000,0.752,50501000,0.753,26413200,1784,100,0
sh513130,09:34:18,1765157660375,5693.74,0.9078,5.0259,0.749,0.7491,-0.0133,377500,282499,0.7483,0.748,59800700,0.747,61781000,0.746,67455200,0.745,39391300,0.744,33016400,0.749,66875700,0.75,112754100,0.751,88609300,0.752,35775900,0.753,26402100,1697,100,0
sh513130,09:34:21,1765157663332,5693.53,0.9078,5.9347,0.748,0.7491,-0.1468,441600,330608,0.7487,0.748,58145300,0.747,60767900,0.746,69267200,0.745,39793300,0.744,33016400,0.749,72299800,0.75,104929900,0.751,89614800,0.752,35785900,0.753,26402100,286,100,0
sh513130,09:34:24,1765157666357,5692.52,0.9078,3.8249,0.748,0.7491,-0.1468,1697800,1271631,0.749,0.748,47867600,0.747,69224600,0.746,66814800,0.745,41784700,0.744,33016400,0.749,71797800,0.75,104747700,0.751,89636800,0.752,35777700,0.753,26405100,1142,100,0
sh513130,09:34:27,1765157670359,5693.87,0.9078,4.1374,0.749,0.7491,-0.0133,1931600,1445624,0.7484,0.748,57784300,0.747,61865200,0.746,67666800,0.745,39433400,0.744,33016400,0.749,48932400,0.75,104845500,0.751,89708400,0.752,50944200,0.753,26405100,818,100,0
sh513130,09:34:30,1765157671337,5695.66,0.9078,4.7602,0.748,0.7491,-0.1468,2131800,1596613,0.749,0.748,70983800,0.747,62249500,0.746,55493300,0.745,39433400,0.744,33016400,0.749,23021000,0.75,103611000,0.751,88714400,0.752,52464200,0.753,29410100,842,100,0
sh513130,09:34:33,1765157674346,5696.23,0.9078,3.9135,0.749,0.7491,-0.0133,26435900,19800439,0.749,0.749,40491000,0.748,71069800,0.747,60342800,0.746,51926200,0.745,34433400,0.75,104842100,0.751,92705800,0.752,53082700,0.753,33167400,0.754,13840300,461,100,0
sh513130,09:34:36,1765157678355,5697.67,0.9078,4.5049,0.749,0.7491,-0.0133,549600,411750,0.7492,0.749,58026600,0.748,65130200,0.747,60332500,0.746,49351400,0.745,34443100,0.75,105185300,0.751,92709800,0.752,53093700,0.753,33304600,0.754,13832300,133,100,0
sh513130,09:34:39,1765157681364,5698.37,0.9078,6.9482,0.749,0.7498,-0.1067,980300,734265,0.749,0.749,62257400,0.748,65062300,0.747,61221900,0.746,47591400,0.745,34513300,0.75,92254800,0.751,92685100,0.752,54316700,0.753,33328100,0.754,13832400,822,100,0
sh513130,09:34:42,1765157683377,5699.01,0.9078,4.6608,0.749,0.7498,-0.1067,482800,361647,0.7491,0.749,64869400,0.748,65963800,0.747,61221900,0.746,46697600,0.745,34495000,0.75,92320200,0.751,92732200,0.752,66326300,0.753,33348100,0.754,13828900,784,100,0
sh513130,09:34:45,1765157687379,5699.89,0.9078,6.9918,0.75,0.7498,0.0267,1243200,931329,0.7491,0.749,65289800,0.748,66411500,0.747,61321900,0.746,47437600,0.745,34373400,0.75,92575800,0.751,92735200,0.752,66326300,0.753,33348100,0.754,13828900,421,100,0
sh513130,09:34:48,1765157690399,5700.31,0.9078,4.2741,0.749,0.7498,-0.1067,3471000,2600081,0.7491,0.749,63749900,0.748,66498500,0.747,61424300,0.746,47445800,0.745,34662200,0.75,93496900,0.751,92857300,0.752,67166600,0.753,33449100,0.754,13854100,1276,100,0
sh513130,09:34:51,1765157692385,5700.83,0.9078,2.8452,0.749,0.7498,-0.1067,465600,348882,0.7493,0.749,65783000,0.748,65647900,0.747,61633900,0.746,46008300,0.745,35504500,0.75,85364300,0.751,101282300,0.752,68134700,0.753,33449100,0.754,13869100,1055,100,0
sh513130,09:34:54,1765157696398,5701.62,0.9078,1.5305,0.75,0.7498,0.0267,809800,607335,0.75,0.749,68772700,0.748,65157200,0.747,61910000,0.746,45973700,0.745,35505700,0.75,86091800,0.751,101335900,0.752,71134400,0.753,33459100,0.754,13872100,751,100,0
sh513130,09:34:57,1765157699387,5701.36,0.9078,2.0899,0.75,0.7498,0.0267,316400,237026,0.7491,0.749,69473400,0.748,65449900,0.747,60998500,0.746,45973700,0.745,35505700,0.75,95036800,0.751,92931900,0.752,71251500,0.753,33459200,0.754,13925000,828,100,0
sh513130,09:35:00,1765157702402,5702.43,0.9078,5.2505,0.75,0.7498,0.0267,1001200,750864,0.75,0.749,71451600,0.748,65444500,0.747,60868100,0.746,45894500,0.745,35506200,0.75,95296900,0.751,93941900,0.752,72219300,0.753,33500600,0.754,13925000,241,100,0
sh513130,09:35:03,1765157705400,5701.82,0.9078,3.6241,0.75,0.7498,0.0267,661100,495692,0.7498,0.749,71635000,0.748,64544500,0.747,59887400,0.746,50822500,0.745,35490400,0.75,71476200,0.751,94049600,0.752,73432800,0.753,48500600,0.754,13945500,910,100,0
sh513130,09:35:06,1765157708400,5701.83,0.9078,3.4344,0.75,0.7498,0.0267,856600,641950,0.7494,0.749,83584000,0.748,64170100,0.747,48973200,0.746,50902500,0.745,35447000,0.75,54197700,0.751,102286000,0.752,91466000,0.753,48455000,0.754,13945500,1876,100,0
sh513130,09:35:09,1765157711407,5703.74,0.9078,3.9242,0.75,0.7498,0.0267,46409000,34806689,0.75,0.75,24621900,0.749,72552500,0.748,60411400,0.747,45361800,0.746,50573000,0.751,85381400,0.752,91418100,0.753,49885300,0.754,14052500,0.755,20882100,522,100,0
sh513130,09:35:12,1765157714432,5704.59,0.9078,3.5891,0.75,0.7498,0.0267,1683100,1263333,0.7506,0.75,34818200,0.749,83199700,0.748,59450300,0.747,38694600,0.746,45587400,0.751,97170500,0.752,92708300,0.753,50164400,0.754,17243600,0.755,21058600,1377,100,0
sh513130,09:35:15,1765157716430,5705.38,0.9078,2.1038,0.75,0.7504,-0.0533,454900,341290,0.7503,0.75,44859700,0.749,83145700,0.748,59157900,0.747,41997100,0.746,45457400,0.751,91304800,0.752,93355000,0.753,50164400,0.754,23540400,0.755,21102200,4,100,0
sh513130,09:35:18,1765157719416,5705.43,0.9078,3.131,0.75,0.7504,-0.0533,536600,402852,0.7507,0.75,45113100,0.749,83157100,0.748,59021700,0.747,41756300,0.746,45453200,0.751,91160900,0.752,93473000,0.753,50710400,0.754,23621300,0.755,21132900,723,100,0
sh513130,09:35:21,1765157723425,5705.78,0.9078,1.9799,0.75,0.7504,-0.0533,644600,483635,0.7503,0.75,43358200,0.749,83957300,0.748,58721700,0.747,42793100,0.746,45453200,0.751,91337400,0.752,93750000,0.753,50757400,0.754,23706300,0.755,21160200,865,100,0
sh513130,09:35:24,1765157725440,5705.34,0.9078,2.9328,0.75,0.7504,-0.0533,1752300,1314664,0.7503,0.75,34657500,0.749,83940000,0.748,59132700,0.747,43689900,0.746,45483200,0.751,101195800,0.752,94727500,0.753,50757400,0.754,14458600,0.755,22182700,900,100,0
sh513130,09:35:27,1765157729442,5704.38,0.9078,2.621,0.75,0.7504,-0.0533,9037800,6778500,0.75,0.75,26507500,0.749,84806600,0.748,58148200,0.747,43689900,0.746,45483200,0.751,94586300,0.752,95453400,0.753,50747400,0.754,14458600,0.755,22279100,870,100,0
sh513130,09:35:30,1765157733440,5706.18,0.9078,2.3155,0.75,0.7504,-0.0533,1495100,1122345,0.7507,0.75,32943000,0.749,84630300,0.748,58218500,0.747,43372500,0.746,45350300,0.751,100934100,0.752,94528400,0.753,51841600,0.754,14558600,0.755,22301200,802,100,0
sh513130,09:35:33,1765157736449,5705.51,0.9078,2.0606,0.751,0.7504,0.08,1008900,756774,0.7501,0.75,30210600,0.749,85700300,0.748,58010900,0.747,48371100,0.746,45380800,0.751,103994600,0.752,94561900,0.753,52695600,0.754,14757900,0.755,22401800,17,100,0
sh513130,09:35:36,1765157738449,5705.67,0.9078,1.8121,0.75,0.7504,-0.0533,4637100,3478490,0.7501,0.75,26640700,0.749,84956500,0.748,57842800,0.747,48409800,0.746,45082000,0.751,104245700,0.752,94772200,0.753,53552700,0.754,14758200,0.755,22712800,11,100,0
sh513130,09:35:39,1765157741456,5703.6,0.9078,4.9245,0.75,0.7504,-0.0533,27499700,20625309,0.75,0.749,85185100,0.748,56204500,0.747,50547900,0.746,44703700,0.745,35316500,0.75,28472900,0.751,104909700,0.752,95691400,0.753,51065900,0.754,14760900,151,100,0
sh513130,09:35:42,1765157744451,5699.96,0.9078,2.0559,0.75,0.7504,-0.0533,1843300,1382413,0.75,0.749,78590300,0.748,57131000,0.747,46090900,0.746,45172400,0.745,35316500,0.75,71387700,0.751,97376400,0.752,94900600,0.753,34181000,0.754,15199100,5,100,0
sh513130,09:35:45,1765157747474,5698.55,0.9078,0.1374,0.75,0.7504,-0.0533,742400,556797,0.75,0.749,62541800,0.748,66509500,0.747,59193900,0.746,47552400,0.745,35326500,0.75,91413800,0.751,97770200,0.752,82841700,0.753,29616500,0.754,15211900,931,100,0
sh513130,09:35:48,1765157750457,5697.77,0.9078,1.1713,0.75,0.7504,-0.0533,1442600,1081945,0.75,0.749,53518200,0.748,65504600,0.747,59193900,0.746,53404300,0.745,35326500,0.75,96426800,0.751,99501300,0.752,82116500,0.753,27459000,0.754,15216900,458,100,0
sh513130,09:35:51,1765157752479,5696.21,0.9078,2.2971,0.75,0.7504,-0.0533,6157500,4613570,0.7493,0.749,27346800,0.748,65349700,0.747,59185600,0.746,56206200,0.745,35328000,0.75,95768800,0.751,103654700,0.752,77343200,0.753,27503500,0.754,15352000,2,100,0
sh513130,09:35:54,1765157756507,5694.49,0.9078,4.3655,0.75,0.7497,0.04,1033300,774068,0.7491,0.749,24642300,0.748,65572400,0.747,59185600,0.746,57049100,0.745,34960300,0.75,95903500,0.751,105030700,0.752,77465900,0.753,27734800,0.754,15357000,4,100,0
sh513130,09:35:57,1765157759477,5695.23,0.9078,2.8514,0.749,0.7497,-0.0934,31532200,23617687,0.749,0.748,67791700,0.747,60188600,0.746,57894300,0.745,35981300,0.744,32682100,0.749,3848900,0.75,96951500,0.751,102597500,0.752,77467000,0.753,26735100,748,100,0
sh513130,09:36:00,1765157762479,5698.6,0.9078,1.3534,0.749,0.7497,-0.0934,10724100,8032394,0.749,0.749,15043200,0.748,68293500,0.747,60225600,0.746,58634800,0.745,35934000,0.75,100119900,0.751,101802900,0.752,77478600,0.753,26749600,0.754,15372400,42,100,0
sh513130,09:36:03,1765157765477,5698.06,0.9078,2.4491,0.749,0.7497,-0.0934,779300,583751,0.7491,0.749,49309900,0.748,60949200,0.747,48236900,0.746,51184800,0.745,35934000,0.75,76642500,0.751,102965000,0.752,89506200,0.753,36505600,0.754,15442100,215,100,0
sh513130,09:36:06,1765157768476,5697.57,0.9078,2.4482,0.749,0.7497,-0.0934,1417300,1061607,0.749,0.749,36163300,0.748,60802700,0.747,59332800,0.746,51344800,0.745,35934000,0.75,81321500,0.751,102608800,0.752,89556200,0.753,36715300,0.754,15675100,52,100,0
sh513130,09:36:09,1765157771490,5697.83,0.9078,2.5189,0.75,0.7498,0.0267,101300,75900,0.7493,0.749,19618100,0.748,69419700,0.747,59368800,0.746,53394800,0.745,35934000,0.75,101835200,0.751,103291000,0.752,77721800,0.753,30039300,0.754,15680100,951,100,0
sh513130,09:36:12,1765157774494,5694.85,0.9078,0.5662,0.749,0.7498,-0.1067,12836800,9614776,0.749,0.748,70373900,0.747,60355300,0.746,58794800,0.745,36013200,0.744,32662100,0.749,11167300,0.75,107413400,0.751,103617700,0.752,77778600,0.753,27075800,63,100,0
sh513130,09:36:15,1765157776505,5693.07,0.9078,1.831,0.749,0.7498,-0.1067,1027300,769448,0.749,0.748,70471000,0.747,60616100,0.746,53814800,0.745,36992900,0.744,32662100,0.749,55473800,0.75,102464100,0.751,103407800,0.752,44420400,0.753,27089800,82,100,0
sh513130,09:36:18,1765157779507,5694.34,0.9078,2.5536,0.749,0.7498,-0.1067,6468800,4845122,0.749,0.748,70683600,0.747,60694400,0.746,54665900,0.745,36999900,0.744,32662100,0.749,34158000,0.75,107236400,0.751,103441100,0.752,59673400,0.753,26986800,855,100,0
sh513130,09:36:21,1765157783507,5693.67,0.9078,1.576,0.749,0.7498,-0.1067,634100,474935,0.749,0.748,70783500,0.747,60696400,0.746,54726200,0.745,41999900,0.744,32662100,0.749,29237300,0.75,108697300,0.751,103389600,0.752,60119000,0.753,26815800,785,100,0
sh513130,09:36:24,1765157785520,5695.71,0.9078,0.5528,0.749,0.7491,-0.0133,9282100,6952292,0.749,0.749,3709500,0.748,70921700,0.747,60715600,0.746,56435400,0.745,42067100,0.75,108894200,0.751,103641400,0.752,60502700,0.753,26866100,0.754,15961800,636,100,0
sh513130,09:36:27,1765157788505,5695.47,0.9078,3.3811,0.749,0.7491,-0.0133,902900,676273,0.749,0.749,675900,0.748,73081600,0.747,59729600,0.746,56888700,0.745,41642200,0.75,107761700,0.751,104785800,0.752,60695200,0.753,26866100,0.754,15961800,5,100,0
sh513130,09:36:30,1765157792516,5696.28,0.9078,0.8927,0.749,0.7498,-0.1067,1898300,1421928,0.7491,0.748,73155400,0.747,61064500,0.746,58132200,0.745,41910400,0.744,32692100,0.749,141300,0.75,108844700,0.751,104924900,0.752,60826000,0.753,26877100,2,100,0
sh513130,09:36:33,1765157795525,5696.09,0.9078,3.6896,0.749,0.7498,-0.1067,4062400,3043459,0.7492,0.749,14091400,0.748,74462100,0.747,68466500,0.746,59315800,0.745,41956200,0.75,107778000,0.751,105910700,0.752,65584400,0.753,26897100,0.754,15978400,995,100,0
sh513130,09:36:36,1765157797523,5696.75,0.9078,2.8887,0.749,0.7491,-0.0133,649500,486585,0.7492,0.749,15051300,0.748,74774800,0.747,69679600,0.746,58894000,0.745,41980900,0.75,108013400,0.751,106984200,0.752,65984400,0.753,26917100,0.754,15978400,1024,100,0
sh513130,09:36:39,1765157801525,5695.93,0.9078,3.3644,0.749,0.7491,-0.0133,1662300,1245081,0.749,0.749,21484900,0.748,76327800,0.747,69679100,0.746,58897000,0.745,42480900,0.75,108171100,0.751,107929200,0.752,66378300,0.753,26980400,0.754,15989300,1019,100,0
sh513130,09:36:42,1765157804530,5697.31,0.9078,1.4781,0.749,0.7491,-0.0133,280700,210252,0.749,0.749,38209600,0.748,76253400,0.747,68662200,0.746,58937100,0.745,42483900,0.75,109133300,0.751,108131700,0.752,67261000,0.753,26892300,0.754,16034300,26,100,0
sh513130,09:36:45,1765157806527,5697.1,0.9078,4.1317,0.75,0.7498,0.0267,148700,111387,0.7491,0.749,36706900,0.748,75330700,0.747,68672200,0.746,70905200,0.745,54524700,0.75,110091000,0.751,108220400,0.752,80151800,0.753,38889900,0.754,16035300,41,100,0
sh513130,09:36:48,1765157809557,5697.34,0.9078,3.7102,0.749,0.7498,-0.1067,294200,220388,0.7491,0.749,34209300,0.748,75443000,0.747,69011800,0.746,70952500,0.745,54539700,0.75,114453700,0.751,113270400,0.752,83472700,0.753,38889900,0.754,16058000,810,100,0
sh513130,09:36:51,1765157813558,5697.15,0.9078,3.8337,0.75,0.7491,0.1201,199000,149109,0.7493,0.749,31128000,0.748,75626400,0.747,69202200,0.746,70972500,0.745,54559700,0.75,116468200,0.751,113280500,0.752,83561700,0.753,38890400,0.754,16001600,484,100,0
sh513130,09:36:54,1765157816556,5697.99,0.9078,3.4755,0.75,0.7491,0.1201,158700,118888,0.7491,0.749,32375500,0.748,75653000,0.747,69252200,0.746,70972500,0.745,54553800,0.75,116551400,0.751,113339500,0.752,83565700,0.753,38890400,0.754,16001600,37,100,0
sh513130,09:36:57,1765157818566,5698.38,0.9078,1.6848,0.75,0.7491,0.1201,262500,196792,0.7497,0.749,36021200,0.748,75687100,0.747,69282200,0.746,71133300,0.745,54573300,0.75,118709600,0.751,113461200,0.752,83574800,0.753,38892000,0.754,16011600,9,100,0
sh513130,09:37:00,1765157822566,5698.12,0.9078,2.8594,0.75,0.7491,0.1201,391900,293866,0.7498,0.749,41347200,0.748,75685100,0.747,69232200,0.746,71152100,0.745,54573300,0.75,124784200,0.751,118614400,0.752,88575800,0.753,43891000,0.754,21008600,45,100,0
sh513130,09:37:03,1765157824574,5698.86,0.9078,2.3174,0.75,0.7491,0.1201,413600,310064,0.7497,0.749,45812900,0.748,75685100,0.747,68312200,0.746,71362100,0.745,54573300,0.75,125506200,0.751,118713700,0.752,88583800,0.753,43911000,0.754,21020600,68,100,0
sh513130,09:37:06,1765157827572,5698.31,0.9078,5.3197,0.75,0.7491,0.1201,892800,669462,0.7498,0.749,49923800,0.748,75741800,0.747,69302200,0.746,66377100,0.745,54585400,0.75,126780500,0.751,118747700,0.752,88617500,0.753,43911000,0.754,21101300,1097,100,0
sh513130,09:37:09,1765157831579,5698.18,0.9078,4.0908,0.749,0.7491,-0.0133,165800,124259,0.7495,0.749,44927700,0.748,76393500,0.747,69302200,0.746,71377100,0.745,54584100,0.75,127266600,0.751,118768700,0.752,88637800,0.753,43911000,0.754,21101300,1063,100,0
sh513130,09:37:12,1765157834596,5699.2,0.9078,4.6548,0.749,0.7491,-0.0133,548800,411394,0.7496,0.749,61324000,0.748,69029900,0.747,69301200,0.746,64338600,0.745,54538300,0.75,117074700,0.751,118433200,0.752,88682800,0.753,53772000,0.754,21106300,133,100,0
sh513130,09:37:15,1765157837583,5699.56,0.9078,1.3286,0.749,0.7498,-0.1067,306700,229822,0.7493,0.749,58766300,0.748,69116300,0.747,68310200,0.746,66358600,0.745,54538300,0.75,117075900,0.751,118401300,0.752,88685800,0.753,53772000,0.754,21130300,611,100,0
sh513130,09:37:18,1765157839606,5697.23,0.9078,1.9619,0.749,0.7498,-0.1067,1420000,1063605,0.749,0.749,39509800,0.748,76348000,0.747,69308500,0.746,71298600,0.745,54639100,0.75,127880100,0.751,119415300,0.752,88762200,0.753,44026000,0.754,21178100,460,100,0
sh513130,09:37:21,1765157843598,5697.03,0.9078,-0.0262,0.749,0.7498,-0.1067,683100,511925,0.7494,0.749,34051600,0.748,76162800,0.747,69298500,0.746,71112000,0.745,54639100,0.75,129097400,0.751,119550400,0.752,88852200,0.753,44036000,0.754,21282400,98,100,0
sh513130,09:37:24,1765157845600,5697.26,0.9078,1.8623,0.749,0.7498,-0.1067,11658500,8732316,0.749,0.749,4282300,0.748,76325500,0.747,69408500,0.746,71462000,0.745,54644100,0.75,130719600,0.751,119614700,0.752,88852200,0.753,44006000,0.754,21282400,1102,100,0
sh513130,09:37:24,1765157847615,5697.58,0.9078,2.9937,0.749,0.7498,-0.1067,11658500,8732316,0.749,0.749,4282300,0.748,76325500,0.747,69408500,0.746,71462000,0.745,54644100,0.75,130719600,0.751,119614700,0.752,88852200,0.753,44006000,0.754,21282400,1137,100,0
sh513130,09:37:27,1765157849616,5697.85,0.9078,4.2297,0.749,0.7498,-0.1067,3910300,2928868,0.749,0.749,1590500,0.748,76323300,0.747,70476800,0.746,71462000,0.745,55483100,0.75,131705800,0.751,118645600,0.752,89165300,0.753,44221000,0.754,21312400,1130,100,0
sh513130,09:37:30,1765157851598,5699.67,0.9078,3.469,0.749,0.7491,-0.0133,4332800,3245388,0.749,0.749,15892000,0.748,77611200,0.747,69610800,0.746,66082000,0.745,54678600,0.75,122926200,0.751,118577400,0.752,89395600,0.753,53977000,0.754,21327400,1084,100,0
sh513130,09:37:33,1765157855604,5698.27,0.9078,2.1164,0.749,0.7491,-0.0133,1957500,1466193,0.749,0.749,8333400,0.748,76675500,0.747,71491700,0.746,66082000,0.745,54685300,0.75,133094100,0.751,119637100,0.752,89215600,0.753,44221100,0.754,21357400,1083,100,0
sh513130,09:37:36,1765157858622,5697.48,0.9078,2.5371,0.749,0.7498,-0.1067,4531200,3393876,0.749,0.749,10662000,0.748,76693200,0.747,70491700,0.746,71416100,0.745,54685300,0.75,133861100,0.751,119658500,0.752,89215600,0.753,44198500,0.754,21357400,119,100,0
sh513130,09:37:39,1765157861623,5697.75,0.9078,0.2905,0.749,0.7498,-0.1067,5604300,4197624,0.749,0.748,76749600,0.747,71701700,0.746,71417100,0.745,54662200,0.744,32683200,0.749,1372500,0.75,133255100,0.751,119658500,0.752,89150800,0.753,44298500,706,100,0
sh513130,09:37:42,1765157863620,5697.32,0.9078,2.0265,0.749,0.7498,-0.1067,1829800,1370573,0.749,0.749,946800,0.748,75316600,0.747,72496100,0.746,71418500,0.745,54662200,0.75,133559700,0.751,119669000,0.752,88671700,0.753,44298500,0.754,21371200,559,100,0
sh513130,09:37:45,1765157867634,5699.19,0.9078,4.3424,0.749,0.7498,-0.1067,1845300,1382145,0.749,0.749,18294300,0.748,76236400,0.747,71306100,0.746,66418500,0.745,54595000,0.75,133106400,0.751,118880000,0.752,89089700,0.753,44334200,0.754,21386700,194,100,0
sh513130,09:37:48,1765157870639,5699.01,0.9078,6.7831,0.749,0.7498,-0.1067,563200,421839,0.749,0.749,16289300,0.748,76344700,0.747,70345100,0.746,66424200,0.745,54645000,0.75,124271900,0.751,118353400,0.752,89212300,0.753,54028800,0.754,21386700,147,100,0
sh513130,09:37:51,1765157873639,5698.13,0.9078,4.839,0.749,0.7498,-0.1067,3911900,2930109,0.749,0.749,2227500,0.748,76540800,0.747,70366800,0.746,71625200,0.745,54647000,0.75,134469100,0.751,119324400,0.752,89212300,0.753,45026300,0.754,21401200,1157,100,0
sh513130,09:37:54,1765157875650,5697.64,0.9078,6.2379,0.749,0.7498,-0.1067,3246800,2431911,0.749,0.748,76425300,0.747,72346800,0.746,71626300,0.745,55509700,0.744,32238900,0.749,3422300,0.75,135291200,0.751,118402000,0.752,89212500,0.753,45056300,1167,100,0
sh513130,09:37:57,1765157878643,5698.16,0.9078,4.3943,0.749,0.7498,-0.1067,5591000,4187418,0.749,0.748,76088300,0.747,72296800,0.746,71696800,0.745,55509700,0.744,32238900,0.749,3707700,0.75,135184800,0.751,119488200,0.752,88882500,0.753,45110100,167,100,0
sh513130,09:38:00,1765157881639,5698.59,0.9078,4.0903,0.748,0.7498,-0.2401,589800,441399,0.7484,0.748,75817500,0.747,72296800,0.746,70713800,0.745,56353600,0.744,32238900,0.749,23960200,0.75,135083800,0.751,119652500,0.752,89292500,0.753,45110100,1120,100,0
sh513130,09:38:03,1765157885654,5698.84,0.9078,3.8993,0.749,0.7498,-0.1067,6587900,4934098,0.749,0.748,75731400,0.747,71181500,0.746,70714800,0.745,54647300,0.744,32238900,0.749,1000000,0.75,136434900,0.751,119837400,0.752,89259600,0.753,45110100,812,100,0
sh513130,09:38:06,1765157888673,5698.09,0.9078,4.2225,0.749,0.7491,-0.0133,494100,369677,0.7482,0.748,74568300,0.747,72140800,0.746,70724800,0.745,55238400,0.744,32238900,0.749,4447800,0.75,137577800,0.751,119217300,0.752,89284600,0.753,45110100,191,100,0
sh513130,09:38:09,1765157890655,5698.62,0.9078,3.0033,0.748,0.7498,-0.2401,708400,530222,0.7485,0.748,71418200,0.747,67790800,0.746,70779300,0.745,56087700,0.744,32332200,0.749,2034800,0.75,135500900,0.751,119387300,0.752,89267900,0.753,45239900,192,100,0
sh513130,09:38:12,1765157894666,5699.25,0.9078,4.9796,0.749,0.7498,-0.1067,2473900,1852715,0.7489,0.749,22956200,0.748,64652700,0.747,68318300,0.746,70802100,0.745,53381300,0.75,111872100,0.751,120105800,0.752,89307900,0.753,58074400,0.754,33735400,191,100,0
sh513130,09:38:15,1765157897677,5698.78,0.9078,2.9412,0.749,0.7498,-0.1067,721200,540179,0.749,0.749,32227800,0.748,64933700,0.747,67991200,0.746,63502100,0.745,54401300,0.75,118752700,0.751,120220800,0.752,89307900,0.753,58174400,0.754,24736300,1169,100,0
sh513130,09:38:18,1765157900691,5700.28,0.9078,1.9441,0.749,0.7498,-0.1067,622000,465888,0.749,0.749,30038100,0.748,65379800,0.747,68006700,0.746,63549100,0.745,54366300,0.75,113564900,0.751,120232400,0.752,89081800,0.753,58191900,0.754,24736300,206,100,0
sh513130,09:38:21,1765157903688,5701.38,0.9078,4.7069,0.749,0.7498,-0.1067,554400,415466,0.7494,0.749,54773900,0.748,65514400,0.747,67290700,0.746,63559100,0.745,42369700,0.75,113127700,0.751,121441400,0.752,89086800,0.753,58198600,0.754,36734700,1144,100,0
sh513130,09:38:24,1765157905679,5702.07,0.9078,3.7382,0.749,0.7498,-0.1067,450300,337329,0.7491,0.749,65748000,0.748,65590900,0.747,68141600,0.746,63565000,0.745,42369700,0.75,80279000,0.751,130085800,0.752,89114400,0.753,73661000,0.754,36755700,1157,100,0
sh513130,09:38:27,1765157908703,5703.61,0.9078,2.8196,0.749,0.7498,-0.1067,701500,525462,0.7491,0.749,65513700,0.748,65972000,0.747,69022500,0.746,63575000,0.745,42369700,0.75,76597800,0.751,129955800,0.752,90116200,0.753,73664000,0.754,36780500,211,100,0
sh513130,09:38:30,1765157911700,5702.28,0.9078,2.7138,0.749,0.7505,-0.1999,1808400,1354855,0.7492,0.749,64346800,0.748,65001200,0.747,69889100,0.746,63818300,0.745,42394700,0.75,82408400,0.751,129955800,0.752,90267800,0.753,73665000,0.754,36781100,768,100,0
sh513130,09:38:33,1765157915764,5703.59,0.9078,5.1592,0.749,0.7505,-0.1999,538500,403481,0.7493,0.749,64069800,0.748,66185200,0.747,71336500,0.746,63818300,0.745,42494700,0.75,49372700,0.751,131635800,0.752,107367000,0.753,78923900,0.754,36884100,466,100,0
sh513130,09:38:36,1765157918720,5705.52,0.9078,4.2384,0.749,0.7505,-0.1999,11776800,8832356,0.75,0.749,66776100,0.748,66478600,0.747,69755900,0.746,63899000,0.745,42535500,0.75,34738900,0.751,130869800,0.752,107486400,0.753,78933900,0.754,36884500,193,100,0
sh513130,09:38:39,1765157920722,5705.76,0.9078,3.6297,0.75,0.7505,-0.0666,37945400,28459016,0.75,0.75,28286100,0.749,67529400,0.748,61877000,0.747,69484600,0.746,58956600,0.751,131065700,0.752,108646200,0.753,78977600,0.754,40034300,0.755,34247200,181,100,0
sh513130,09:38:42,1765157923720,5705.91,0.9078,4.5728,0.75,0.7505,-0.0666,1067200,800400,0.75,0.75,27584400,0.749,67624900,0.748,62387900,0.747,69051100,0.746,54011600,0.751,131160200,0.752,109491500,0.753,79069100,0.754,40034300,0.755,34247200,1177,100,0
sh513130,09:38:45,1765157926737,5706.12,0.9078,2.8891,0.75,0.7505,-0.0666,431500,323650,0.7501,0.75,26054600,0.749,67836200,0.748,61786900,0.747,64063700,0.746,54013600,0.751,132271000,0.752,110358700,0.753,79072100,0.754,40063400,0.755,34257200,220,100,0
sh513130,09:38:48,1765157930740,5705.81,0.9078,2.5795,0.75,0.7505,-0.0666,428700,321590,0.7502,0.75,28102100,0.749,68002300,0.748,61732800,0.747,62063700,0.746,54028600,0.751,113169000,0.752,111223900,0.753,80072100,0.754,46819400,0.755,46277500,206,100,0
sh513130,09:38:51,1765157932751,5706.11,0.9078,4.242,0.75,0.7505,-0.0666,1889900,1418609,0.7506,0.75,26127900,0.749,68973200,0.748,62173800,0.747,63878800,0.746,54028600,0.751,122580800,0.752,112112600,0.753,80233600,0.754,46819400,0.755,35479900,81,100,0
sh513130,09:38:54,1765157936762,5705.26,0.9078,3.6826,0.75,0.7505,-0.0666,1515500,1137626,0.7507,0.75,14617900,0.749,72228800,0.748,62116000,0.747,63766400,0.746,53922800,0.751,134236200,0.752,113045300,0.753,80231600,0.754,37063400,0.755,35479900,274,100,0
sh513130,09:38:57,1765157938773,5704.36,0.9078,1.4491,0.75,0.7505,-0.0666,3314700,2486043,0.75,0.75,10616500,0.749,72420300,0.748,62119000,0.747,63594100,0.746,53685700,0.751,135232100,0.752,113853800,0.753,80233600,0.754,37244500,0.755,35482400,239,100,0
sh513130,09:39:00,1765157941775,5703.79,0.9078,3.4164,0.749,0.7505,-0.1999,6085600,4564140,0.75,0.749,72317500,0.748,60927300,0.747,69042500,0.746,53687400,0.745,42347000,0.75,49388600,0.751,136335300,0.752,112854800,0.753,80253300,0.754,37246500,450,100,0
sh513130,09:39:03,1765157945791,5702.81,0.9078,3.8036,0.75,0.7505,-0.0666,1650000,1236695,0.7495,0.749,72127800,0.748,62063400,0.747,69042500,0.746,54539400,0.745,42347000,0.75,65627700,0.751,128429500,0.752,113861100,0.753,74853300,0.754,37283200,66,100,0
sh513130,09:39:06,1765157947809,5702.75,0.9078,2.6182,0.75,0.7505,-0.0666,571300,428204,0.7495,0.749,73187300,0.748,62059100,0.747,68745300,0.746,55391400,0.745,42347000,0.75,82466800,0.751,128547800,0.752,112798200,0.753,59853300,0.754,37503900,1297,100,0
sh513130,09:39:09,1765157950777,5698.93,0.9078,5.5242,0.75,0.7505,-0.0666,1239700,929660,0.7499,0.749,36202300,0.748,70011900,0.747,64076500,0.746,63643400,0.745,54344600,0.75,105517700,0.751,128148600,0.752,107957600,0.753,50067300,0.754,25506300,320,100,0
sh513130,09:39:12,1765157953790,5697.03,0.9078,3.4879,0.749,0.7505,-0.1999,32284600,24181465,0.749,0.748,73259900,0.747,66066500,0.746,64500400,0.745,54370600,0.744,32551600,0.749,9375900,0.75,104736800,0.751,123003000,0.752,107980600,0.753,50219700,1316,100,0
sh513130,09:39:15,1765157956797,5697.04,0.9078,1.82,0.749,0.7498,-0.1067,3706200,2775703,0.7489,0.748,73828800,0.747,66066500,0.746,67341000,0.745,54370600,0.744,32551600,0.749,898700,0.75,105075000,0.751,121968800,0.752,107583600,0.753,50299800,199,100,0
sh513130,09:39:18,1765157959812,5697.02,0.9078,3.168,0.749,0.7498,-0.1067,3924700,2939711,0.749,0.749,6288900,0.748,73804900,0.747,66387300,0.746,68026000,0.745,54412400,0.75,105932400,0.751,124119500,0.752,108033600,0.753,50393100,0.754,25529000,1038,100,0
sh513130,09:39:21,1765157962825,5696.17,0.9078,3.0275,0.749,0.7498,-0.1067,2909300,2179759,0.7492,0.749,5194300,0.748,73821700,0.747,66920800,0.746,67626500,0.745,54477500,0.75,108375300,0.751,124252500,0.752,108111800,0.753,50393200,0.754,25561600,328,100,0
sh513130,09:39:24,1765157965840,5696.77,0.9078,1.8196,0.749,0.7498,-0.1067,305600,228910,0.7491,0.749,10878800,0.748,73883100,0.747,65920800,0.746,67626500,0.745,54477500,0.75,110420200,0.751,123441000,0.752,108142800,0.753,50393200,0.754,25561600,556,100,0
sh513130,09:39:27,1765157968825,5696.86,0.9078,3.3265,0.749,0.7498,-0.1067,1057400,792086,0.7491,0.749,40976800,0.748,66423000,0.747,66005700,0.746,60716500,0.745,54477500,0.75,109573100,0.751,121439100,0.752,108368900,0.753,53403200,0.754,25665600,133,100,0
sh513130,09:39:30,1765157971840,5697.53,0.9078,2.058,0.749,0.7491,-0.0133,431400,323184,0.7492,0.749,41092200,0.748,67178000,0.747,66985000,0.746,60716500,0.745,54497500,0.75,100249200,0.751,121360500,0.752,108402000,0.753,53517700,0.754,37671000,47,100,0
sh513130,09:39:33,1765157974836,5700.12,0.9078,2.2253,0.749,0.7491,-0.0133,618900,463572,0.749,0.749,54468800,0.748,67381000,0.747,66006900,0.746,60706500,0.745,42499900,0.75,91177900,0.751,121401200,0.752,108407000,0.753,60273700,0.754,37691000,292,100,0
sh513130,09:39:36,1765157978850,5701.56,0.9078,2.0755,0.749,0.7498,-0.1067,608600,455853,0.749,0.749,53966700,0.748,66983000,0.747,67078600,0.746,60706500,0.745,42493900,0.75,90686300,0.751,121450600,0.752,109294400,0.753,60273700,0.754,37691000,362,100,0
sh513130,09:39:39,1765157981867,5700.28,0.9078,2.9681,0.75,0.7498,0.0267,312300,233939,0.7491,0.749,42351500,0.748,67016500,0.747,67078600,0.746,60728500,0.745,54305100,0.75,93217700,0.751,121258700,0.752,110994800,0.753,60273700,0.754,37658000,1376,100,0
sh513130,09:39:42,1765157983871,5700.38,0.9078,2.8432,0.749,0.7498,-0.1067,398900,298827,0.7491,0.749,42167200,0.748,67041000,0.747,67078600,0.746,60739900,0.745,54295200,0.75,94739800,0.751,121439300,0.752,109646800,0.753,60408700,0.754,37658000,1193,100,0
sh513130,09:39:45,1765157987873,5698.44,0.9078,3.3522,0.749,0.7498,-0.1067,300800,225326,0.7491,0.749,9886300,0.748,74519200,0.747,68068600,0.746,67739900,0.745,54305200,0.75,118173300,0.751,122496500,0.752,108825200,0.753,50652700,0.754,25652700,854,100,0
sh513130,09:39:48,1765157989872,5698.04,0.9078,2.2389,0.749,0.7498,-0.1067,2501100,1873346,0.749,0.749,7480200,0.748,74626600,0.747,68068600,0.746,68208000,0.745,54305200,0.75,120481400,0.751,122570700,0.752,108778700,0.753,50702500,0.754,25652700,674,100,0
sh513130,09:39:51,1765157992902,5698.34,0.9078,3.0544,0.749,0.7498,-0.1067,7674000,5747826,0.749,0.748,74912400,0.747,69088600,0.746,68207500,0.745,55148300,0.744,32624100,0.749,3200300,0.75,121384400,0.751,122370100,0.752,108850600,0.753,50768900,384,100,0
sh513130,09:39:54,1765157996912,5697.64,0.9078,2.4206,0.749,0.7498,-0.1067,830900,622124,0.7487,0.748,75094800,0.747,69091600,0.746,68217500,0.745,56001400,0.744,32624100,0.749,25979300,0.75,119567600,0.751,122521300,0.752,90421100,0.753,50768900,429,100,0
sh513130,09:39:57,1765157998910,5696.81,0.9078,2.1104,0.749,0.7498,-0.1067,481200,360112,0.7484,0.748,75151000,0.747,69132100,0.746,68242900,0.745,56856500,0.744,32624100,0.749,31574800,0.75,119209300,0.751,122500000,0.752,90521100,0.753,50793300,370,100,0
sh513130,09:40:00,1765158001921,5697.14,0.9078,2.0844,0.749,0.7498,-0.1067,325000,243293,0.7486,0.748,74901600,0.747,69331100,0.746,68277900,0.745,56856500,0.744,32624100,0.749,42414300,0.75,118600200,0.751,122568100,0.752,85581100,0.753,50798500,1412,100,0
sh513130,09:40:03,1765158005927,5696.15,0.9078,3.1901,0.748,0.7498,-0.2401,847200,634251,0.7486,0.748,78613200,0.747,72329500,0.746,71296100,0.745,61560900,0.744,35622300,0.749,41800800,0.75,118181500,0.751,121643100,0.752,85581100,0.753,50798500,1436,100,0
sh513130,09:40:06,1765158007922,5696.48,0.9078,5.2508,0.748,0.7498,-0.2401,357600,267582,0.7483,0.748,78404100,0.747,72672300,0.746,71296100,0.745,62162400,0.744,35628200,0.749,25969300,0.75,118366400,0.751,122646400,0.752,90621100,0.753,50808500,1299,100,0
sh513130,09:40:09,1765158010930,5696.17,0.9078,3.5618,0.748,0.7491,-0.1468,611200,457462,0.7485,0.748,78499600,0.747,72686400,0.746,71302400,0.745,62162400,0.744,35628200,0.749,29598300,0.75,119144200,0.751,122757300,0.752,90626100,0.753,50808500,374,100,0
sh513130,09:40:12,1765158013957,5698.07,0.9078,6.2506,0.749,0.7491,-0.0133,2003900,1500526,0.7488,0.748,78170000,0.747,72841100,0.746,71302400,0.745,62192400,0.744,34487400,0.749,5601400,0.75,119041200,0.751,122832300,0.752,91026100,0.753,51268600,828,100,0
sh513130,09:40:15,1765158016939,5698.78,0.9078,4.5461,0.749,0.7491,-0.0133,6633400,4968090,0.749,0.749,6724900,0.748,78143100,0.747,72048000,0.746,71302400,0.745,57192400,0.75,119113900,0.751,123892300,0.752,91026100,0.753,51268600,0.754,26047100,454,100,0
sh513130,09:40:18,1765158019951,5699.28,0.9078,3.1288,0.749,0.7491,-0.0133,433700,324850,0.749,0.749,15748100,0.748,78657900,0.747,72202200,0.746,65874100,0.745,57356600,0.75,119089800,0.751,123962200,0.752,91194600,0.753,54292000,0.754,26047100,310,100,0
sh513130,09:40:21,1765158022972,5699.85,0.9078,2.4999,0.749,0.7491,-0.0133,574000,429981,0.7491,0.749,27538100,0.748,78721900,0.747,72195600,0.746,65874100,0.745,57356600,0.75,120509000,0.751,124134800,0.752,91198600,0.753,54292000,0.754,26067100,458,100,0
sh513130,09:40:24,1765158026975,5700.61,0.9078,2.0879,0.749,0.7498,-0.1067,538600,403452,0.7491,0.749,26197300,0.748,80693200,0.747,72210300,0.746,65888400,0.745,57156600,0.75,122941000,0.751,123171500,0.752,91238600,0.753,54392000,0.754,26067100,458,100,0
sh513130,09:40:27,1765158028973,5701.2,0.9078,1.6122,0.749,0.7498,-0.1067,203700,152601,0.7491,0.749,43662400,0.748,72378700,0.747,71220300,0.746,63945800,0.745,57211600,0.75,104170200,0.751,123222800,0.752,91239600,0.753,61150500,0.754,26067100,497,100,0
sh513130,09:40:30,1765158031002,5700.6,0.9078,1.6852,0.749,0.7498,-0.1067,152200,114030,0.7492,0.749,44094300,0.748,72439000,0.747,71220300,0.746,63887300,0.745,57161800,0.75,107085200,0.751,123307800,0.752,91249600,0.753,61301500,0.754,38064700,493,100,0
sh513130,09:40:33,1765158035997,5701.5,0.9078,3.4312,0.749,0.7498,-0.1067,546000,408990,0.7491,0.749,32985100,0.748,72485500,0.747,71270300,0.746,63887300,0.745,57161800,0.75,114394000,0.751,123224500,0.752,91328200,0.753,54575500,0.754,38036100,1146,100,0
sh513130,09:40:36,1765158038040,5700.76,0.9078,3.5573,0.749,0.7498,-0.1067,260200,194898,0.749,0.749,36748100,0.748,72369300,0.747,71270300,0.746,65921100,0.745,57161800,0.75,118896400,0.751,123234500,0.752,91112700,0.753,61331500,0.754,26078500,1029,100,0
sh513130,09:40:39,1765158041002,5700.92,0.9078,2.2738,0.749,0.7498,-0.1067,37500,28088,0.749,0.749,27955600,0.748,81847200,0.747,71269100,0.746,65921100,0.745,57161800,0.75,126298100,0.751,122818700,0.752,91117200,0.753,54575500,0.754,26180600,475,100,0
sh513130,09:40:42,1765158044001,5701.17,0.9078,2.6267,0.749,0.7498,-0.1067,817000,611933,0.749,0.749,40585300,0.748,76511200,0.747,71270000,0.746,63921100,0.745,57161800,0.75,108654700,0.751,122819700,0.752,91087200,0.753,61361500,0.754,38229200,466,100,0
sh513130,09:40:45,1765158047022,5703.67,0.9078,3.3576,0.75,0.7498,0.0267,779500,584127,0.7494,0.749,52379600,0.748,76527300,0.747,72684800,0.746,63931100,0.745,45159100,0.75,47085700,0.751,132790800,0.752,108101500,0.753,81361500,0.754,38229200,486,100,0
sh513130,09:40:48,1765158051014,5705.07,0.9078,6.151,0.749,0.7498,-0.1067,1386200,1038321,0.749,0.749,53767400,0.748,76295400,0.747,73535700,0.746,63929100,0.745,45169100,0.75,45650600,0.751,134155300,0.752,109091500,0.753,81761500,0.754,38119100,458,100,0
sh513130,09:40:51,1765158053024,5705.61,0.9078,5.2737,0.75,0.7505,-0.0666,2446100,1834264,0.7499,0.749,45688800,0.748,75858800,0.747,74417600,0.746,63930100,0.745,45169100,0.75,39576300,0.751,134340300,0.752,109087500,0.753,81771500,0.754,38119100,506,100,0
sh513130,09:40:54,1765158056032,5705.82,0.9078,5.1621,0.75,0.7505,-0.0666,10550500,7912612,0.75,0.749,46406800,0.748,75868000,0.747,75281500,0.746,63958000,0.745,45013400,0.75,36270700,0.751,134345300,0.752,109087500,0.753,81831500,0.754,38159500,1509,100,0
sh513130,09:40:57,1765158059042,5705.77,0.9078,3.1599,0.75,0.7505,-0.0666,1721200,1290517,0.7498,0.749,57368200,0.748,75854400,0.747,78132300,0.746,63962600,0.745,44976700,0.75,30685000,0.751,134407000,0.752,109001400,0.753,81934000,0.754,38159500,246,100,0
sh513130,09:41:00,1765158062076,5706.05,0.9078,1.9346,0.75,0.7505,-0.0666,31680100,23759847,0.75,0.75,18034900,0.749,57781700,0.748,72718400,0.747,76082400,0.746,62973600,0.751,134421900,0.752,110098900,0.753,81934000,0.754,38186700,0.755,36107400,1120,100,0
sh513130,09:41:03,1765158066056,5703.75,0.9078,1.6256,0.75,0.7505,-0.0666,10411900,7809887,0.7501,0.749,59065900,0.748,73706700,0.747,76382400,0.746,58845600,0.745,44885900,0.75,4307300,0.751,134966200,0.752,111098600,0.753,81940000,0.754,38186700,725,100,0
sh513130,09:41:06,1765158068054,5702.41,0.9078,3.2235,0.749,0.7505,-0.1999,1526000,1144340,0.7499,0.749,38604300,0.748,82126300,0.747,77047900,0.746,59697600,0.745,56883500,0.75,69520900,0.751,125651500,0.752,112098600,0.753,61570000,0.754,38186700,537,100,0
sh513130,09:41:09,1765158071063,5702.85,0.9078,3.664,0.75,0.7505,-0.0666,1107300,830420,0.75,0.749,59845500,0.748,73024900,0.747,72047900,0.746,60445600,0.745,44885900,0.75,53114200,0.751,125449400,0.752,110307100,0.753,76570000,0.754,38185700,525,100,0
sh513130,09:41:12,1765158074076,5703.88,0.9078,2.9969,0.75,0.7505,-0.0666,4600,3447,0.7493,0.749,63367800,0.748,73023800,0.747,72048200,0.746,60442900,0.745,44885900,0.75,49009500,0.751,125414200,0.752,109047100,0.753,76574200,0.754,38195700,30,100,0
sh513130,09:41:15,1765158077072,5704.23,0.9078,1.7504,0.75,0.7498,0.0267,5432800,4074026,0.7499,0.75,1600,0.749,63200600,0.748,73910900,0.747,72927800,0.746,58616000,0.751,133881500,0.752,110057100,0.753,81574200,0.754,38215700,0.755,36546600,539,100,0
sh513130,09:41:18,1765158081081,5704.69,0.9078,2.2671,0.75,0.7498,0.0267,2596500,1947347,0.75,0.749,66100500,0.748,74971000,0.747,73448700,0.746,58616000,0.745,44885900,0.75,315200,0.751,136348900,0.752,110082500,0.753,82094200,0.754,38215900,511,100,0
sh513130,09:41:21,1765158083088,5704.36,0.9078,1.2969,0.749,0.7505,-0.1999,1418300,1063665,0.75,0.749,67452900,0.748,74317600,0.747,74304600,0.746,58616300,0.745,44885900,0.75,46837100,0.751,127273600,0.752,110082500,0.753,76694200,0.754,38215900,341,100,0
sh513130,09:41:24,1765158086102,5704.11,0.9078,0.5387,0.75,0.7505,-0.0666,108800,81600,0.75,0.749,68193800,0.748,73589600,0.747,75205500,0.746,58616300,0.745,44885900,0.75,52973500,0.751,127736900,0.752,111102500,0.753,79694200,0.754,38481100,1192,100,0
sh513130,09:41:27,1765158089102,5702.75,0.9078,1.6704,0.749,0.7505,-0.1999,610400,457497,0.7495,0.749,48838000,0.748,74715300,0.747,76086400,0.746,58772800,0.745,56889500,0.75,70023700,0.751,127459000,0.752,110036900,0.753,64906700,0.754,38613800,588,100,0
sh513130,09:41:30,1765158092103,5702.95,0.9078,1.0817,0.75,0.7505,-0.0666,213200,159799,0.7495,0.749,65460100,0.748,83171100,0.747,76831900,0.746,58772800,0.745,44891900,0.75,71216400,0.751,127459300,0.752,109076900,0.753,64931700,0.754,38621800,689,100,0
sh513130,09:41:33,1765158095116,5702.35,0.9078,6.9764,0.749,0.7505,-0.1999,120200,90109,0.7497,0.749,69952400,0.748,83252700,0.747,71831900,0.746,59624800,0.745,56889500,0.75,71268100,0.751,127440700,0.752,109202400,0.753,64991700,0.754,38621800,611,100,0
sh513130,09:41:36,1765158098118,5702.21,0.9078,4.4878,0.75,0.7498,0.0267,293300,219967,0.75,0.749,71623700,0.748,83292900,0.747,71808900,0.746,60556800,0.745,56889500,0.75,71997300,0.751,127570400,0.752,109056400,0.753,64991700,0.754,38621800,162,100,0
sh513130,09:41:39,1765158100137,5701.79,0.9078,2.1873,0.75,0.7498,0.0267,327200,245304,0.7497,0.749,84801700,0.748,83321900,0.747,71899500,0.746,61478800,0.745,44901900,0.75,72695200,0.751,127614600,0.752,109294600,0.753,64996000,0.754,38648900,1,100,0
sh513130,09:41:39,1765158102131,5702.31,0.9078,2.8789,0.75,0.7498,0.0267,327200,245304,0.7497,0.749,84801700,0.748,83321900,0.747,71899500,0.746,61478800,0.745,44901900,0.75,72695200,0.751,127614600,0.752,109294600,0.753,64996000,0.754,38648900,1617,100,0
sh513130,09:41:42,1765158104137,5701.78,0.9078,2.2777,0.75,0.7498,0.0267,1043300,782475,0.75,0.749,72788700,0.748,83361900,0.747,71409100,0.746,62739400,0.745,56899500,0.75,73018600,0.751,126672800,0.752,109294600,0.753,65006000,0.754,38677000,1645,100,0
sh513130,09:41:45,1765158107139,5701.11,0.9078,5.1315,0.749,0.7498,-0.1067,755500,566211,0.7495,0.749,73005200,0.748,83239900,0.747,71415800,0.746,63191400,0.745,56899500,0.75,73231800,0.751,126342600,0.752,109371100,0.753,65006000,0.754,38679000,458,100,0
sh513130,09:41:48,1765158110142,5700.97,0.9078,5.156,0.75,0.7498,0.0267,887600,665252,0.7495,0.749,70806100,0.748,83693200,0.747,71381800,0.746,64331400,0.745,56899500,0.75,92066600,0.751,126450100,0.752,109504200,0.753,58250000,0.754,26681400,1278,100,0
sh513130,09:41:51,1765158113152,5700.9,0.9078,2.2473,0.75,0.7498,0.0267,13500,10123,0.7499,0.749,62050300,0.748,83530200,0.747,71361800,0.746,71340600,0.745,56920900,0.75,96670500,0.751,126429700,0.752,109544600,0.753,55252000,0.754,26681400,653,100,0
sh513130,09:41:54,1765158116196,5699.03,0.9078,1.3716,0.75,0.7498,0.0267,187200,140390,0.7499,0.749,57201700,0.748,83494500,0.747,72514200,0.746,71390600,0.745,56920900,0.75,99325400,0.751,127673600,0.752,109574400,0.753,55252000,0.754,26781500,811,100,0
sh513130,09:41:57,1765158118189,5699.77,0.9078,4.9765,0.749,0.7498,-0.1067,260600,195393,0.7498,0.749,58876900,0.748,83373500,0.747,71524200,0.746,71390600,0.745,56920900,0.75,101786800,0.751,126422300,0.752,109614400,0.753,55252000,0.754,26801500,628,100,0
sh513130,09:42:00,1765158122184,5699.14,0.9078,2.8484,0.75,0.7498,0.0267,46100,34574,0.75,0.749,63849100,0.748,84479600,0.747,71497700,0.746,71390600,0.745,56964200,0.75,86838900,0.751,126529700,0.752,109614400,0.753,58252000,0.754,26811500,264,100,0
sh513130,09:42:03,1765158125196,5699.16,0.9078,1.635,0.749,0.7498,-0.1067,73200,54841,0.7492,0.749,60968000,0.748,83479600,0.747,71497700,0.746,71850500,0.745,56964200,0.75,103142200,0.751,126872500,0.752,109614400,0.753,55262000,0.754,26811500,674,100,0
sh513130,09:42:06,1765158128199,5698.72,0.9078,3.9751,0.749,0.7498,-0.1067,1218000,913368,0.7499,0.749,66916200,0.748,84690700,0.747,71493700,0.746,69850500,0.745,56964200,0.75,91015200,0.751,126913200,0.752,109619400,0.753,55278300,0.754,26811500,1711,100,0
sh513130,09:42:09,1765158131211,5700.02,0.9078,2.9467,0.749,0.7498,-0.1067,614100,460497,0.7499,0.749,73066900,0.748,84001700,0.747,71540400,0.746,64950500,0.745,56964200,0.75,81255400,0.751,127257400,0.752,109590300,0.753,65034300,0.754,38775800,563,100,0
sh513130,09:42:12,1765158133202,5699.18,0.9078,3.3632,0.75,0.7498,0.0267,351300,263384,0.7497,0.749,63800400,0.748,85036700,0.747,71540400,0.746,71950500,0.745,56966200,0.75,100875800,0.751,128145600,0.752,109560300,0.753,58311300,0.754,26866900,375,100,0
sh513130,09:42:15,1765158137229,5699.86,0.9078,3.3315,0.749,0.7498,-0.1067,117600,88129,0.7494,0.749,66738600,0.748,85047300,0.747,71631400,0.746,71905800,0.745,56964700,0.75,104206300,0.751,128180900,0.752,109612200,0.753,55326800,0.754,26868400,47,100,0
sh513130,09:42:18,1765158140222,5698.97,0.9078,4.1819,0.749,0.7498,-0.1067,662500,496804,0.7499,0.749,63640900,0.748,85375400,0.747,71581400,0.746,71950300,0.745,56964700,0.75,104939500,0.751,128170900,0.752,109614200,0.753,55326800,0.754,26868400,853,100,0
sh513130,09:42:21,1765158143229,5698.83,0.9078,3.2177,0.749,0.7498,-0.1067,257000,192701,0.7498,0.749,65126700,0.748,85354900,0.747,71641400,0.746,71950300,0.745,56964700,0.75,105051500,0.751,128221800,0.752,109624200,0.753,55322000,0.754,26868400,744,100,0
sh513130,09:42:24,1765158146238,5699.42,0.9078,3.7415,0.749,0.7498,-0.1067,597700,447758,0.7491,0.749,65425100,0.748,84358900,0.747,71671400,0.746,71900300,0.745,56654000,0.75,103655600,0.751,128066800,0.752,109646000,0.753,58359400,0.754,26893400,343,100,0
sh513130,09:42:27,1765158148238,5699.35,0.9078,3.0076,0.749,0.7498,-0.1067,250500,187706,0.7493,0.749,65330200,0.748,84549500,0.747,71661400,0.746,71900300,0.745,56654600,0.75,106015600,0.751,129072900,0.752,109683500,0.753,55359400,0.754,26893400,160,100,0
sh513130,09:42:30,1765158152305,5699.19,0.9078,0.7343,0.75,0.7498,0.0267,88200,66064,0.749,0.749,63269300,0.748,84563000,0.747,71661400,0.746,72098000,0.745,56654600,0.75,106324000,0.751,129075700,0.752,109807800,0.753,55359400,0.754,26893400,1767,100,0
sh513130,09:42:33,1765158155242,5700.33,0.9078,2.4718,0.75,0.7498,0.0267,183100,137170,0.7492,0.749,64380600,0.748,84568800,0.747,70671400,0.746,72108000,0.745,56654600,0.75,107669300,0.751,129275300,0.752,109807800,0.753,55359400,0.754,26893400,637,100,0
sh513130,09:42:36,1765158158254,5698.93,0.9078,2.8894,0.749,0.7498,-0.1067,59900,44902,0.7496,0.749,64467300,0.748,85375300,0.747,70737200,0.746,72113000,0.745,56655400,0.75,108479800,0.751,129291500,0.752,109809800,0.753,55369400,0.754,26873400,1483,100,0
sh513130,09:42:39,1765158160268,5699.76,0.9078,2.3252,0.749,0.7498,-0.1067,109200,81802,0.7491,0.749,64544400,0.748,86441700,0.747,70773200,0.746,72103000,0.745,56655400,0.75,108779500,0.751,129517500,0.752,109914900,0.753,55369400,0.754,26861400,1333,100,0
sh513130,09:42:42,1765158164258,5697.94,0.9078,1.4899,0.75,0.7498,0.0267,9576400,7172795,0.749,0.749,47744600,0.748,91481700,0.747,70826900,0.746,72071200,0.745,56658400,0.75,110976200,0.751,130567700,0.752,109944900,0.753,55369400,0.754,26913600,982,100,0
sh513130,09:42:45,1765158167276,5697.26,0.9078,3.6392,0.749,0.7498,-0.1067,203500,152548,0.7496,0.749,57011200,0.748,88416800,0.747,70826900,0.746,72071200,0.745,56658400,0.75,111181000,0.751,129568700,0.752,109958900,0.753,55369400,0.754,26913600,790,100,0
sh513130,09:42:48,1765158170271,5697.12,0.9078,5.1972,0.749,0.7498,-0.1067,137200,102805,0.7493,0.749,57360600,0.748,88449500,0.747,70826900,0.746,72062200,0.745,56678400,0.75,111500500,0.751,129718600,0.752,109958900,0.753,55524200,0.754,26920000,469,100,0
sh513130,09:42:51,1765158172277,5697.16,0.9078,3.6616,0.749,0.7498,-0.1067,187600,140632,0.7496,0.749,54606900,0.748,87724000,0.747,70826900,0.746,72072200,0.745,56704100,0.75,111765900,0.751,130573800,0.752,110038100,0.753,55524200,0.754,27920000,305,100,0
sh513130,09:42:54,1765158175284,5697.33,0.9078,2.9253,0.749,0.7498,-0.1067,1764500,1321622,0.749,0.749,76011600,0.748,80202200,0.747,70860700,0.746,65072200,0.745,56654500,0.75,89539600,0.751,129497800,0.752,110051100,0.753,65280200,0.754,40017600,784,100,0
sh513130,09:42:57,1765158179309,5699.31,0.9078,3.6282,0.749,0.7498,-0.1067,63700,47751,0.7496,0.749,88421200,0.748,80134200,0.747,70850700,0.746,65072200,0.745,44666900,0.75,90204400,0.751,129942900,0.752,110033900,0.753,65290200,0.754,39962800,819,100,0
sh513130,09:43:00,1765158182305,5700.36,0.9078,3.6016,0.749,0.7498,-0.1067,421700,315903,0.7491,0.749,88638300,0.748,80313700,0.747,71940700,0.746,64672200,0.745,44667900,0.75,85496300,0.751,130118300,0.752,110037900,0.753,65290200,0.754,40389100,1635,100,0
sh513130,09:43:03,1765158185317,5701.56,0.9078,3.3946,0.75,0.7498,0.0267,41200,30861,0.7491,0.749,89606700,0.748,80457100,0.747,70950800,0.746,64632200,0.745,44649900,0.75,85437100,0.751,132109500,0.752,110884100,0.753,65300200,0.754,40389100,281,100,0
sh513130,09:43:06,1765158188322,5702.06,0.9078,4.3729,0.749,0.7498,-0.1067,388900,291530,0.7496,0.749,89637600,0.748,79508300,0.747,72720000,0.746,64632200,0.745,44649900,0.75,85895300,0.751,132150500,0.752,110979800,0.753,65303900,0.754,40399100,1101,100,0
sh513130,09:43:09,1765158191336,5703.04,0.9078,4.746,0.75,0.7505,-0.0666,670800,502853,0.7496,0.749,90625200,0.748,80310900,0.747,73570900,0.746,64632200,0.745,44649900,0.75,51792000,0.751,140588700,0.752,109994000,0.753,80323900,0.754,40400100,856,100,0
sh513130,09:43:12,1765158193326,5703.02,0.9078,3.0769,0.75,0.7505,-0.0666,1393200,1044855,0.75,0.749,92346900,0.748,80240300,0.747,73597600,0.746,64632200,0.745,44694900,0.75,60060600,0.751,140588600,0.752,111974600,0.753,80323900,0.754,40420100,865,100,0
sh513130,09:43:15,1765158196346,5703.1,0.9078,2.547,0.75,0.7505,-0.0666,166200,124519,0.7492,0.749,92548500,0.748,80260300,0.747,77254400,0.746,64632200,0.745,44694900,0.75,60060500,0.751,140169700,0.752,111994600,0.753,80335400,0.754,40420100,425,100,0
sh513130,09:43:18,1765158200349,5702.23,0.9078,1.8877,0.75,0.7505,-0.0666,36600,27447,0.7499,0.749,92316000,0.748,79349300,0.747,78010900,0.746,64626000,0.745,44694900,0.75,54586400,0.751,140171300,0.752,109999900,0.753,80385400,0.754,40420100,89,100,0
sh513130,09:43:21,1765158203357,5701.69,0.9078,4.0691,0.75,0.7505,-0.0666,305000,228750,0.75,0.749,92571400,0.748,79319300,0.747,78020900,0.746,64626000,0.745,44694900,0.75,52012400,0.751,140686200,0.752,110835100,0.753,80385400,0.754,40440100,842,100,0
sh513130,09:43:24,1765158206371,5701.38,0.9078,3.525,0.75,0.7505,-0.0666,122100,91567,0.7499,0.749,97211000,0.748,79745000,0.747,78110900,0.746,64638300,0.745,44715900,0.75,61399300,0.751,140091500,0.752,111680300,0.753,80371400,0.754,40440100,1749,100,0
sh513130,09:43:27,1765158208371,5701.23,0.9078,2.465,0.75,0.7505,-0.0666,245000,183696,0.7498,0.749,97685700,0.748,79744500,0.747,78109600,0.746,64638300,0.745,44715900,0.75,61745800,0.751,140417100,0.752,112617500,0.753,79371400,0.754,40440100,1568,100,0
sh513130,09:43:30,1765158212378,5702.82,0.9078,2.7437,0.749,0.7505,-0.1999,391000,292909,0.7491,0.749,97549400,0.748,79353400,0.747,78154100,0.746,64629300,0.745,44515900,0.75,64977000,0.751,140220000,0.752,114339600,0.753,80391400,0.754,40460100,1234,100,0
sh513130,09:43:33,1765158214397,5702.16,0.9078,3.3548,0.75,0.7505,-0.0666,404000,302970,0.7499,0.749,84999800,0.748,79766000,0.747,82286800,0.746,64629300,0.745,44515900,0.75,88415000,0.751,131539600,0.752,115103600,0.753,65435300,0.754,40460100,1079,100,0
sh513130,09:43:36,1765158218402,5700.79,0.9078,2.5935,0.75,0.7505,-0.0666,235300,176435,0.7498,0.749,85113000,0.748,80688600,0.747,77307900,0.746,64613900,0.745,56513500,0.75,88670500,0.751,131261500,0.752,115113600,0.753,65436300,0.754,28462500,729,100,0
sh513130,09:43:39,1765158221404,5699.54,0.9078,2.8767,0.75,0.7505,-0.0666,340000,254970,0.7499,0.749,82465500,0.748,80981100,0.747,77311900,0.746,65013900,0.745,56513500,0.75,109425400,0.751,131098400,0.752,110165600,0.753,58721600,0.754,28462500,957,100,0
sh513130,09:43:42,1765158223396,5700.08,0.9078,2.2594,0.749,0.7505,-0.1999,342600,256791,0.7495,0.749,73982800,0.748,89506100,0.747,77465200,0.746,67115300,0.745,56513500,0.75,113380300,0.751,130917300,0.752,110158100,0.753,55721600,0.754,28462500,900,100,0
sh513130,09:43:45,1765158227422,5698.29,0.9078,3.0201,0.75,0.7505,-0.0666,20400,15289,0.7495,0.749,62746000,0.748,88609300,0.747,77465200,0.746,72217400,0.745,56513600,0.75,117140200,0.751,130533100,0.752,110198100,0.753,55741600,0.754,28472500,928,100,0
sh513130,09:43:48,1765158229417,5698.23,0.9078,2.5841,0.749,0.7505,-0.1999,2090100,1565531,0.749,0.749,49630600,0.748,94911400,0.747,78399600,0.746,72217400,0.745,56513600,0.75,118318000,0.751,131478300,0.752,110288100,0.753,55741600,0.754,28472500,863,100,0
sh513130,09:43:51,1765158233437,5697.51,0.9078,2.0388,0.75,0.7498,0.0267,10895600,8160825,0.749,0.749,37485500,0.748,94327300,0.747,78399600,0.746,72217400,0.745,56513600,0.75,119049900,0.751,131581300,0.752,110288100,0.753,55741600,0.754,28492100,520,100,0
sh513130,09:43:54,1765158236435,5697.0,0.9078,2.929,0.75,0.7491,0.1201,443000,332147,0.7498,0.749,34087600,0.748,94624000,0.747,78755200,0.746,72254500,0.745,56514600,0.75,119724500,0.751,130683300,0.752,110300000,0.753,55761600,0.754,28487100,1338,100,0
sh513130,09:43:57,1765158238434,5693.71,0.9078,2.7727,0.749,0.7491,-0.0133,34173700,25596101,0.749,0.748,83436600,0.747,78755200,0.746,72254500,0.745,57388700,0.744,46666000,0.749,68304900,0.75,107173000,0.751,127979000,0.752,77318800,0.753,55768600,0,100,0
sh513130,09:44:00,1765158242434,5692.16,0.9078,3.1119,0.749,0.7491,-0.0133,834700,625190,0.749,0.748,72590400,0.747,87204300,0.746,67511600,0.745,59781700,0.744,46666000,0.749,96418300,0.75,108390200,0.751,121953200,0.752,62172800,0.753,43799100,21,100,0
sh513130,09:44:03,1765158244448,5689.55,0.9078,3.601,0.748,0.7491,-0.1468,177000,132480,0.7485,0.748,50593800,0.747,95574100,0.746,70012400,0.745,65634100,0.744,46666000,0.749,100436400,0.75,110234000,0.751,121995200,0.752,61820200,0.753,43799100,10,100,0
sh513130,09:44:06,1765158248458,5690.64,0.9078,3.8953,0.749,0.7491,-0.0133,273300,204631,0.7487,0.748,71686900,0.747,87626000,0.746,68501600,0.745,61477200,0.744,46666000,0.749,117898200,0.75,109483500,0.751,121932100,0.752,61612900,0.753,43808100,23,100,0
sh513130,09:44:09,1765158250473,5690.14,0.9078,5.0086,0.749,0.7485,0.0668,515000,385655,0.7488,0.748,72097000,0.747,87010800,0.746,68501600,0.745,62331300,0.744,46666000,0.749,140305400,0.75,108887700,0.751,122082800,0.752,61612900,0.753,43808100,0,100,0
sh513130,09:44:12,1765158254477,5692.07,0.9078,3.8004,0.749,0.7485,0.0668,160000,119751,0.7484,0.748,70126700,0.747,87010800,0.746,68493600,0.745,63184400,0.744,46666000,0.749,140532200,0.75,107305300,0.751,122407100,0.752,61612900,0.753,43809100,4,100,0
sh513130,09:44:15,1765158256484,5691.51,0.9078,4.8476,0.748,0.7491,-0.1468,353300,264286,0.748,0.748,80612600,0.747,78275800,0.746,68501400,0.745,63459200,0.744,46666000,0.749,137503700,0.75,104845000,0.751,121482100,0.752,64626400,0.753,43819100,57,100,0
sh513130,09:44:18,1765158259485,5691.31,0.9078,6.0677,0.748,0.7491,-0.1468,80600,60338,0.7486,0.748,70052700,0.747,86705600,0.746,68501400,0.745,63812900,0.744,46686000,0.749,144672200,0.75,104249900,0.751,122693100,0.752,61626400,0.753,43819100,444,100,0
sh513130,09:44:21,1765158263490,5688.95,0.9078,1.6334,0.749,0.7485,0.0668,742400,555340,0.748,0.748,48469000,0.747,95503100,0.746,69475100,0.745,69267900,0.744,46686100,0.749,146572100,0.75,106238700,0.751,122690400,0.752,61646300,0.753,43819500,113,100,0
sh513130,09:44:24,1765158266483,5687.75,0.9078,0.6475,0.749,0.7485,0.0668,1644600,1230177,0.748,0.748,42118600,0.747,96569200,0.746,69475100,0.745,69268900,0.744,46686100,0.749,149143100,0.75,104794400,0.751,122692300,0.752,61672700,0.753,43829500,81,100,0
sh513130,09:44:27,1765158269504,5686.91,0.9078,1.9488,0.748,0.7485,-0.0668,25912300,19382535,0.748,0.748,12915600,0.747,96807600,0.746,69615500,0.745,69273900,0.744,46741500,0.749,149518100,0.75,105816700,0.751,122615600,0.752,61642800,0.753,43830700,964,100,0
sh513130,09:44:30,1765158272513,5687.2,0.9078,2.5142,0.748,0.7485,-0.0668,6436600,4814577,0.748,0.748,8046700,0.747,98136300,0.746,69796600,0.745,69272900,0.744,46741500,0.749,152562400,0.75,106020500,0.751,122580300,0.752,61541000,0.753,43886700,3,100,0
sh513130,09:44:33,1765158274520,5686.57,0.9078,1.9732,0.748,0.7485,-0.0668,1194900,893813,0.748,0.748,7878600,0.747,98211300,0.746,69792200,0.745,69314700,0.744,46741500,0.749,154885100,0.75,106217700,0.751,122639500,0.752,61511000,0.753,43911700,12,100,0
sh513130,09:44:36,1765158278519,5686.04,0.9078,2.3211,0.748,0.7485,-0.0668,7148800,5347306,0.748,0.747,101505800,0.746,71007300,0.745,69340200,0.744,46766500,0.743,31355900,0.748,1024200,0.749,152548700,0.75,105532100,0.751,122342000,0.752,61531000,36,100,0
sh513130,09:44:39,1765158281541,5686.01,0.9078,2.0367,0.748,0.7485,-0.0668,74300,55530,0.7474,0.747,101662300,0.746,71007900,0.745,69325200,0.744,47620800,0.743,31355900,0.748,549600,0.749,152727000,0.75,106204700,0.751,121921000,0.752,61392200,812,100,0
sh513130,09:44:42,1765158284519,5685.78,0.9078,0.9058,0.747,0.7485,-0.2004,692400,517312,0.7471,0.747,101129600,0.746,71007900,0.745,69325200,0.744,48633900,0.743,31355900,0.748,41679600,0.749,146494500,0.75,107384800,0.751,103912800,0.752,61392200,32,100,0
sh513130,09:44:45,1765158287534,5684.75,0.9078,1.796,0.747,0.7485,-0.2004,356500,266497,0.7475,0.747,100417100,0.746,72177500,0.745,69335200,0.744,49488200,0.743,31355900,0.748,63279400,0.749,146986700,0.75,107572500,0.751,83831100,0.752,61392200,304,100,0
sh513130,09:44:48,1765158290533,5685.48,0.9078,2.3018,0.747,0.7485,-0.2004,487900,364472,0.747,0.747,99911200,0.746,72312800,0.745,69397700,0.744,50342500,0.743,31355900,0.748,65526000,0.749,148380600,0.75,106659000,0.751,83811300,0.752,61392700,38,100,0
sh513130,09:44:51,1765158292540,5685.0,0.9078,2.5029,0.748,0.7485,-0.0668,1823100,1362176,0.7472,0.747,100548100,0.746,72514100,0.745,69393000,0.744,51196800,0.743,31355900,0.748,66088400,0.749,148111300,0.75,106800900,0.751,83742900,0.752,61442700,67,100,0
sh513130,09:44:54,1765158295547,5684.77,0.9078,3.2895,0.747,0.7478,-0.107,425000,317703,0.7475,0.747,100203400,0.746,72514100,0.745,69162800,0.744,51196800,0.743,31356900,0.748,49941900,0.749,148281400,0.75,107993900,0.751,98593000,0.752,61406700,1028,100,0
sh513130,09:44:57,1765158298539,5685.85,0.9078,5.2408,0.747,0.7478,-0.107,132100,98685,0.747,0.747,88963700,0.746,71636300,0.745,69250000,0.744,51975300,0.743,43364500,0.748,66302300,0.749,147987500,0.75,108534300,0.751,83566300,0.752,61684000,18,100,0
sh513130,09:45:00,1765158301540,5685.71,0.9078,4.5801,0.747,0.7485,-0.2004,181100,135417,0.7477,0.747,101348800,0.746,71595600,0.745,64260000,0.744,51975300,0.743,31368200,0.748,51435500,0.749,147648700,0.75,108674800,0.751,83562200,0.752,61721200,1063,100,0
sh513130,09:45:03,1765158304556,5682.54,0.9078,5.1802,0.747,0.7485,-0.2004,377000,281657,0.7471,0.747,70401900,0.746,83999800,0.745,68267700,0.744,57974500,0.743,47595500,0.748,89713200,0.749,147781000,0.75,104451100,0.751,74201700,0.752,49663600,78,100,0
sh513130,09:45:06,1765158307570,5681.15,0.9078,5.2881,0.748,0.7478,0.0267,928300,693679,0.7473,0.747,54888600,0.746,90992500,0.745,70234400,0.744,60975700,0.743,44597300,0.748,98276300,0.749,151314900,0.75,107401700,0.751,78150300,0.752,49610100,720,100,0
sh513130,09:45:09,1765158311556,5681.37,0.9078,3.8606,0.748,0.7478,0.0267,498900,372782,0.7472,0.747,55609900,0.746,90997500,0.745,70222000,0.744,60981700,0.743,44597300,0.748,99875400,0.749,149431700,0.75,108008400,0.751,78194900,0.752,49806600,353,100,0
sh513130,09:45:12,1765158313566,5680.74,0.9078,3.1247,0.748,0.7478,0.0267,433500,323964,0.7473,0.747,53150000,0.746,91108200,0.745,70247500,0.744,62983500,0.743,46616100,0.748,102567200,0.749,148593300,0.75,108211300,0.751,78353300,0.752,49726600,196,100,0
sh513130,09:45:15,1765158317562,5680.39,0.9078,2.9198,0.748,0.7471,0.1205,4227500,3158008,0.747,0.747,45840500,0.746,92680500,0.745,70296800,0.744,62983500,0.743,46651800,0.748,110240300,0.749,148132800,0.75,108278300,0.751,79393100,0.752,49726600,1058,100,0
sh513130,09:45:18,1765158320580,5679.36,0.9078,2.893,0.747,0.7471,-0.0134,409200,305745,0.7472,0.747,47133800,0.746,92753300,0.745,70418600,0.744,62983500,0.743,45656400,0.748,111461800,0.749,148374000,0.75,108396900,0.751,79400600,0.752,49755600,1,100,0
sh513130,09:45:21,1765158322587,5679.3,0.9078,3.0907,0.747,0.7471,-0.0134,12199600,9113163,0.747,0.747,31483800,0.746,95786500,0.745,70468700,0.744,63056300,0.743,45657700,0.748,112144200,0.749,147872700,0.75,108742200,0.751,79476500,0.752,49655600,99,100,0
sh513130,09:45:24,1765158326593,5680.42,0.9078,3.5164,0.747,0.7471,-0.0134,2424600,1811196,0.747,0.747,31121000,0.746,96938100,0.745,70479700,0.744,63057300,0.743,44676200,0.748,113942500,0.749,147848400,0.75,108819500,0.751,79768200,0.752,49551200,152,100,0
sh513130,09:45:27,1765158329585,5680.21,0.9078,2.7565,0.747,0.7471,-0.0134,140500,104958,0.747,0.747,33103800,0.746,96984300,0.745,70479700,0.744,58057300,0.743,44617200,0.748,115080200,0.749,148720700,0.75,109073500,0.751,79788200,0.752,49700100,966,100,0
sh513130,09:45:30,1765158331585,5679.75,0.9078,3.3251,0.747,0.7478,-0.107,443700,331444,0.747,0.747,33354700,0.746,97867500,0.745,70479700,0.744,55059100,0.743,44620200,0.748,117337500,0.749,147679300,0.75,108999600,0.751,79886600,0.752,49693100,800,100,0
sh513130,09:45:33,1765158335595,5679.21,0.9078,6.5479,0.747,0.7478,-0.107,1411500,1054431,0.747,0.747,24155200,0.746,98933100,0.745,70496400,0.744,55062100,0.743,44720200,0.748,117839400,0.749,148952100,0.75,109044200,0.751,79844500,0.752,49693100,446,100,0
sh513130,09:45:36,1765158338603,5678.27,0.9078,5.335,0.747,0.7472,-0.0268,155300,116022,0.7471,0.747,31551100,0.746,100319500,0.745,70526400,0.744,55087600,0.743,44727200,0.748,120536300,0.749,148954400,0.75,109190600,0.751,79836000,0.752,50106700,130,100,0
sh513130,09:45:39,1765158340596,5678.69,0.9078,4.3934,0.748,0.7472,0.1071,2247700,1679044,0.747,0.747,22316100,0.746,102267800,0.745,70576400,0.744,55159000,0.743,44727200,0.748,121657800,0.749,149183200,0.75,109307000,0.751,79883800,0.752,50082200,81,100,0
sh513130,09:45:42,1765158343601,5677.82,0.9078,3.6279,0.747,0.7472,-0.0268,90100,67305,0.747,0.747,30280400,0.746,103335100,0.745,70623300,0.744,55380000,0.743,44727200,0.748,121947500,0.749,149416500,0.75,109309500,0.751,79909800,0.752,50082200,1128,100,0
sh513130,09:45:45,1765158346600,5677.11,0.9078,2.7868,0.748,0.7472,0.1071,53568200,40015551,0.747,0.747,29284300,0.746,103269400,0.745,75083300,0.744,55781100,0.743,44763300,0.748,122464200,0.749,142837200,0.75,99519700,0.751,80048000,0.752,49961200,47,100,0
sh513130,09:45:48,1765158349629,5678.36,0.9078,2.9195,0.747,0.7472,-0.0268,2421200,1808647,0.747,0.747,3786000,0.746,104179300,0.745,88731700,0.744,58779300,0.743,46763200,0.748,122692700,0.749,144478700,0.75,99888800,0.751,80014000,0.752,49961900,1129,100,0
sh513130,09:45:51,1765158352635,5677.72,0.9078,2.5714,0.748,0.7472,0.1071,1556000,1162373,0.747,0.747,51474500,0.746,105279900,0.745,71707500,0.744,53779300,0.743,46763200,0.748,123199500,0.749,143601100,0.75,99900900,0.751,80215600,0.752,50027200,76,100,0
sh513130,09:45:54,1765158355627,5679.86,0.9078,5.2643,0.748,0.7472,0.1071,461000,344401,0.7471,0.747,78413800,0.746,98642700,0.745,70757500,0.744,50469900,0.743,28767600,0.748,82100600,0.749,143631100,0.75,100237200,0.751,105058500,0.752,65924000,885,100,0
sh513130,09:45:57,1765158358636,5681.33,0.9078,2.4025,0.748,0.7472,0.1071,198300,148136,0.747,0.747,64040300,0.746,99590100,0.745,68838600,0.744,48476100,0.743,28767600,0.748,72916700,0.749,143797800,0.75,99855300,0.751,105077500,0.752,65948300,142,100,0
sh513130,09:46:00,1765158361627,5682.23,0.9078,4.9297,0.748,0.7479,0.0134,106200,79433,0.748,0.747,64614800,0.746,100937200,0.745,68873100,0.744,48482200,0.743,44764400,0.748,75082900,0.749,143789200,0.75,99921400,0.751,105092400,0.752,65966400,362,100,0
sh513130,09:46:03,1765158365626,5683.04,0.9078,3.2069,0.748,0.7479,0.0134,437200,326876,0.7477,0.747,66708100,0.746,101820700,0.745,69943000,0.744,50481000,0.743,44814400,0.748,90227700,0.749,144283800,0.75,99965000,0.751,90112400,0.752,49974600,1,100,0
sh513130,09:46:06,1765158368656,5679.94,0.9078,3.8974,0.747,0.7479,-0.1203,2621200,1958213,0.7471,0.747,53443300,0.746,109314900,0.745,70781200,0.744,53498800,0.743,44844400,0.748,116650300,0.749,145695500,0.75,100046400,0.751,80657800,0.752,49974600,157,100,0
sh513130,09:46:09,1765158371641,5680.44,0.9078,3.9908,0.748,0.7479,0.0134,195100,145772,0.7472,0.747,41568300,0.746,109290500,0.745,72717300,0.744,53998800,0.743,47842600,0.748,118175400,0.749,145722000,0.75,100096400,0.751,80722800,0.752,49994600,1152,100,0
sh513130,09:46:12,1765158374645,5679.72,0.9078,3.0439,0.747,0.7479,-0.1203,1736000,1296848,0.747,0.747,7625600,0.746,110203000,0.745,90682200,0.744,59109800,0.743,47842600,0.748,121311700,0.749,145944700,0.75,100613600,0.751,80747800,0.752,50004600,115,100,0
sh513130,09:46:15,1765158376662,5678.88,0.9078,2.8398,0.747,0.7479,-0.1203,7830000,5849010,0.747,0.746,110207500,0.745,92735400,0.744,64159800,0.743,44874400,0.742,26671300,0.747,287500,0.748,121824100,0.749,143923400,0.75,100571000,0.751,83699000,151,100,0
sh513130,09:46:18,1765158379649,5679.37,0.9078,3.7748,0.747,0.7479,-0.1203,5516600,4120913,0.747,0.747,9488000,0.746,110445200,0.745,93638700,0.744,64159800,0.743,44874400,0.748,120953800,0.749,145002400,0.75,100197600,0.751,83776600,0.752,47997700,945,100,0
sh513130,09:46:21,1765158383662,5677.94,0.9078,5.7513,0.747,0.7472,-0.0268,307300,229582,0.7471,0.747,3353000,0.746,110929700,0.745,94395900,0.744,64159800,0.743,44874400,0.748,121182200,0.749,145002400,0.75,100617700,0.751,83786600,0.752,48002700,620,100,0
sh513130,09:46:24,1765158385715,5677.96,0.9078,3.9124,0.747,0.7472,-0.0268,3524800,2633025,0.747,0.746,111105700,0.745,94658900,0.744,64159800,0.743,44874400,0.742,26671400,0.747,19483600,0.748,122265100,0.749,145137800,0.75,100475100,0.751,83890700,498,100,0
sh513130,09:46:27,1765158389679,5677.01,0.9078,5.3409,0.747,0.7472,-0.0268,244900,182810,0.7465,0.746,111137000,0.745,94697900,0.744,64086900,0.743,47872600,0.742,29669600,0.747,37684300,0.748,121628600,0.749,144747900,0.75,100032800,0.751,84330700,132,100,0
sh513130,09:46:30,1765158392682,5674.74,0.9078,5.9069,0.747,0.7472,-0.0268,1855300,1385678,0.7469,0.746,106486000,0.745,94691500,0.744,64072500,0.743,47872600,0.742,29669600,0.747,46369600,0.748,121286900,0.749,144666300,0.75,94999000,0.751,84352200,158,100,0
sh513130,09:46:33,1765158395678,5674.29,0.9078,5.1006,0.746,0.7472,-0.1606,805900,601477,0.7463,0.746,90065600,0.745,93891500,0.744,64926900,0.743,44877400,0.742,42668200,0.747,69821700,0.748,112873300,0.749,145663900,0.75,79965000,0.751,84352300,1215,100,0
sh513130,09:46:36,1765158398689,5674.01,0.9078,5.3057,0.747,0.7472,-0.0268,714100,532817,0.7461,0.746,89803100,0.745,94062500,0.744,64926900,0.743,45127400,0.742,42668200,0.747,86934000,0.748,112821700,0.749,145981100,0.75,80137100,0.751,68401600,185,100,0
sh513130,09:46:39,1765158401683,5673.39,0.9078,3.1469,0.747,0.7472,-0.0268,154200,115133,0.7466,0.746,89641900,0.745,94621600,0.744,65781300,0.743,48155600,0.742,45666400,0.747,73864100,0.748,113271600,0.749,145523500,0.75,80181800,0.751,84423700,1201,100,0
sh513130,09:46:42,1765158404693,5673.76,0.9078,1.8674,0.746,0.7472,-0.1606,293400,218893,0.7461,0.746,89383000,0.745,94681600,0.744,66635700,0.743,48155600,0.742,45666800,0.747,89939500,0.748,110519000,0.749,141023500,0.75,80251500,0.751,68469300,171,100,0
sh513130,09:46:45,1765158406702,5673.12,0.9078,1.1345,0.747,0.7472,-0.0268,155500,116098,0.7466,0.746,80381800,0.745,103105200,0.744,66685700,0.743,48156600,0.742,45666800,0.747,99949500,0.748,109956300,0.749,141273500,0.75,69955900,0.751,68495400,235,100,0
sh513130,09:46:48,1765158409685,5673.35,0.9078,1.7247,0.746,0.7472,-0.1606,697600,520913,0.7467,0.746,77041300,0.745,103106600,0.744,67675700,0.743,48156600,0.742,45666800,0.747,102017200,0.748,109972600,0.749,141433000,0.75,69952500,0.751,68497900,592,100,0
sh513130,09:46:51,1765158413712,5672.73,0.9078,1.2551,0.747,0.7472,-0.0268,412500,307918,0.7465,0.746,76143900,0.745,103397400,0.744,68570100,0.743,50199600,0.742,45916800,0.747,104132100,0.748,109807600,0.749,141829200,0.75,70500200,0.751,68521000,257,100,0
sh513130,09:46:54,1765158416761,5672.54,0.9078,3.1928,0.746,0.7472,-0.1606,128200,95692,0.7464,0.746,90600600,0.745,95933800,0.744,69347500,0.743,48199600,0.742,45916800,0.747,105815300,0.748,109797500,0.749,142040000,0.75,70522200,0.751,68506000,282,100,0
sh513130,09:46:57,1765158418707,5672.58,0.9078,4.2039,0.746,0.7472,-0.1606,527500,393713,0.7464,0.746,77588600,0.745,103709100,0.744,70205500,0.743,48199600,0.742,45916800,0.747,106739900,0.748,109508000,0.749,142090000,0.75,70694200,0.751,68516000,244,100,0
sh513130,09:46:57,1765158420721,5672.68,0.9078,3.4467,0.746,0.7472,-0.1606,527500,393713,0.7464,0.746,77588600,0.745,103709100,0.744,70205500,0.743,48199600,0.742,45916800,0.747,106739900,0.748,109508000,0.749,142090000,0.75,70694200,0.751,68516000,190,100,0
sh513130,09:47:00,1765158422708,5674.1,0.9078,4.198,0.746,0.7472,-0.1606,1321600,985944,0.746,0.746,78240600,0.745,103729300,0.744,70205500,0.743,48214600,0.742,45943800,0.747,109353200,0.748,109529900,0.749,141134100,0.75,70583700,0.751,68425300,217,100,0
sh513130,09:47:03,1765158424723,5673.98,0.9078,3.7098,0.746,0.7472,-0.1606,150100,112026,0.7463,0.746,90887300,0.745,97639300,0.744,69250700,0.743,48214600,0.742,45943800,0.747,101317500,0.748,109514900,0.749,140949900,0.75,80292500,0.751,68425300,213,100,0
sh513130,09:47:06,1765158427726,5674.11,0.9078,2.3211,0.747,0.7472,-0.0268,257800,192364,0.7462,0.746,91056500,0.745,96662100,0.744,68639200,0.743,48214600,0.742,45943800,0.747,83791000,0.748,109141100,0.749,141124900,0.75,95299200,0.751,68425300,1236,100,0
sh513130,09:47:09,1765158431724,5674.2,0.9078,1.4094,0.747,0.7472,-0.0268,1473700,1099441,0.746,0.746,89941200,0.745,96745000,0.744,69667200,0.743,48114600,0.742,45982800,0.747,100689900,0.748,108833300,0.749,140129900,0.75,80509400,0.751,68408000,885,100,0
sh513130,09:47:12,1765158433721,5674.08,0.9078,2.0167,0.746,0.7472,-0.1606,243700,181992,0.7468,0.746,91474500,0.745,97745000,0.744,69667200,0.743,48155500,0.742,45988800,0.747,100977400,0.748,109742800,0.749,140130200,0.75,80529400,0.751,68408000,699,100,0
sh513130,09:47:15,1765158437733,5674.38,0.9078,1.2907,0.747,0.7472,-0.0268,46300,34567,0.7466,0.746,91871500,0.745,96830000,0.744,69718600,0.743,48202500,0.742,45989200,0.747,100669700,0.748,109766900,0.749,140200200,0.75,80475400,0.751,68428700,359,100,0
sh513130,09:47:18,1765158439735,5673.51,0.9078,2.1564,0.747,0.7472,-0.0268,672900,502052,0.7461,0.746,91545900,0.745,97167900,0.744,69718600,0.743,48202500,0.742,45989200,0.747,101733500,0.748,109782900,0.749,140280200,0.75,80550200,0.751,68418400,187,100,0
sh513130,09:47:21,1765158443733,5674.03,0.9078,5.1103,0.746,0.7472,-0.1606,376600,281183,0.7466,0.746,83791500,0.745,98095500,0.744,69768600,0.743,48202500,0.742,45989200,0.747,102813600,0.748,109790800,0.749,140285200,0.75,80627200,0.751,68402400,1242,100,0
sh513130,09:47:24,1765158445768,5673.46,0.9078,4.5451,0.746,0.7472,-0.1606,187500,140006,0.7467,0.746,84017900,0.745,107056100,0.744,70798600,0.743,48202500,0.742,45989200,0.747,110814200,0.748,110790800,0.749,140360700,0.75,73485500,0.751,68476400,1277,100,0
sh513130,09:47:27,1765158448760,5673.53,0.9078,2.2606,0.747,0.7472,-0.0268,215100,160498,0.7462,0.746,93605500,0.745,98555100,0.744,69823600,0.743,48202500,0.742,46139200,0.747,104769400,0.748,110807200,0.749,140360700,0.75,80145800,0.751,68476400,281,100,0
sh513130,09:47:30,1765158451761,5672.66,0.9078,5.8183,0.746,0.7472,-0.1606,221900,165623,0.7464,0.746,84747900,0.745,107087100,0.744,70833600,0.743,48202500,0.742,46146200,0.747,111521700,0.748,110793800,0.749,140360700,0.75,73433400,0.751,68486400,1264,100,0
sh513130,09:47:33,1765158454763,5673.43,0.9078,4.4986,0.746,0.7472,-0.1606,547500,408635,0.7464,0.746,84692200,0.745,107160500,0.744,70833600,0.743,48202500,0.742,46146200,0.747,111889600,0.748,110832400,0.749,140360700,0.75,73423600,0.751,68470600,274,100,0
sh513130,09:47:36,1765158457761,5673.04,0.9078,2.3159,0.746,0.7472,-0.1606,477500,356254,0.7461,0.746,77820700,0.745,107618300,0.744,70840300,0.743,48635700,0.742,46206200,0.747,114829400,0.748,110675400,0.749,140360700,0.75,70444300,0.751,68688800,823,100,0
sh513130,09:47:39,1765158461778,5672.7,0.9078,3.4045,0.747,0.7472,-0.0268,196500,146608,0.7461,0.746,76018700,0.745,107696900,0.744,70859300,0.743,50635700,0.742,46207300,0.747,115941200,0.748,109596400,0.749,140311400,0.75,70543300,0.751,68853200,513,100,0
sh513130,09:47:42,1765158463765,5672.9,0.9078,4.4466,0.747,0.7472,-0.0268,138200,103126,0.7462,0.746,89781200,0.745,100692100,0.744,70859300,0.743,48235700,0.742,46207300,0.747,113081600,0.748,109426300,0.749,140311400,0.75,73802300,0.751,68921900,323,100,0
sh513130,09:47:45,1765158467780,5673.59,0.9078,2.2186,0.746,0.7465,-0.067,219000,163444,0.7463,0.746,90441800,0.745,100756300,0.744,70859300,0.743,48235700,0.742,46207300,0.747,112973700,0.748,109426300,0.749,140357900,0.75,73741900,0.751,68906400,1237,100,0
sh513130,09:47:48,1765158470800,5673.09,0.9078,3.6652,0.746,0.7465,-0.067,57500,42895,0.746,0.746,78666600,0.745,108246300,0.744,70897500,0.743,48235700,0.742,46277300,0.747,116089000,0.748,109498000,0.749,140317100,0.75,70894900,0.751,68918400,341,100,0
sh513130,09:47:51,1765158473793,5673.38,0.9078,4.3886,0.747,0.7466,0.0536,77100,57587,0.7469,0.746,76645300,0.745,109250300,0.744,70897500,0.743,48635700,0.742,46327300,0.747,116766800,0.748,109528000,0.749,140284600,0.75,70830900,0.751,68918400,1315,100,0
sh513130,09:47:54,1765158476774,5672.73,0.9078,3.2901,0.747,0.7466,0.0536,263000,196221,0.7461,0.746,76885700,0.745,108952800,0.744,70902500,0.743,50635700,0.742,46110200,0.747,117040300,0.748,108299600,0.749,140334600,0.75,70938600,0.751,68913000,74,100,0
sh513130,09:47:57,1765158478801,5673.92,0.9078,2.6386,0.746,0.7466,-0.0804,357900,267211,0.7466,0.746,82076300,0.745,108987100,0.744,71140100,0.743,48645700,0.742,46132000,0.747,117960000,0.748,108313200,0.749,139827000,0.75,70940600,0.751,68941600,109,100,0
sh513130,09:48:00,1765158482803,5673.1,0.9078,2.4263,0.746,0.7466,-0.0804,750900,560768,0.7468,0.746,81882800,0.745,110130200,0.744,71150700,0.743,48250700,0.742,46132000,0.747,116975100,0.748,108861600,0.749,140025600,0.75,71016600,0.751,69001600,314,100,0
sh513130,09:48:03,1765158484801,5673.09,0.9078,4.5103,0.746,0.7466,-0.0804,136300,101695,0.7461,0.746,91426100,0.745,101735800,0.744,71149700,0.743,48280700,0.742,46223800,0.747,108503100,0.748,108853600,0.749,140025600,0.75,77772600,0.751,69015700,293,100,0
sh513130,09:48:06,1765158487808,5673.67,0.9078,2.593,0.747,0.7466,0.0536,181100,135120,0.7461,0.746,91693200,0.745,101780800,0.744,71199700,0.743,48292700,0.742,46233800,0.747,105600900,0.748,108850300,0.749,140008500,0.75,80974500,0.751,68987000,366,100,0
sh513130,09:48:09,1765158490820,5674.57,0.9078,2.4982,0.746,0.7466,-0.0804,53100,39616,0.7461,0.746,93571600,0.745,101844200,0.744,70209700,0.743,48292700,0.742,46271300,0.747,106025800,0.748,108913000,0.749,140055300,0.75,81161100,0.751,68987000,333,100,0
sh513130,09:48:12,1765158493811,5675.55,0.9078,2.1098,0.746,0.7466,-0.0804,447400,333769,0.746,0.746,93730200,0.745,101703800,0.744,70219400,0.743,48402000,0.742,46271300,0.747,106127500,0.748,108899200,0.749,140056900,0.75,81200000,0.751,69082500,1290,100,0
sh513130,09:48:15,1765158496824,5676.01,0.9078,3.3445,0.747,0.7466,0.0536,368200,275011,0.7469,0.746,95192300,0.745,101837700,0.744,70260200,0.743,48411200,0.742,46271300,0.747,91067100,0.748,108849200,0.749,140161900,0.75,95699500,0.751,69082500,320,100,0
sh513130,09:48:18,1765158499820,5676.09,0.9078,5.1645,0.747,0.7466,0.0536,25600,19099,0.7461,0.746,95601700,0.745,102191000,0.744,70260300,0.743,48411200,0.742,46306300,0.747,101709700,0.748,108805900,0.749,141201900,0.75,80699700,0.751,69082500,1341,100,0
sh513130,09:48:21,1765158501831,5675.31,0.9078,4.1996,0.746,0.7472,-0.1606,410700,306401,0.746,0.746,95550300,0.745,102194800,0.744,70260300,0.743,48411200,0.742,46322300,0.747,103535400,0.748,108796600,0.749,139920700,0.75,80629700,0.751,69067900,1344,100,0
sh513130,09:48:21,1765158503841,5675.16,0.9078,5.7855,0.746,0.7472,-0.1606,410700,306401,0.746,0.746,95550300,0.745,102194800,0.744,70260300,0.743,48411200,0.742,46322300,0.747,103535400,0.748,108796600,0.749,139920700,0.75,80629700,0.751,69067900,1174,100,0
sh513130,09:48:24,1765158506835,5675.45,0.9078,4.3196,0.747,0.7472,-0.0268,26900,20086,0.7467,0.746,96320900,0.745,105236700,0.744,73260300,0.743,48411300,0.742,46322300,0.747,104467000,0.748,108690000,0.749,139940700,0.75,80792400,0.751,69117900,320,100,0
sh513130,09:48:27,1765158508832,5674.81,0.9078,4.7156,0.747,0.7472,-0.0268,78000,58266,0.747,0.746,112578000,0.745,106352900,0.744,73260300,0.743,48411600,0.742,30103400,0.747,90421300,0.748,109152300,0.749,139940700,0.75,95792400,0.751,69114100,248,100,0
sh513130,09:48:30,1765158511843,5674.88,0.9078,2.4303,0.746,0.7472,-0.1606,202300,151062,0.7467,0.746,97048000,0.745,104627500,0.744,73260300,0.743,48416600,0.742,46150200,0.747,91135600,0.748,109652300,0.749,139950700,0.75,95794400,0.751,69132500,513,100,0
sh513130,09:48:33,1765158514842,5675.02,0.9078,3.8653,0.747,0.7472,-0.0268,42200,31486,0.7461,0.746,97276000,0.745,104891500,0.744,73658200,0.743,48416600,0.742,46150200,0.747,106800000,0.748,109660400,0.749,140150700,0.75,80935300,0.751,69153500,383,100,0
sh513130,09:48:36,1765158517841,5674.78,0.9078,2.8905,0.747,0.7466,0.0536,93500,69844,0.747,0.746,98833000,0.745,105510100,0.744,74240400,0.743,49016600,0.742,46750200,0.747,108983300,0.748,110276900,0.749,140750700,0.75,81581600,0.751,69753500,1300,100,0
sh513130,09:48:39,1765158520845,5674.73,0.9078,4.8374,0.747,0.7466,0.0536,84400,63009,0.7466,0.746,99065000,0.745,106421100,0.744,74290400,0.743,49030100,0.742,46750200,0.747,109632600,0.748,110225900,0.749,140750700,0.75,81583600,0.751,69660300,321,100,0
sh513130,09:48:42,1765158524856,5674.99,0.9078,4.2201,0.746,0.7466,-0.0804,95400,71203,0.7464,0.746,99933200,0.745,106011800,0.744,74290400,0.743,49080100,0.742,46760200,0.747,109596100,0.748,110245900,0.749,140780700,0.75,81610900,0.751,69675300,297,100,0
sh513130,09:48:45,1765158527861,5676.42,0.9078,4.4481,0.747,0.7466,0.0536,482400,360351,0.747,0.746,116375800,0.745,106213000,0.744,74324500,0.743,49080100,0.742,30763400,0.747,84864000,0.748,110294800,0.749,141813800,0.75,97091800,0.751,69660300,1301,100,0
sh513130,09:48:48,1765158529889,5675.78,0.9078,4.4363,0.747,0.7466,0.0536,492800,367720,0.7462,0.746,116790300,0.745,106243000,0.744,74304500,0.743,49090100,0.742,30863400,0.747,76457800,0.748,118656700,0.749,142662600,0.75,97089600,0.751,69423900,1157,100,0
sh513130,09:48:51,1765158533870,5675.76,0.9078,5.063,0.747,0.7473,-0.0401,301700,225370,0.747,0.746,116903500,0.745,106320600,0.744,74304500,0.743,49101100,0.742,30863400,0.747,87654900,0.748,110302500,0.749,143550000,0.75,97212800,0.751,69524900,789,100,0
sh513130,09:48:54,1765158535899,5675.9,0.9078,3.8859,0.747,0.7473,-0.0401,134400,100396,0.747,0.746,117386000,0.745,106353800,0.744,74304500,0.743,49101100,0.742,30871300,0.747,60669400,0.748,118702000,0.749,144461400,0.75,97281900,0.751,85561700,642,100,0
sh513130,09:48:57,1765158538881,5677.14,0.9078,3.4301,0.747,0.7473,-0.0401,397300,296754,0.7469,0.746,118052500,0.745,106388500,0.744,74354100,0.743,49089100,0.742,30871300,0.747,84174600,0.748,110302000,0.749,140318200,0.75,97557300,0.751,69564900,233,100,0
sh513130,09:49:00,1765158541881,5677.17,0.9078,2.9998,0.746,0.7473,-0.174,718100,536406,0.747,0.746,117750100,0.745,106377200,0.744,74354100,0.743,49089100,0.742,30881300,0.747,66202100,0.748,118658600,0.749,107333800,0.75,97605300,0.751,69564900,121,100,0
sh513130,09:49:03,1765158544906,5676.68,0.9078,3.6409,0.747,0.7473,-0.0401,220500,164538,0.7462,0.746,117699600,0.745,106449700,0.744,74354100,0.743,49093900,0.742,30881300,0.747,95073000,0.748,110276500,0.749,103845800,0.75,97797400,0.751,69581700,394,100,0
sh513130,09:49:06,1765158547890,5677.54,0.9078,2.5577,0.747,0.7473,-0.0401,98100,73202,0.7462,0.746,117946200,0.745,106477400,0.744,74354100,0.743,49093900,0.742,30932700,0.747,94952300,0.748,141314400,0.749,104725100,0.75,97787400,0.751,69681700,1390,100,0
sh513130,09:49:09,1765158550897,5677.21,0.9078,2.7044,0.747,0.7473,-0.0401,749700,559362,0.7461,0.746,117510900,0.745,106536700,0.744,74364100,0.743,49089900,0.742,30932700,0.747,74203200,0.748,148800600,0.749,105893600,0.75,97884300,0.751,69703200,416,100,0
sh513130,09:49:12,1765158554191,5676.26,0.9078,5.1301,0.747,0.7473,-0.0401,218300,163029,0.7468,0.746,118427300,0.745,106490500,0.744,74374300,0.743,49090800,0.742,30942700,0.747,74048100,0.748,148900400,0.749,106755000,0.75,97906300,0.751,69743500,1564,100,0
sh513130,09:49:15,1765158556913,5676.55,0.9078,2.7558,0.746,0.7473,-0.174,906000,676180,0.7463,0.746,119156200,0.745,106416200,0.744,74322100,0.743,49102800,0.742,30952700,0.747,94760800,0.748,148900400,0.749,104464900,0.75,97809100,0.751,69713500,400,100,0
sh513130,09:49:18,1765158559983,5677.78,0.9078,3.7434,0.746,0.7473,-0.174,416000,310400,0.7462,0.746,121187500,0.745,106606800,0.744,74342100,0.743,49102800,0.742,30952700,0.747,58950400,0.748,157400400,0.749,105313700,0.75,102811000,0.751,85714400,836,100,0
sh513130,09:49:21,1765158561922,5677.63,0.9078,2.6538,0.747,0.7473,-0.0401,113100,84486,0.747,0.746,123748500,0.745,106597700,0.744,74342100,0.743,49109600,0.742,30952700,0.747,61897300,0.748,157517200,0.749,106162500,0.75,103092300,0.751,85837900,596,100,0
sh513130,09:49:24,1765158565922,5676.84,0.9078,1.3667,0.747,0.7473,-0.0401,752200,561732,0.7468,0.746,107780200,0.745,106627700,0.744,74367100,0.743,49109600,0.742,46949500,0.747,108475300,0.748,149152100,0.749,107011300,0.75,83097800,0.751,69912900,262,100,0
