symbol,tx_server_time,tx_local_time,index_price,fx_rate,sentiment,price,iopv,premium_rate,tick_vol,tick_amt,tick_vwap,bp1,bv1,bp2,bv2,bp3,bv3,bp4,bv4,bp5,bv5,sp1,sv1,sp2,sv2,sp3,sv3,sp4,sv4,sp5,sv5,idx_delay_ms,fut_delay_ms,data_flags
sh513130,09:30:30,1768267833845,,0.894,2.8399,0.774,0.7763,-0.2963,0,0,0.774,0.774,29974300,0.773,30875800,0.772,35680600,0.771,62298400,0.770,26824000,0.775,38299600,0.776,39331000,0.777,47554500,0.778,35763500,0.779,17979300,99999,99999,1
sh513130,09:30:34,1768267836844,5995.88,0.894,4.4448,0.774,0.7763,-0.2963,16844500,13037939,0.774,0.774,13940400,0.773,45715600,0.772,36773200,0.771,61870500,0.770,25019800,0.775,38319100,0.776,34836500,0.777,48451300,0.778,38943300,0.779,18264700,138,99999,0
sh513130,09:30:36,1768267838850,5994.52,0.894,2.3813,0.774,0.7763,-0.2963,6485200,5020609,0.7742,0.774,11535700,0.773,55801000,0.772,37967200,0.771,62303000,0.770,22121400,0.775,37549800,0.776,35176900,0.777,48900800,0.778,40183900,0.779,18346700,135,99999,0
sh513130,09:30:39,1768267841843,5993.04,0.894,0.8029,0.774,0.7763,-0.2963,13629200,10549068,0.774,0.774,2705700,0.773,60822400,0.772,38534200,0.771,66381600,0.770,22509600,0.775,37835000,0.776,30104400,0.777,48932700,0.778,43467100,0.779,23647600,572,99999,0
sh513130,09:30:42,1768267844850,5992.37,0.894,1.1788,0.774,0.7757,-0.2192,7114100,5506570,0.774,0.774,17284100,0.773,56677500,0.772,39667000,0.771,63781400,0.770,26907300,0.775,37055400,0.776,32359600,0.777,49247600,0.778,43554900,0.779,23686300,121,99999,0
sh513130,09:30:45,1768267848840,5990.7,0.894,6.3074,0.774,0.775,-0.129,15175700,11752262,0.7744,0.774,11572500,0.773,61302900,0.772,40190300,0.771,63431100,0.770,27042700,0.775,31029700,0.776,38763000,0.777,49468700,0.778,43632100,0.779,19573200,126,99999,0
sh513130,09:30:48,1768267851864,5990.71,0.894,3.9241,0.774,0.775,-0.129,12076600,9349891,0.7742,0.774,5901800,0.773,72008400,0.772,48121600,0.771,63246800,0.770,27065200,0.775,37904900,0.776,40105800,0.777,45295700,0.778,39031200,0.779,22195400,1114,99999,0
sh513130,09:30:52,1768267854852,5988.82,0.894,3.7435,0.774,0.775,-0.129,7958400,6161372,0.7742,0.774,3790600,0.773,65435400,0.772,45794100,0.771,57841600,0.770,28180200,0.775,47379800,0.776,41740000,0.777,45420100,0.778,33863700,0.779,22247100,56,99999,0
sh513130,09:30:55,1768267857855,5987.97,0.894,3.1915,0.774,0.775,-0.129,9065400,7017802,0.7741,0.774,10900,0.773,68145100,0.772,50870900,0.771,59877300,0.770,30365800,0.775,47781700,0.776,41988900,0.777,45526600,0.778,33989200,0.779,22679300,1080,99999,0
sh513130,09:30:57,1768267859865,5989.45,0.894,3.7916,0.774,0.775,-0.129,41139600,31876082,0.7748,0.774,332300,0.773,55975400,0.772,49461800,0.771,60254800,0.770,29424600,0.775,12533700,0.776,53792500,0.777,54601300,0.778,37475000,0.779,20702400,1143,99999,0
sh513130,09:31:00,1768267863862,5987.95,0.894,4.5053,0.774,0.7757,-0.2192,26355400,20416250,0.7747,0.774,2369800,0.773,55406800,0.772,50940500,0.771,60379000,0.770,27319400,0.775,1256800,0.776,53946400,0.777,54644300,0.778,40819800,0.779,20742700,833,99999,0
sh513130,09:31:03,1768267865865,5990.43,0.894,6.4902,0.773,0.7757,-0.3481,14819700,11474029,0.7742,0.773,56461700,0.772,51078600,0.771,59417500,0.770,27995500,0.769,18737100,0.774,799700,0.775,4260000,0.776,54094600,0.777,54984400,0.778,40965600,362,99999,0
sh513130,09:31:06,1768267868881,5992.48,0.894,5.3058,0.774,0.775,-0.129,10359100,8022143,0.7744,0.774,5720500,0.773,68079000,0.772,48712700,0.771,59343500,0.770,27959700,0.775,4943700,0.776,52252000,0.777,46986500,0.778,39109600,0.779,20969600,158,99999,0
sh513130,09:31:03,1768267869869,5992.48,0.894,5.7773,0.773,0.7757,-0.3481,0,0,0.773,0.773,56461700,0.772,51078600,0.771,59417500,0.770,27995500,0.769,18737100,0.774,799700,0.775,4260000,0.776,54094600,0.777,54984400,0.778,40965600,312,99999,2
sh513130,09:31:06,1768267870880,5989.82,0.894,5.7744,0.774,0.775,-0.129,0,0,0.774,0.774,5720500,0.773,68079000,0.772,48712700,0.771,59343500,0.770,27959700,0.775,4943700,0.776,52252000,0.777,46986500,0.778,39109600,0.779,20969600,160,99999,0
sh513130,09:31:09,1768267872881,5987.69,0.894,4.3704,0.774,0.775,-0.129,19047300,14752042,0.7745,0.774,8473000,0.773,75722500,0.772,54791100,0.771,54776300,0.770,26473100,0.775,889800,0.776,53315800,0.777,55107500,0.778,41321600,0.779,21047100,142,99999,0
sh513130,09:31:12,1768267874896,5988.19,0.894,3.6737,0.773,0.7757,-0.3481,15696300,12152129,0.7742,0.773,68747000,0.772,54680900,0.771,54748300,0.770,24617500,0.769,17830500,0.775,12506100,0.776,53589000,0.777,48328500,0.778,41380700,0.779,21110100,135,99999,0
sh513130,09:31:15,1768267877887,5986.1,0.894,4.1694,0.774,0.7754,-0.1806,8333000,6451218,0.7742,0.774,6618200,0.773,70769300,0.772,55411400,0.771,54399100,0.770,30500800,0.775,49397900,0.776,69609400,0.777,63549200,0.778,35228500,0.779,22156400,1153,99999,0
sh513130,09:31:18,1768267881912,5989.72,0.894,5.2555,0.775,0.7754,-0.0516,9829400,7610613,0.7743,0.774,2491500,0.773,69526000,0.772,54259500,0.771,54163900,0.770,32245100,0.775,48111800,0.776,70364500,0.777,63846200,0.778,37723800,0.779,21280500,1219,99999,0
sh513130,09:31:21,1768267884943,5996.91,0.894,4.8294,0.774,0.7754,-0.1806,10871500,8414875,0.774,0.774,15631800,0.773,69705200,0.772,55031800,0.771,53922300,0.770,31305500,0.775,39791300,0.776,72654300,0.777,73031400,0.778,43085400,0.779,21447400,164,99999,0
sh513130,09:31:24,1768267887935,5995.72,0.894,7.6463,0.774,0.7754,-0.1806,8859100,6860046,0.7744,0.774,21090600,0.773,72796800,0.772,53269300,0.771,54310700,0.770,28126500,0.775,22071900,0.776,72285900,0.777,71267800,0.778,58275800,0.779,24462400,996,99999,0
sh513130,09:31:27,1768267890932,5996.24,0.894,6.004,0.775,0.7754,-0.0516,28145300,21809646,0.7749,0.775,2031600,0.774,25035900,0.773,73601800,0.772,52775800,0.771,54029800,0.776,77132300,0.777,71406100,0.778,58185600,0.779,24634400,0.780,27331300,203,99999,0
sh513130,09:31:30,1768267892944,5997.08,0.894,4.7243,0.775,0.776,-0.1289,9611300,7447782,0.7749,0.774,37670700,0.773,73204800,0.772,51925800,0.771,53336000,0.770,28976900,0.775,3431900,0.776,75692500,0.777,71559300,0.778,58330300,0.779,22657400,200,99999,0
sh513130,09:31:27,1768267893944,5997.08,0.894,3.9867,0.775,0.7754,-0.0516,0,0,0.775,0.775,2031600,0.774,25035900,0.773,73601800,0.772,52775800,0.771,54029800,0.776,77132300,0.777,71406100,0.778,58185600,0.779,24634400,0.780,27331300,503,99999,2
sh513130,09:31:30,1768267894942,5995.11,0.894,5.0234,0.775,0.776,-0.1289,0,0,0.775,0.774,37670700,0.773,73204800,0.772,51925800,0.771,53336000,0.770,28976900,0.775,3431900,0.776,75692500,0.777,71559300,0.778,58330300,0.779,22657400,219,99999,0
sh513130,09:31:33,1768267895940,5995.11,0.894,3.8528,0.774,0.776,-0.2577,5764700,4467733,0.775,0.774,43105300,0.773,73763700,0.772,52362300,0.771,53388300,0.770,29106800,0.775,6359600,0.776,74560600,0.777,71647700,0.778,58537300,0.779,22672400,312,99999,0
sh513130,09:31:36,1768267898942,5995.19,0.894,3.4843,0.774,0.7754,-0.1806,6415800,4971750,0.7749,0.774,43797100,0.773,73660700,0.772,51770400,0.771,53327400,0.770,29022300,0.775,292600,0.776,68060000,0.777,71918100,0.778,58569100,0.779,29971000,247,99999,0
sh513130,09:31:39,1768267901944,5996.56,0.894,4.9262,0.775,0.7754,-0.0516,4722800,3658952,0.7747,0.775,98900,0.774,44005700,0.773,73724300,0.772,51696000,0.771,53678800,0.776,77766900,0.777,72210600,0.778,58757100,0.779,21728800,0.780,29293700,1143,99999,0
sh513130,09:31:42,1768267904943,5993.79,0.894,3.9689,0.775,0.776,-0.1289,5341700,4139944,0.775,0.775,268600,0.774,42208200,0.773,73727300,0.772,50801900,0.771,53663300,0.776,80392900,0.777,72305000,0.778,58776700,0.779,22768900,0.780,29721900,243,99999,0
sh513130,09:31:45,1768267907943,5995.56,0.894,4.548,0.775,0.776,-0.1289,3113900,2413161,0.775,0.774,45118000,0.773,73624900,0.772,50743700,0.771,53670200,0.770,28621900,0.775,4693600,0.776,79484300,0.777,72214300,0.778,58848300,0.779,22805900,1226,99999,0
sh513130,09:31:48,1768267910949,5992.19,0.894,5.0724,0.775,0.776,-0.1289,3825400,2964494,0.775,0.774,46001300,0.773,71730700,0.772,50464400,0.771,53651600,0.770,28673300,0.775,8244700,0.776,77202000,0.777,72642000,0.778,59336000,0.779,22922400,73,99999,0
sh513130,09:31:52,1768267913953,5991.16,0.894,1.7574,0.775,0.776,-0.1289,3239900,2509696,0.7746,0.774,41578600,0.773,71854400,0.772,50457200,0.771,54525800,0.770,28604100,0.775,13530300,0.776,78000500,0.777,74131100,0.778,59455500,0.779,21994600,911,99999,0
sh513130,09:31:54,1768267916958,5989.5,0.894,2.5111,0.775,0.776,-0.1289,11314400,8767489,0.7749,0.774,24613900,0.773,72041800,0.772,51313000,0.771,54491800,0.770,28644900,0.775,13228500,0.776,78328900,0.777,74156800,0.778,59549600,0.779,21943100,265,99999,0
sh513130,09:31:57,1768267919952,5989.65,0.894,1.5468,0.775,0.776,-0.1289,2599500,2013702,0.7746,0.774,26999600,0.773,71637400,0.772,51271200,0.771,54480400,0.770,28739800,0.775,19942800,0.776,78602400,0.777,74244300,0.778,44602600,0.779,21946100,403,99999,0
sh513130,09:31:54,1768267920956,5988.1,0.894,1.5163,0.775,0.776,-0.1289,0,0,0.775,0.774,24613900,0.773,72041800,0.772,51313000,0.771,54491800,0.770,28644900,0.775,13228500,0.776,78328900,0.777,74156800,0.778,59549600,0.779,21943100,253,99999,2
sh513130,09:31:57,1768267921951,5988.1,0.894,3.9615,0.775,0.776,-0.1289,0,0,0.775,0.774,26999600,0.773,71637400,0.772,51271200,0.771,54480400,0.770,28739800,0.775,19942800,0.776,78602400,0.777,74244300,0.778,44602600,0.779,21946100,234,99999,0
sh513130,09:32:00,1768267923975,5987.32,0.894,4.4539,0.775,0.776,-0.1289,5976500,4630393,0.7748,0.774,28942800,0.773,71555400,0.772,50327700,0.771,54920300,0.770,28756800,0.775,45713900,0.776,79114700,0.777,66447500,0.778,43620600,0.779,21956100,80,99999,0
sh513130,09:32:03,1768267927964,5986.91,0.894,2.932,0.775,0.776,-0.1289,5829600,4514656,0.7744,0.774,26253400,0.773,71938000,0.772,51308900,0.771,54743500,0.770,28751700,0.775,45908200,0.776,80310400,0.777,74463100,0.778,43647700,0.779,21991700,1242,99999,0
sh513130,09:32:07,1768267928972,5984.52,0.894,2.8381,0.775,0.7754,-0.0516,19930700,15428618,0.7741,0.774,10750200,0.773,69795700,0.772,51209300,0.771,55143500,0.770,27872200,0.775,58717300,0.776,79660700,0.777,66919600,0.778,41763900,0.779,22135600,248,99999,0
sh513130,09:32:09,1768267931946,5983.62,0.894,3.5472,0.774,0.7754,-0.1806,9736700,7538281,0.7742,0.773,77493600,0.772,54231700,0.771,73124200,0.770,28941400,0.769,17853200,0.774,674300,0.775,65113200,0.776,79834900,0.777,66957800,0.778,36512900,1123,99999,0
sh513130,09:32:13,1768267936939,5980.67,0.894,1.7609,0.774,0.7754,-0.1806,4099500,3174128,0.7743,0.773,72614400,0.772,53817000,0.771,72562400,0.770,33347900,0.769,17853200,0.774,5711100,0.775,62130100,0.776,82558700,0.777,67531400,0.778,36527100,207,99999,0
sh513130,09:32:15,1768267937922,5980.67,0.894,1.7609,0.774,0.7747,-0.0904,4902700,3794300,0.7739,0.773,71357000,0.772,53989200,0.771,72709200,0.770,33362900,0.769,17859700,0.774,14492600,0.775,49107900,0.776,60097800,0.777,52617000,0.778,36737700,952,99999,0
sh513130,09:32:19,1768267940923,5977.91,0.894,2.111,0.774,0.7747,-0.0904,4556300,3525341,0.7737,0.773,48442500,0.772,54103200,0.771,72697200,0.770,33344600,0.769,17859000,0.774,30814400,0.775,50984200,0.776,60245700,0.777,41459800,0.778,36927400,214,99999,0
sh513130,09:32:21,1768267943921,5976.6,0.894,4.0403,0.773,0.7747,-0.2194,2483400,1921212,0.7736,0.773,46845900,0.772,53485900,0.771,72197500,0.770,33163600,0.769,17859000,0.774,30207200,0.775,55521400,0.776,54385400,0.777,38542200,0.778,33835000,416,99999,0
sh513130,09:32:24,1768267947904,5975.48,0.894,2.1543,0.773,0.7747,-0.2194,7277500,5629801,0.7736,0.773,44675100,0.772,53703400,0.771,72070500,0.770,33153600,0.769,18505300,0.774,31260100,0.775,55067800,0.776,54683900,0.777,38629100,0.778,33846500,59,99999,0
sh513130,09:32:27,1768267949902,5973.36,0.894,2.9079,0.773,0.7747,-0.2194,5013900,3876559,0.7732,0.773,36553700,0.772,52809500,0.771,72121900,0.770,33196900,0.769,19505300,0.774,34041800,0.775,55658900,0.776,54193800,0.777,38677000,0.778,33892200,1189,99999,0
sh513130,09:32:30,1768267952899,5972.71,0.894,4.248,0.773,0.774,-0.1292,4516700,3492960,0.7733,0.773,32978100,0.772,52868800,0.771,72181500,0.770,33215600,0.769,19573900,0.774,38121700,0.775,57763700,0.776,55160900,0.777,38662700,0.778,34036400,144,99999,0
sh513130,09:32:33,1768267956906,5973.84,0.894,3.5837,0.773,0.774,-0.1292,3788400,2928937,0.7731,0.773,30493500,0.772,47395000,0.771,72301400,0.770,34269800,0.769,24023900,0.774,38200100,0.775,58980200,0.776,55113600,0.777,38653600,0.778,34096800,193,99999,0
sh513130,09:32:36,1768267958903,5972.86,0.894,3.755,0.773,0.774,-0.1292,9072700,7013902,0.7731,0.773,22607900,0.772,51041000,0.771,72239800,0.770,33299800,0.769,24025500,0.774,41807300,0.775,60782500,0.776,54483300,0.777,38639800,0.778,34167800,118,99999,0
sh513130,09:32:39,1768267961931,5972.89,0.894,2.4571,0.773,0.774,-0.1292,5019900,3881692,0.7733,0.773,19395100,0.772,50786500,0.771,72167400,0.770,34299800,0.769,24205300,0.774,48699900,0.775,60101700,0.776,53636200,0.777,38467000,0.778,34509100,983,99999,0
sh513130,09:32:42,1768267964938,5972.58,0.894,2.448,0.773,0.774,-0.1292,4426300,3421582,0.773,0.773,16144800,0.772,51099100,0.771,72200500,0.770,34619900,0.769,24213900,0.774,49861700,0.775,60913900,0.776,53652500,0.777,38570200,0.778,34764300,215,99999,0
sh513130,09:32:45,1768267967961,5972.6,0.894,2.1795,0.773,0.7734,-0.0517,3672700,2839362,0.7731,0.773,13395300,0.772,52345000,0.771,72145000,0.770,34648500,0.769,24228900,0.774,49666200,0.775,61750800,0.776,54595100,0.777,38609600,0.778,34832000,487,99999,0
sh513130,09:32:49,1768267971977,5973.35,0.894,5.1746,0.773,0.7734,-0.0517,14034300,10848685,0.773,0.772,53068600,0.771,72157300,0.770,34739900,0.769,24232800,0.768,20739700,0.773,3234000,0.774,63902500,0.775,77448500,0.776,69731900,0.777,38719400,127,99999,0
sh513130,09:32:51,1768267973983,5974.26,0.894,5.2909,0.773,0.774,-0.1292,1788100,1382036,0.7729,0.772,54579500,0.771,72346900,0.770,33923000,0.769,24232800,0.768,20759700,0.773,9235400,0.774,62690200,0.775,79464500,0.776,69853400,0.777,38755100,1233,99999,0
sh513130,09:32:54,1768267975984,5971.16,0.894,4.1914,0.772,0.774,-0.2584,3866900,2986266,0.7723,0.772,46334800,0.771,75322400,0.770,37915700,0.769,24232800,0.768,20740300,0.773,36428300,0.774,64360700,0.775,80344800,0.776,53626100,0.777,38750100,1230,99999,0
sh513130,09:32:57,1768267980989,5972.9,0.894,3.174,0.772,0.774,-0.2584,18378600,14190775,0.7721,0.772,37376600,0.771,75332800,0.770,55714300,0.769,24232800,0.768,20740300,0.773,39701300,0.774,77682500,0.775,78679300,0.776,53708500,0.777,38738100,294,99999,0
sh513130,09:33:00,1768267982998,5971.5,0.894,7.629,0.772,0.774,-0.2584,6813100,5260624,0.7721,0.772,38406600,0.771,74948000,0.770,55971700,0.769,24458600,0.768,20810300,0.773,27463100,0.774,78165200,0.775,80258400,0.776,68773500,0.777,38970100,231,99999,0
sh513130,09:33:03,1768267985995,5970.73,0.894,6.0679,0.772,0.774,-0.2584,7763100,5994958,0.7722,0.772,11133500,0.771,74319600,0.770,56035100,0.769,24531800,0.768,20810200,0.773,63249700,0.774,67218800,0.775,67812500,0.776,54045900,0.777,39090700,1065,99999,0
sh513130,09:33:06,1768267987994,5969.46,0.894,5.2209,0.772,0.7734,-0.181,11263400,8695381,0.772,0.771,74118500,0.770,56005500,0.769,24538400,0.768,20810200,0.767,12707400,0.772,1542600,0.773,58539300,0.774,67053000,0.775,69081100,0.776,52393600,891,99999,0
sh513130,09:33:03,1768267989001,5967.75,0.894,5.3199,0.772,0.774,-0.2584,0,0,0.772,0.772,11133500,0.771,74319600,0.770,56035100,0.769,24531800,0.768,20810200,0.773,63249700,0.774,67218800,0.775,67812500,0.776,54045900,0.777,39090700,298,99999,2
sh513130,09:33:06,1768267990007,5967.75,0.894,5.3584,0.772,0.7734,-0.181,0,0,0.772,0.771,74118500,0.770,56005500,0.769,24538400,0.768,20810200,0.767,12707400,0.772,1542600,0.773,58539300,0.774,67053000,0.775,69081100,0.776,52393600,728,99999,0
sh513130,09:33:09,1768267992999,5967.54,0.894,5.96,0.771,0.7734,-0.3103,1491100,1150806,0.7718,0.771,70001200,0.770,57050700,0.769,27530100,0.768,26190200,0.767,12707400,0.772,8502000,0.773,73522200,0.774,69839200,0.775,71420200,0.776,48918300,282,99999,0
sh513130,09:33:12,1768267995002,5967.83,0.894,7.0688,0.771,0.7734,-0.3103,2772200,2137793,0.7712,0.771,73764800,0.770,57242600,0.769,28030600,0.768,21316200,0.767,12707600,0.772,14450500,0.773,64367800,0.774,69306800,0.775,70438900,0.776,48861600,244,99999,0
sh513130,09:33:15,1768267998007,5968.14,0.894,4.798,0.772,0.7727,-0.0906,4702600,3626406,0.7711,0.771,70377500,0.770,57245500,0.769,29767900,0.768,21319200,0.767,12907600,0.772,17377200,0.773,67494200,0.774,69197900,0.775,69582300,0.776,46532500,32,99999,0
sh513130,09:33:18,1768268000991,5968.8,0.894,4.1336,0.771,0.7727,-0.22,5213800,4020906,0.7712,0.771,67083700,0.770,57404600,0.769,29811500,0.768,21319200,0.767,12907600,0.772,25056800,0.773,75809500,0.774,69437200,0.775,70185400,0.776,46600200,173,99999,0
sh513130,09:33:21,1768268004985,5968.11,0.894,2.9113,0.771,0.7733,-0.2974,32447600,25047032,0.7719,0.771,65744800,0.770,57257300,0.769,29821500,0.768,21329200,0.767,12907600,0.772,136400,0.773,58078800,0.774,71265000,0.775,70396600,0.776,53898800,220,99999,0
sh513130,09:33:24,1768268007990,5966.73,0.894,3.2577,0.771,0.7733,-0.2974,4915400,3792760,0.7716,0.771,69099500,0.770,61200300,0.769,33921500,0.768,21327800,0.767,12912600,0.772,16041600,0.773,58005000,0.774,70749500,0.775,55481500,0.776,53871500,1214,99999,0
sh513130,09:33:28,1768268009979,5966.05,0.894,3.2141,0.771,0.7733,-0.2974,4538500,3499442,0.7711,0.771,55350100,0.770,64216900,0.769,33554000,0.768,25387800,0.767,12912600,0.772,18052400,0.773,67804300,0.774,70457000,0.775,53697500,0.776,54657000,1118,99999,0
sh513130,09:33:30,1768268012985,5963.56,0.894,3.1393,0.772,0.7727,-0.0906,10669000,8226168,0.771,0.771,45968400,0.770,63458600,0.769,33542500,0.768,25425700,0.767,12943600,0.772,23219800,0.773,67567700,0.774,70573500,0.775,53014700,0.776,54670700,232,99999,0
sh513130,09:33:33,1768268017000,5960.56,0.894,5.0737,0.771,0.7727,-0.22,5106200,3937736,0.7712,0.771,11131800,0.770,63788500,0.769,52480700,0.768,30873200,0.767,12943600,0.772,35095500,0.773,67428000,0.774,58079400,0.775,48643600,0.776,47309100,1619,99999,0
sh513130,09:33:36,1768268019996,5960.56,0.894,5.1006,0.771,0.7727,-0.22,5651700,4358175,0.7711,0.771,4025700,0.770,65135300,0.769,52492700,0.768,30995600,0.767,12984000,0.772,38903100,0.773,68264600,0.774,57666700,0.775,48752000,0.776,47466300,267,99999,0
sh513130,09:33:39,1768268022008,5960.56,0.894,5.6809,0.77,0.7727,-0.3494,5486400,4229865,0.771,0.770,66911100,0.769,52511900,0.768,30999100,0.767,13066500,0.766,17437200,0.771,1353900,0.772,41450900,0.773,69260000,0.774,57393300,0.775,48967100,96,99999,0
sh513130,09:33:42,1768268026008,5958.49,0.894,3.3079,0.771,0.772,-0.1295,1859700,1432919,0.7705,0.770,67841600,0.769,55484400,0.768,33998800,0.767,13166500,0.766,17450200,0.771,22483000,0.772,45076700,0.773,78110100,0.774,42418900,0.775,45977800,174,99999,0
sh513130,09:33:45,1768268029012,5959.54,0.894,4.6254,0.77,0.7713,-0.1685,2583400,1989726,0.7702,0.770,66700600,0.769,55802100,0.768,34038800,0.767,13167100,0.766,17450800,0.771,11334700,0.772,45288400,0.773,77539600,0.774,57858600,0.775,46671800,127,99999,0
sh513130,09:33:48,1768268031036,5959.02,0.894,3.0209,0.77,0.7713,-0.1685,10125500,7803506,0.7707,0.770,64307700,0.769,55851800,0.768,34025500,0.767,13715700,0.766,17450800,0.771,7635500,0.772,54400300,0.773,68009900,0.774,57563200,0.775,46632300,320,99999,0
sh513130,09:33:45,1768268032036,5959.02,0.894,5.9274,0.77,0.7713,-0.1685,0,0,0.77,0.770,66700600,0.769,55802100,0.768,34038800,0.767,13167100,0.766,17450800,0.771,11334700,0.772,45288400,0.773,77539600,0.774,57858600,0.775,46671800,1319,99999,2
sh513130,09:33:48,1768268033034,5957.87,0.894,4.6156,0.77,0.7713,-0.1685,0,0,0.77,0.770,64307700,0.769,55851800,0.768,34025500,0.767,13715700,0.766,17450800,0.771,7635500,0.772,54400300,0.773,68009900,0.774,57563200,0.775,46632300,229,99999,0
sh513130,09:33:51,1768268034054,5957.87,0.894,4.1068,0.771,0.7713,-0.0389,11447800,8822207,0.7706,0.770,53939100,0.769,51522100,0.768,29645500,0.767,13715700,0.766,18231400,0.771,19031000,0.772,57244800,0.773,67884500,0.774,42534700,0.775,46889200,1253,99999,0
sh513130,09:33:54,1768268038044,5955.85,0.894,5.8883,0.77,0.7713,-0.1685,4425200,3408506,0.7702,0.770,29878700,0.769,51522100,0.768,48628400,0.767,13515800,0.766,18221400,0.771,23841200,0.772,61543600,0.773,67864100,0.774,41657500,0.775,41255200,901,99999,0
sh513130,09:33:57,1768268039048,5954.35,0.894,4.4991,0.77,0.7713,-0.1685,4441000,3421939,0.7705,0.770,18281700,0.769,51299400,0.768,48789200,0.767,17578800,0.766,18594300,0.771,39365900,0.772,57235700,0.773,59839800,0.774,41492600,0.775,39497400,328,99999,0
sh513130,09:34:00,1768268043055,5952.56,0.894,5.5487,0.771,0.7713,-0.0389,4538500,3496063,0.7703,0.770,15258300,0.769,52430600,0.768,48838200,0.767,17611400,0.766,18624300,0.771,34146500,0.772,55507700,0.773,59771100,0.774,41981900,0.775,41600100,335,99999,0
sh513130,09:34:03,1768268046053,5952.73,0.894,3.293,0.77,0.7713,-0.1685,14902600,11475139,0.77,0.769,53398200,0.768,48906800,0.767,18648900,0.766,18650700,0.765,14559500,0.770,3098000,0.771,47832800,0.772,65903300,0.773,55283400,0.774,41934500,186,99999,0
sh513130,09:34:06,1768268049051,5956.19,0.894,7.3821,0.771,0.7707,0.0389,15935800,12270633,0.77,0.770,14340400,0.769,54376400,0.768,49657300,0.767,17698900,0.766,18650700,0.771,42628300,0.772,56690000,0.773,62591200,0.774,40231300,0.775,39447500,235,99999,0
sh513130,09:34:10,1768268052056,5957.38,0.894,6.4089,0.77,0.7707,-0.0908,4000700,3080679,0.77,0.770,25315000,0.769,54493000,0.768,48702300,0.767,13698900,0.766,18650700,0.771,27813500,0.772,51771300,0.773,64094500,0.774,53814900,0.775,47175500,1097,99999,0
sh513130,09:34:12,1768268055053,5954.95,0.894,6.5998,0.771,0.7707,0.0389,5703500,4393174,0.7703,0.770,8318200,0.769,55396000,0.768,48702300,0.767,17708900,0.766,18601100,0.771,56898800,0.772,46557700,0.773,55957000,0.774,38768200,0.775,47163600,381,99999,0
sh513130,09:34:15,1768268058056,5954.41,0.894,4.5293,0.77,0.7713,-0.1685,4230500,3258473,0.7702,0.770,6429700,0.769,56418600,0.768,52914300,0.767,20710200,0.766,18700700,0.771,57718600,0.772,54351800,0.773,56221100,0.774,38698200,0.775,40173400,1294,99999,0
sh513130,09:34:18,1768268062064,5953.25,0.894,2.3976,0.77,0.7713,-0.1685,3416700,2631611,0.7702,0.770,5581300,0.769,56583600,0.768,52938900,0.767,20710200,0.766,18703700,0.771,51924900,0.772,55006600,0.773,55979700,0.774,38748800,0.775,40824900,963,99999,0
sh513130,09:34:21,1768268064071,5952.38,0.894,3.5095,0.77,0.7713,-0.1685,4738200,3648550,0.77,0.770,2461500,0.769,33421700,0.768,53116700,0.767,38833400,0.766,18723600,0.771,74015800,0.772,55056900,0.773,55734300,0.774,39006700,0.775,41076500,772,99999,0
sh513130,09:34:18,1768268065073,5952.16,0.894,3.4451,0.77,0.7713,-0.1685,0,0,0.77,0.770,5581300,0.769,56583600,0.768,52938900,0.767,20710200,0.766,18703700,0.771,51924900,0.772,55006600,0.773,55979700,0.774,38748800,0.775,40824900,360,99999,2
sh513130,09:34:21,1768268066081,5952.16,0.894,3.1821,0.77,0.7713,-0.1685,0,0,0.77,0.770,2461500,0.769,33421700,0.768,53116700,0.767,38833400,0.766,18723600,0.771,74015800,0.772,55056900,0.773,55734300,0.774,39006700,0.775,41076500,588,99999,0
sh513130,09:34:24,1768268067082,5952.73,0.894,2.7756,0.77,0.7713,-0.1685,4413600,3398716,0.7701,0.769,47079300,0.768,53207700,0.767,38885400,0.766,18773600,0.765,17080200,0.770,2857300,0.771,66093000,0.772,53989300,0.773,55716300,0.774,38992400,336,99999,0
sh513130,09:34:27,1768268070059,5951.82,0.894,5.5228,0.769,0.7707,-0.2206,6120500,4712650,0.77,0.769,35118300,0.768,53258100,0.767,38887900,0.766,18774100,0.765,17098400,0.770,3477300,0.771,68476100,0.772,53946200,0.773,55674500,0.774,38662600,235,99999,0
sh513130,09:34:30,1768268074043,5951.52,0.894,6.1408,0.77,0.7713,-0.1685,6630300,5104611,0.7699,0.769,47392000,0.768,53573700,0.767,39906800,0.766,18791300,0.765,17109600,0.770,1829100,0.771,69233900,0.772,54714600,0.773,55850700,0.774,39218700,1305,99999,0
sh513130,09:34:33,1768268076046,5952.34,0.894,6.4953,0.77,0.7713,-0.1685,6765000,5207609,0.7698,0.769,50897200,0.768,53617400,0.767,38916800,0.766,18811300,0.765,17104600,0.770,1017800,0.771,67332600,0.772,53972600,0.773,57392800,0.774,39019000,1254,99999,0
sh513130,09:34:36,1768268080042,5952.35,0.894,5.7133,0.77,0.7713,-0.1685,8720300,6712667,0.7698,0.770,455900,0.769,49082900,0.768,53609600,0.767,38987800,0.766,18837600,0.771,72135100,0.772,53800400,0.773,56181800,0.774,39039000,0.775,40768300,1181,99999,0
sh513130,09:34:39,1768268082037,5952.54,0.894,3.6753,0.77,0.7713,-0.1685,3103600,2390294,0.7702,0.770,3943600,0.769,46548000,0.768,53637800,0.767,39015800,0.766,18852700,0.771,64577000,0.772,55951100,0.773,57296200,0.774,39761700,0.775,40775900,1309,99999,0
sh513130,09:34:42,1768268085015,5953.19,0.894,4.6982,0.77,0.7713,-0.1685,4921500,3789657,0.77,0.770,1186300,0.769,46647500,0.768,53591800,0.767,39018800,0.766,18862700,0.771,65896700,0.772,56060500,0.773,55646100,0.774,39877000,0.775,40449600,306,99999,0
sh513130,09:34:45,1768268088016,5952.15,0.894,5.9446,0.769,0.7707,-0.2206,4344500,3344550,0.7698,0.769,42249300,0.768,49545400,0.767,35034200,0.766,18884000,0.765,17748200,0.770,1297600,0.771,49536300,0.772,41514300,0.773,41685900,0.774,39795900,790,99999,0
sh513130,09:34:48,1768268091014,5951.16,0.894,5.2858,0.77,0.7707,-0.0908,3931900,3025881,0.7696,0.769,42740900,0.768,49554400,0.767,35082200,0.766,18899700,0.765,17770200,0.770,2367500,0.771,51178700,0.772,36335900,0.773,40862400,0.774,40245600,322,99999,0
sh513130,09:34:51,1768268094010,5951.82,0.894,3.0014,0.77,0.7713,-0.1685,9074600,6985426,0.7698,0.769,26158400,0.768,49603900,0.767,35083200,0.766,18900500,0.765,17870200,0.770,3161000,0.771,51521100,0.772,42003100,0.773,41030500,0.774,39751300,243,99999,0
sh513130,09:34:54,1768268097021,5950.21,0.894,1.2921,0.769,0.7713,-0.2982,4355800,3353005,0.7698,0.769,25874400,0.768,49286400,0.767,35088200,0.766,18909400,0.765,17902600,0.770,13863200,0.771,48357700,0.772,42845200,0.773,40071500,0.774,40152900,358,99999,0
sh513130,09:34:57,1768268100003,5950.59,0.894,1.4229,0.769,0.7707,-0.2206,9330800,7175752,0.769,0.769,16879700,0.768,49096400,0.767,36082200,0.766,18982200,0.765,17822400,0.770,22360500,0.771,48175300,0.772,42762200,0.773,40088700,0.774,40092400,1247,99999,0
sh513130,09:35:00,1768268103989,5952.21,0.894,4.1229,0.769,0.7707,-0.2206,3269900,2514892,0.7691,0.769,26822500,0.768,50015200,0.767,35099400,0.766,19581600,0.765,18350000,0.770,29773900,0.771,50303200,0.772,43474000,0.773,39774700,0.774,40157400,209,99999,0
sh513130,09:35:03,1768268106995,5952.71,0.894,3.3906,0.769,0.7707,-0.2206,9482100,7293032,0.7691,0.769,38348000,0.768,60049700,0.767,35099400,0.766,20381600,0.765,18951800,0.770,48273200,0.771,63810100,0.772,40475100,0.773,40577400,0.774,39195700,145,99999,0
sh513130,09:35:00,1768268107998,5952.71,0.894,4.4332,0.769,0.7707,-0.2206,0,0,0.769,0.769,26822500,0.768,50015200,0.767,35099400,0.766,19581600,0.765,18350000,0.770,29773900,0.771,50303200,0.772,43474000,0.773,39774700,0.774,40157400,1146,99999,2
sh513130,09:35:03,1768268108998,5951.45,0.894,4.4112,0.769,0.7707,-0.2206,0,0,0.769,0.769,38348000,0.768,60049700,0.767,35099400,0.766,20381600,0.765,18951800,0.770,48273200,0.771,63810100,0.772,40475100,0.773,40577400,0.774,39195700,331,99999,0
sh513130,09:35:06,1768268110004,5951.45,0.894,2.9944,0.769,0.7707,-0.2206,4325400,3326662,0.7691,0.769,38358900,0.768,60380400,0.767,35100800,0.766,20381000,0.765,19462300,0.770,52182300,0.771,63773500,0.772,39489800,0.773,40644800,0.774,40284100,982,99999,0
sh513130,09:35:09,1768268112980,5951.14,0.894,1.6344,0.769,0.7707,-0.2206,6467500,4978376,0.7698,0.769,34476300,0.768,69405500,0.767,44114900,0.766,20396000,0.765,19463300,0.770,52421200,0.771,62328700,0.772,38472000,0.773,40640000,0.774,39171100,236,99999,0
sh513130,09:35:12,1768268114983,5951.89,0.894,3.6475,0.77,0.7707,-0.0908,5349600,4115687,0.7693,0.769,32750300,0.768,69521000,0.767,44129400,0.766,20392000,0.765,20779900,0.770,55394800,0.771,62241700,0.772,38335600,0.773,40684400,0.774,39048700,282,99999,0
sh513130,09:35:15,1768268118968,5951.89,0.894,6.3406,0.769,0.7707,-0.2206,2181800,1678064,0.7691,0.769,31683400,0.768,68638600,0.767,44131800,0.766,20442500,0.765,20753400,0.770,59471400,0.771,62358100,0.772,57599100,0.773,40684400,0.774,38991000,250,99999,0
sh513130,09:35:18,1768268120968,5950.37,0.894,4.3986,0.769,0.7707,-0.2206,3187800,2452877,0.7695,0.769,31057300,0.768,68694100,0.767,44171800,0.766,20504000,0.765,21432700,0.770,60359700,0.771,61811100,0.772,57566300,0.773,40740200,0.774,39014200,269,99999,0
sh513130,09:35:15,1768268121994,5950.37,0.894,4.3222,0.769,0.7707,-0.2206,0,0,0.769,0.769,31683400,0.768,68638600,0.767,44131800,0.766,20442500,0.765,20753400,0.770,59471400,0.771,62358100,0.772,57599100,0.773,40684400,0.774,38991000,1295,99999,2
sh513130,09:35:18,1768268122962,5948.41,0.894,4.692,0.769,0.7707,-0.2206,0,0,0.769,0.769,31057300,0.768,68694100,0.767,44171800,0.766,20504000,0.765,21432700,0.770,60359700,0.771,61811100,0.772,57566300,0.773,40740200,0.774,39014200,16,99999,0
sh513130,09:35:21,1768268123965,5948.41,0.894,5.3487,0.769,0.7714,-0.3111,1802900,1386704,0.7692,0.769,4873800,0.768,68801000,0.767,45161800,0.766,20504400,0.765,21413600,0.770,75695400,0.771,68859400,0.772,41425000,0.773,40874500,0.774,31505500,1023,99999,0
sh513130,09:35:24,1768268127968,5944.87,0.894,3.326,0.769,0.7714,-0.3111,10171000,7822697,0.7691,0.768,68522000,0.767,44197400,0.766,20504600,0.765,22213400,0.764,20458200,0.769,6405900,0.770,73123300,0.771,68848300,0.772,40613100,0.773,40800000,1272,99999,0
sh513130,09:35:27,1768268129967,5943.72,0.894,5.1273,0.769,0.7707,-0.2206,3072700,2362708,0.7689,0.768,69987900,0.767,44176500,0.766,20483700,0.765,23066400,0.764,20458200,0.769,8379900,0.770,74727000,0.771,68808200,0.772,41673800,0.773,37656100,1249,99999,0
sh513130,09:35:30,1768268133973,5940.18,0.894,2.1069,0.769,0.7701,-0.1428,6446200,4954805,0.7686,0.768,44599500,0.767,56773400,0.766,34072500,0.765,23066500,0.764,22326100,0.769,16347500,0.770,75011300,0.771,60858100,0.772,41779800,0.773,37850900,1044,99999,0
sh513130,09:35:33,1768268135944,5939.68,0.894,1.4286,0.769,0.7701,-0.1428,1095100,841742,0.7686,0.768,54379800,0.767,56775000,0.766,52170700,0.765,23745700,0.764,23021100,0.769,15054600,0.770,77820300,0.771,69873900,0.772,41863600,0.773,32586400,832,99999,0
sh513130,09:35:36,1768268139938,5944.75,0.894,6.4208,0.769,0.7694,-0.052,12307000,9462820,0.7689,0.769,4440800,0.768,53803500,0.767,56885700,0.766,52176700,0.765,23149700,0.770,76243500,0.771,68825500,0.772,41982600,0.773,37894000,0.774,31634300,483,99999,0
sh513130,09:35:39,1768268141935,5946.17,0.894,6.9562,0.768,0.7694,-0.182,5299900,4075162,0.7689,0.768,56748600,0.767,56824000,0.766,51226700,0.765,23160700,0.764,23022500,0.769,1080800,0.770,75739200,0.771,66762300,0.772,41901100,0.773,37724200,296,99999,0
sh513130,09:35:42,1768268144922,5946.49,0.894,7.7801,0.769,0.7694,-0.052,5871200,4515044,0.769,0.769,1420500,0.768,59386900,0.767,56831500,0.766,51226700,0.765,23790700,0.770,76131000,0.771,68597000,0.772,41861300,0.773,37751000,0.774,31445500,231,99999,0
sh513130,09:35:45,1768268147914,5946.61,0.894,5.0929,0.769,0.7707,-0.2206,2803600,2156406,0.7692,0.769,442900,0.768,60610600,0.767,57019000,0.766,51226700,0.765,23190700,0.770,75367300,0.771,68752100,0.772,43654900,0.773,37957000,0.774,31448500,1175,99999,0
sh513130,09:35:48,1768268151909,5944.65,0.894,2.5561,0.769,0.7707,-0.2206,1491200,1146461,0.7688,0.768,61574800,0.767,57029000,0.766,51244200,0.765,23823800,0.764,22960500,0.769,3160800,0.770,76980800,0.771,68648500,0.772,42690400,0.773,37977000,1165,99999,0
sh513130,09:35:51,1768268153916,5944.56,0.894,1.8957,0.768,0.7707,-0.3503,7751500,5960484,0.7689,0.768,52070200,0.767,58029000,0.766,51245200,0.765,23898500,0.764,22995500,0.769,12174800,0.770,65433900,0.771,53854400,0.772,29814500,0.773,37994900,1235,99999,0
sh513130,09:35:54,1768268156896,5942.4,0.894,1.7061,0.768,0.7708,-0.3633,1983000,1523483,0.7683,0.768,60983500,0.767,57849100,0.766,51251200,0.765,24977000,0.764,22995500,0.769,15345600,0.770,65886600,0.771,55847400,0.772,31711200,0.773,37999200,178,99999,0
sh513130,09:35:55,1768268157889,5942.4,0.894,2.3692,0.768,0.7708,-0.3633,0,0,0.768,0.768,60983500,0.767,57849100,0.766,51251200,0.765,24977000,0.764,22995500,0.769,15345600,0.770,65886600,0.771,55847400,0.772,31711200,0.773,37999200,960,99999,0
sh513130,09:35:57,1768268159892,5944.36,0.894,2.7848,0.768,0.7708,-0.3633,922800,709173,0.7685,0.768,63352400,0.767,57855200,0.766,51227500,0.765,24981000,0.764,23003500,0.769,15707400,0.770,67608200,0.771,55305000,0.772,30997900,0.773,38013500,794,99999,0
sh513130,09:36:00,1768268163880,5943.31,0.894,2.724,0.768,0.7701,-0.2727,3786100,2908452,0.7682,0.768,64609200,0.767,59858100,0.766,52346700,0.765,24915700,0.764,23003500,0.769,16233700,0.770,70605700,0.771,57934300,0.772,30954300,0.773,38012500,101,99999,0
sh513130,09:36:03,1768268165866,5943.8,0.894,1.912,0.768,0.7701,-0.2727,3046600,2340026,0.7681,0.768,62981500,0.767,59863100,0.766,52356600,0.765,24447200,0.764,23006500,0.769,32109700,0.770,70816500,0.771,58698800,0.772,30891800,0.773,37978600,227,99999,0
sh513130,09:36:06,1768268168839,5941.83,0.894,3.0764,0.769,0.7701,-0.1428,9503700,7299204,0.768,0.768,49931400,0.767,60857100,0.766,52454600,0.765,24510200,0.764,23049500,0.769,34726400,0.770,70764500,0.771,58784100,0.772,30733400,0.773,38009900,128,99999,0
sh513130,09:36:09,1768268172833,5938.29,0.894,3.0271,0.768,0.7701,-0.2727,8530900,6551960,0.768,0.768,7619100,0.767,60934600,0.766,53700900,0.765,24572000,0.764,23740100,0.769,44610000,0.770,77803000,0.771,50501100,0.772,30865400,0.773,30754800,123,99999,0
sh513130,09:36:12,1768268174834,5935.78,0.894,2.7526,0.768,0.7701,-0.2727,7045700,5412172,0.7682,0.767,36769700,0.766,66689700,0.765,36690100,0.764,23742300,0.763,11541100,0.768,2256300,0.769,56867500,0.770,78634900,0.771,48491900,0.772,30883100,79,99999,0
sh513130,09:36:15,1768268178830,5936.35,0.894,2.6325,0.768,0.7694,-0.182,3244200,2491395,0.768,0.767,60811800,0.766,66689700,0.765,38808100,0.764,24542300,0.763,11541100,0.768,4841900,0.769,64318000,0.770,77299500,0.771,47106600,0.772,30890700,69,99999,0
sh513130,09:36:18,1768268180836,5936.4,0.894,2.624,0.767,0.7694,-0.3119,1942100,1490032,0.7672,0.767,59608000,0.766,66717900,0.765,37826100,0.764,25150300,0.763,13072800,0.768,8479900,0.769,61448000,0.770,75438500,0.771,46134700,0.772,30643800,81,99999,0
sh513130,09:36:21,1768268184820,5933.48,0.894,2.1597,0.767,0.7694,-0.3119,12446900,9555774,0.7677,0.767,20161400,0.766,66781400,0.765,56262200,0.764,25124700,0.763,13073000,0.768,14822500,0.769,65968400,0.770,75840000,0.771,46175500,0.772,25367800,106,99999,0
sh513130,09:36:24,1768268186829,5933.19,0.894,-0.6907,0.767,0.7694,-0.3119,2339500,1794629,0.7671,0.767,15966300,0.766,66783000,0.765,57351700,0.764,25124700,0.763,13073000,0.768,43614600,0.769,63278100,0.770,48097800,0.771,46154700,0.772,23328300,89,99999,0
sh513130,09:36:27,1768268190811,5929.77,0.894,3.2734,0.767,0.7694,-0.3119,1790600,1373470,0.767,0.767,9768200,0.766,66798500,0.765,57338500,0.764,25142700,0.763,13764100,0.768,51430800,0.769,60607900,0.770,47199000,0.771,46153700,0.772,23296200,18,99999,0
sh513130,09:36:30,1768268192791,5929.65,0.894,2.2892,0.767,0.7681,-0.1432,11448400,8781067,0.767,0.766,66832600,0.765,56849000,0.764,24680400,0.763,13789000,0.762,13840500,0.767,1224200,0.768,56782000,0.769,62060200,0.770,45410800,0.771,45453700,49,99999,0
sh513130,09:36:33,1768268195790,5929.35,0.894,5.0608,0.766,0.7681,-0.2734,1041000,798155,0.7667,0.766,64397600,0.765,57432100,0.764,25670400,0.763,13792900,0.762,13840500,0.767,14049800,0.768,69432800,0.769,57319500,0.770,47038100,0.771,37128100,1020,99999,0
sh513130,09:36:36,1768268199780,5927.65,0.894,6.3378,0.767,0.7681,-0.1432,3593500,2755525,0.7668,0.766,65910300,0.765,57496600,0.764,26269900,0.763,14395000,0.762,13840800,0.767,14178700,0.768,70005000,0.769,57899000,0.770,47001900,0.771,36597600,609,99999,0
sh513130,09:36:39,1768268202763,5927.34,0.894,6.0966,0.766,0.7681,-0.2734,4541000,3480815,0.7665,0.766,63838900,0.765,57500900,0.764,27275800,0.763,15195000,0.762,14359500,0.767,12944600,0.768,72797600,0.769,52358000,0.770,42125500,0.771,34416100,8,99999,0
sh513130,09:36:42,1768268206774,5927.58,0.894,7.0887,0.766,0.7681,-0.2734,6235900,4779708,0.7665,0.766,64564900,0.765,69602600,0.764,58673100,0.763,15260400,0.762,14359500,0.767,12960900,0.768,74435100,0.769,54571700,0.770,42165000,0.771,33819900,95,99999,0
sh513130,09:36:45,1768268207773,5927.58,0.894,6.9995,0.767,0.7681,-0.1432,5033900,3856427,0.7661,0.766,61631100,0.765,69563600,0.764,58677100,0.763,15260900,0.762,14351600,0.767,14030800,0.768,79233500,0.769,61463900,0.770,47147900,0.771,34052600,765,99999,0
sh513130,09:36:48,1768268210770,5926.15,0.894,3.4369,0.766,0.7681,-0.2734,4031100,3089144,0.7663,0.766,20324700,0.765,69803400,0.764,57769100,0.763,17695200,0.762,14358400,0.767,15618900,0.768,86638500,0.769,55646700,0.770,47216100,0.771,33974600,95,99999,0
sh513130,09:36:51,1768268214754,5926.35,0.894,2.5747,0.766,0.7674,-0.1824,5603200,4292311,0.766,0.766,8888600,0.765,69839700,0.764,58803500,0.763,17903700,0.762,14385800,0.767,42080400,0.768,80254000,0.769,41305900,0.770,41541900,0.771,33948000,60,99999,0
sh513130,09:36:54,1768268216758,5926.17,0.894,2.9597,0.767,0.7674,-0.0521,8953400,6858699,0.766,0.766,1200500,0.765,70000200,0.764,59845600,0.763,18081900,0.762,14407800,0.767,28766600,0.768,63511800,0.769,54131900,0.770,41582400,0.771,33949500,48,99999,0
sh513130,09:36:57,1768268218761,5924.82,0.894,3.6953,0.766,0.7674,-0.1824,6156100,4718048,0.7664,0.766,4652300,0.765,74332800,0.764,63867700,0.763,18086300,0.762,15424800,0.767,57197900,0.768,92058000,0.769,56130900,0.770,40756900,0.771,33918100,73,99999,0
sh513130,09:36:54,1768268219757,5924.82,0.894,3.6281,0.767,0.7674,-0.0521,0,0,0.767,0.766,1200500,0.765,70000200,0.764,59845600,0.763,18081900,0.762,14407800,0.767,28766600,0.768,63511800,0.769,54131900,0.770,41582400,0.771,33949500,1068,99999,2
sh513130,09:36:57,1768268220765,5925.58,0.894,1.6866,0.766,0.7674,-0.1824,0,0,0.766,0.766,4652300,0.765,74332800,0.764,63867700,0.763,18086300,0.762,15424800,0.767,57197900,0.768,92058000,0.769,56130900,0.770,40756900,0.771,33918100,45,99999,0
sh513130,09:37:01,1768268222744,5924.9,0.894,2.6855,0.766,0.7674,-0.1824,7702400,5900461,0.7661,0.766,1304000,0.765,76034600,0.764,63877100,0.763,18619500,0.762,16325200,0.767,43762000,0.768,88819300,0.769,56117500,0.770,54246100,0.771,34125000,62,99999,0
sh513130,09:37:03,1768268226749,5924.39,0.894,2.9983,0.766,0.7674,-0.1824,6679400,5116459,0.766,0.765,73270500,0.764,59900600,0.763,18619500,0.762,16325400,0.761,13573300,0.766,1469400,0.767,54190500,0.768,69446000,0.769,41081700,0.770,39004200,7,99999,0
sh513130,09:37:06,1768268228729,5923.77,0.894,2.7477,0.766,0.7674,-0.1824,11186900,8569513,0.766,0.765,74929600,0.764,59966400,0.763,18656000,0.762,16325400,0.761,13573300,0.766,142300,0.767,70253800,0.768,48195500,0.769,30333200,0.770,37738100,19,99999,0
sh513130,09:37:09,1768268232719,5923.35,0.894,6.0803,0.766,0.7674,-0.1824,3843800,2945006,0.7662,0.765,80802300,0.764,64966900,0.763,24155500,0.762,16350500,0.761,13573400,0.766,2514400,0.767,80017000,0.768,51465900,0.769,30268500,0.770,37581700,80,99999,0
sh513130,09:37:12,1768268235724,5924.17,0.894,4.189,0.766,0.7674,-0.1824,6131100,4693384,0.7655,0.765,79411400,0.764,64313800,0.763,25650800,0.762,16869100,0.761,13591500,0.766,4230500,0.767,80065700,0.768,56719900,0.769,30189000,0.770,37547200,300,99999,0
sh513130,09:37:15,1768268237726,5923.04,0.894,6.1636,0.765,0.7668,-0.2347,3669800,2809094,0.7655,0.765,78423200,0.764,64563800,0.763,25650800,0.762,16370500,0.761,14119400,0.766,5315700,0.767,77815500,0.768,57873200,0.769,29937700,0.770,37937500,138,99999,0
sh513130,09:37:18,1768268240724,5924.88,0.894,6.47,0.765,0.7668,-0.2347,5856300,4484217,0.7657,0.765,77901000,0.764,64568700,0.763,25917900,0.762,17032500,0.761,14169400,0.766,5501400,0.767,75662500,0.768,58914300,0.769,28888100,0.770,37832000,91,99999,0
sh513130,09:37:21,1768268243711,5924.14,0.894,5.4902,0.766,0.7668,-0.1043,7202500,5514553,0.7656,0.765,53036600,0.764,64668200,0.763,37939100,0.762,17064000,0.761,14163000,0.766,6888300,0.767,76343300,0.768,58897400,0.769,28799000,0.770,37726700,999,99999,0
sh513130,09:37:24,1768268247711,5922.16,0.894,3.6665,0.766,0.7668,-0.1043,2933600,2246426,0.7658,0.765,68103200,0.764,76037600,0.763,55947300,0.762,17064300,0.761,14231700,0.766,12781300,0.767,75609200,0.768,57969700,0.769,23637900,0.770,37609300,812,99999,0
sh513130,09:37:27,1768268250727,5920.68,0.894,3.1551,0.765,0.7675,-0.3257,4541000,3476270,0.7655,0.765,33909100,0.764,76037900,0.763,56937300,0.762,17064300,0.761,14232700,0.766,29296800,0.767,72266400,0.768,41853200,0.769,23636900,0.770,37528900,17,99999,0
sh513130,09:37:30,1768268254723,5920.95,0.894,5.0267,0.765,0.7668,-0.2347,5136400,3932275,0.7656,0.765,31703800,0.764,76196900,0.763,57931000,0.762,17103500,0.761,14920900,0.766,47327000,0.767,94164400,0.768,56833300,0.769,23465900,0.770,30313400,1891,99999,0
sh513130,09:37:33,1768268256728,5918.93,0.894,2.8906,0.766,0.7668,-0.1043,1536800,1175753,0.7651,0.765,13228600,0.764,76318700,0.763,58921000,0.762,17103500,0.761,15070900,0.766,60606300,0.767,89863100,0.768,48459700,0.769,23465800,0.770,30300200,91,99999,0
sh513130,09:37:36,1768268259724,5916.77,0.894,2.0176,0.765,0.7668,-0.2347,16106200,12324468,0.7652,0.764,35167500,0.763,70930800,0.762,47110200,0.761,15092600,0.760,19431300,0.765,250000,0.766,67360900,0.767,91129500,0.768,48044700,0.769,20010500,381,99999,0
sh513130,09:37:40,1768268262727,5917.43,0.894,4.9155,0.765,0.7668,-0.2347,4618300,3530779,0.7645,0.764,65283800,0.763,70865500,0.762,52667800,0.761,15913300,0.760,19425300,0.765,3886300,0.766,86299600,0.767,76262700,0.768,47034300,0.769,11946100,72,99999,0
sh513130,09:37:42,1768268265742,5916.93,0.894,5.7271,0.764,0.7662,-0.2871,7569200,5790283,0.765,0.764,65798300,0.763,70867500,0.762,52667800,0.761,15914300,0.760,19466000,0.765,1200100,0.766,78126700,0.767,75825700,0.768,47017800,0.769,19801600,1051,99999,0
sh513130,09:37:45,1768268267753,5917.82,0.894,4.0125,0.764,0.7662,-0.2871,4047500,3095082,0.7647,0.764,64931900,0.763,70877200,0.762,52674700,0.761,15914300,0.760,19533000,0.765,329300,0.766,78157000,0.767,75549700,0.768,47033900,0.769,21742700,1037,99999,0
sh513130,09:37:48,1768268270757,5917.47,0.894,4.2555,0.764,0.7662,-0.2871,5536900,4233443,0.7646,0.764,63537600,0.763,71210800,0.762,52725100,0.761,15957400,0.760,19519300,0.766,76169400,0.767,75028000,0.768,47039400,0.769,21758800,0.770,28901500,61,99999,0
sh513130,09:37:51,1768268273751,5917.05,0.894,5.1541,0.765,0.7655,-0.0653,8864200,6778788,0.7647,0.764,62562500,0.763,71261600,0.762,52730600,0.761,15955400,0.760,19706200,0.765,947600,0.766,73153400,0.767,74218800,0.768,47879600,0.769,15333800,1063,99999,0
sh513130,09:37:55,1768268276753,5916.13,0.894,5.3122,0.764,0.7655,-0.196,4184800,3202486,0.7653,0.764,58618300,0.763,66585800,0.762,47730600,0.761,15980500,0.760,19716200,0.765,1894800,0.766,71849900,0.767,69150000,0.768,41933700,0.769,22589800,55,99999,0
sh513130,09:37:57,1768268279766,5918.07,0.894,4.2233,0.764,0.7662,-0.2871,6466800,4945889,0.7648,0.764,59126400,0.763,66617400,0.762,47735600,0.761,16021500,0.760,20384800,0.765,5000,0.766,71588400,0.767,68989700,0.768,40886700,0.769,22290000,762,99999,0
sh513130,09:38:00,1768268283718,5918.63,0.894,2.7759,0.765,0.7662,-0.1566,3915100,2993695,0.7647,0.765,34559100,0.764,61162600,0.763,54731600,0.762,31609300,0.761,18013500,0.766,62797300,0.767,68852900,0.768,49382700,0.769,22213000,0.770,29885000,362,99999,0
sh513130,09:38:03,1768268285721,5918.85,0.894,2.3221,0.765,0.7662,-0.1566,7634300,5843318,0.7654,0.765,6620000,0.764,58069000,0.763,55219600,0.762,31629000,0.761,18023500,0.766,60237100,0.767,68811800,0.768,51341700,0.769,22181600,0.770,29865500,194,99999,0
sh513130,09:38:06,1768268289791,5917.54,0.894,1.8816,0.765,0.7662,-0.1566,4643600,3552612,0.7651,0.765,4220900,0.764,58109300,0.763,55357100,0.762,31629000,0.761,17868300,0.766,70710800,0.767,68933400,0.768,44157100,0.769,22161600,0.770,29846500,1073,99999,0
sh513130,09:38:09,1768268291722,5917.66,0.894,5.0883,0.765,0.7662,-0.1566,8219900,6289115,0.7651,0.765,991700,0.764,59440000,0.763,55361100,0.762,31979000,0.761,17868300,0.766,77610800,0.767,70066700,0.768,44189400,0.769,21954700,0.770,29752600,1043,99999,0
sh513130,09:38:12,1768268294740,5917.22,0.894,2.0837,0.766,0.7668,-0.1043,6467400,4951332,0.7656,0.765,40537500,0.764,61211400,0.763,55327200,0.762,31974000,0.761,17861500,0.766,66973600,0.767,70050900,0.768,51268400,0.769,21951700,0.770,29865600,80,99999,0
sh513130,09:38:09,1768268295732,5917.22,0.894,2.0837,0.765,0.7662,-0.1566,0,0,0.765,0.765,991700,0.764,59440000,0.763,55361100,0.762,31979000,0.761,17868300,0.766,77610800,0.767,70066700,0.768,44189400,0.769,21954700,0.770,29752600,1072,99999,2
sh513130,09:38:12,1768268296732,5917.26,0.894,2.1467,0.766,0.7668,-0.1043,0,0,0.766,0.765,40537500,0.764,61211400,0.763,55327200,0.762,31974000,0.761,17861500,0.766,66973600,0.767,70050900,0.768,51268400,0.769,21951700,0.770,29865600,60,99999,0
sh513130,09:38:15,1768268297740,5917.26,0.894,2.4963,0.765,0.7662,-0.1566,11494300,8796865,0.7653,0.765,32445100,0.764,68448500,0.763,61197200,0.762,32774000,0.761,17872000,0.766,65179300,0.767,73979200,0.768,56089400,0.769,21951700,0.770,29783300,1066,99999,0
sh513130,09:38:18,1768268300743,5918.92,0.894,1.9548,0.765,0.7662,-0.1566,6007800,4599196,0.7655,0.765,55825700,0.764,69453200,0.763,61249200,0.762,32814000,0.761,17895500,0.766,49128400,0.767,75083800,0.768,57089300,0.769,36728300,0.770,29786300,4,99999,0
sh513130,09:38:15,1768268301751,5918.92,0.894,4.8128,0.765,0.7662,-0.1566,0,0,0.765,0.765,32445100,0.764,68448500,0.763,61197200,0.762,32774000,0.761,17872000,0.766,65179300,0.767,73979200,0.768,56089400,0.769,21951700,0.770,29783300,964,99999,2
sh513130,09:38:18,1768268302743,5921.53,0.894,4.2213,0.765,0.7662,-0.1566,0,0,0.765,0.765,55825700,0.764,69453200,0.763,61249200,0.762,32814000,0.761,17895500,0.766,49128400,0.767,75083800,0.768,57089300,0.769,36728300,0.770,29786300,4,99999,0
sh513130,09:38:21,1768268304754,5920.9,0.894,4.212,0.766,0.7662,-0.0261,6297800,4821191,0.7655,0.765,59699600,0.764,69484700,0.763,60300600,0.762,32837900,0.761,17946500,0.766,52023500,0.767,68088100,0.768,69852700,0.769,36767300,0.770,37048700,63,99999,0
sh513130,09:38:24,1768268307754,5922.62,0.894,2.1427,0.766,0.7662,-0.0261,5285300,4047687,0.7658,0.765,66562100,0.764,69844900,0.763,58475600,0.762,32859900,0.761,17946500,0.766,24452700,0.767,68565500,0.768,69886400,0.769,36842100,0.770,36765500,447,99999,0
sh513130,09:38:27,1768268309750,5921.36,0.894,4.032,0.766,0.7669,-0.1174,9233200,7071775,0.7659,0.765,66187100,0.764,70387100,0.763,58456700,0.762,32854900,0.761,17897200,0.766,42404300,0.767,76329900,0.768,69909700,0.769,37752500,0.770,31594800,270,99999,0
sh513130,09:38:30,1768268312749,5922.96,0.894,4.919,0.766,0.7669,-0.1174,9523000,7294244,0.766,0.765,68235900,0.764,70823100,0.763,59416400,0.762,32877900,0.761,17937200,0.766,12373900,0.767,74866100,0.768,71005100,0.769,42752500,0.770,31768200,37,99999,0
sh513130,09:38:33,1768268315754,5922.79,0.894,6.0922,0.766,0.7669,-0.1174,10314800,7900260,0.7659,0.765,74663600,0.764,71434400,0.763,58226400,0.762,32986800,0.761,17947200,0.766,28585200,0.767,74987300,0.768,72115500,0.769,43058300,0.770,31170200,993,99999,0
sh513130,09:38:36,1768268318760,5922.42,0.894,6.0855,0.766,0.7669,-0.1174,3937200,3015563,0.7659,0.765,74085900,0.764,71638400,0.763,58438400,0.762,32986800,0.761,17957500,0.766,12166700,0.767,75308500,0.768,68914100,0.769,44008900,0.770,31233600,68,99999,0
sh513130,09:38:39,1768268321759,5922.21,0.894,5.9566,0.766,0.7669,-0.1174,4834800,3702950,0.7659,0.765,87153000,0.764,71604000,0.763,56956100,0.762,33046800,0.761,17957500,0.766,4229600,0.767,80818100,0.768,78911600,0.769,44038900,0.770,31358600,999,99999,0
sh513130,09:38:42,1768268325762,5922.68,0.894,2.7854,0.766,0.7669,-0.1174,4526100,3466428,0.7659,0.765,89691900,0.764,71696700,0.763,55970100,0.762,33061800,0.761,17977500,0.766,3375000,0.767,81893600,0.768,79719100,0.769,44038900,0.770,31367600,960,99999,0
sh513130,09:38:45,1768268328768,5922.91,0.894,6.5627,0.766,0.7676,-0.2084,6878500,5270835,0.7663,0.766,7212400,0.765,89629400,0.764,71261900,0.763,56030600,0.762,33076900,0.767,80247100,0.768,77307400,0.769,44040400,0.770,31337700,0.771,28143800,14,99999,0
sh513130,09:38:48,1768268331767,5923.46,0.894,6.6565,0.766,0.7676,-0.2084,554900,425121,0.7661,0.766,15510900,0.765,90419600,0.764,71285800,0.763,56054600,0.762,33089800,0.767,49067400,0.768,77592100,0.769,53735300,0.770,53538100,0.771,27482200,415,99999,0
sh513130,09:38:51,1768268335785,5923.75,0.894,4.6274,0.767,0.7669,0.013,1378600,1056361,0.7663,0.766,67540300,0.765,90658300,0.764,52892300,0.763,33052700,0.762,33126000,0.767,47656100,0.768,77072100,0.769,56449700,0.770,54411600,0.771,27482200,69,99999,0
sh513130,09:38:54,1768268337786,5924.63,0.894,3.5694,0.767,0.7669,0.013,4136500,3170902,0.7666,0.766,71103400,0.765,91091600,0.764,52290400,0.763,33392600,0.762,33126000,0.767,54504100,0.768,76218400,0.769,63163500,0.770,54407100,0.771,27502200,1101,99999,0
sh513130,09:38:57,1768268341776,5924.14,0.894,3.8733,0.767,0.7676,-0.0782,2103400,1613222,0.767,0.766,70974600,0.765,90340500,0.764,52984900,0.763,33363200,0.762,33161000,0.767,53170300,0.768,75743400,0.769,63987900,0.770,53955300,0.771,27490100,1077,99999,0
sh513130,09:39:00,1768268342777,5926.78,0.894,3.0692,0.767,0.7676,-0.0782,11812100,9058518,0.7669,0.766,75945700,0.765,91295200,0.764,52539500,0.763,33363200,0.762,33156000,0.767,18126800,0.768,75738300,0.769,65612300,0.770,53998000,0.771,27479200,85,99999,0
sh513130,09:39:03,1768268346769,5929.23,0.894,7.7767,0.767,0.7676,-0.0782,8939200,6856262,0.767,0.767,6702800,0.766,83883900,0.765,93232900,0.764,50667900,0.763,33355900,0.768,82350000,0.769,73567800,0.770,54625000,0.771,27492200,0.772,23009700,58,99999,0
sh513130,09:39:06,1768268349780,5930.37,0.894,5.633,0.767,0.7676,-0.0782,5723500,4391223,0.7672,0.767,13351100,0.766,88378900,0.765,91527400,0.764,48997900,0.763,33345900,0.768,78248100,0.769,73313300,0.770,61791900,0.771,27442500,0.772,23010300,988,99999,0
sh513130,09:39:09,1768268351776,5931.62,0.894,5.3483,0.767,0.7676,-0.0782,1930700,1481993,0.7676,0.767,15325100,0.766,87412500,0.765,92459900,0.764,49036000,0.763,33450900,0.768,77165700,0.769,72519400,0.770,61796900,0.771,27462600,0.772,23045100,798,99999,0
sh513130,09:39:12,1768268354761,5932.91,0.894,5.1936,0.767,0.7676,-0.0782,2750600,2111643,0.7677,0.767,20168000,0.766,89299700,0.765,91106500,0.764,49048100,0.763,33431700,0.768,66360100,0.769,72519400,0.770,70920400,0.771,27508100,0.772,23066500,1,99999,0
sh513130,09:39:15,1768268357771,5933.41,0.894,2.6725,0.767,0.7683,-0.1692,3241100,2488769,0.7679,0.767,28711700,0.766,90070700,0.765,90264400,0.764,41285400,0.763,33562700,0.768,67560300,0.769,72919400,0.770,71621600,0.771,28308100,0.772,23127600,256,99999,0
sh513130,09:39:18,1768268361770,5934.21,0.894,5.2043,0.768,0.7683,-0.039,5578800,4283672,0.7678,0.767,30059100,0.766,90245700,0.765,84392300,0.764,41515100,0.763,33565600,0.768,48199300,0.769,73024300,0.770,72546100,0.771,43209300,0.772,23157500,1039,99999,0
sh513130,09:39:21,1768268363766,5934.74,0.894,5.2624,0.768,0.7683,-0.039,4583900,3517804,0.7674,0.767,79089800,0.766,90387600,0.765,71163400,0.764,35779900,0.763,33568600,0.768,62698200,0.769,73025800,0.770,73621100,0.771,28311500,0.772,23157500,1047,99999,0
sh513130,09:39:24,1768268366771,5936.3,0.894,3.1773,0.768,0.7683,-0.039,3324200,2552632,0.7679,0.767,81173800,0.766,88434000,0.765,69870400,0.764,35674800,0.763,33568600,0.768,39122500,0.769,73086400,0.770,74811700,0.771,43298800,0.772,23157700,30,99999,0
sh513130,09:39:27,1768268370773,5936.85,0.894,6.0625,0.768,0.7689,-0.1171,4919100,3777723,0.768,0.767,82649800,0.766,86178000,0.765,70058800,0.764,35716400,0.763,33638600,0.768,39644300,0.769,73076400,0.770,83012900,0.771,43039200,0.772,23157700,33,99999,0
sh513130,09:39:30,1768268372776,5936.99,0.894,3.9546,0.768,0.7689,-0.1171,9632600,7397753,0.768,0.767,83662500,0.766,85978100,0.765,69461000,0.764,35646800,0.763,33328700,0.768,12203200,0.769,68102600,0.770,95724600,0.771,48044300,0.772,23341900,16,99999,0
sh513130,09:39:27,1768268373775,5936.99,0.894,3.5397,0.768,0.7689,-0.1171,0,0,0.768,0.767,82649800,0.766,86178000,0.765,70058800,0.764,35716400,0.763,33638600,0.768,39644300,0.769,73076400,0.770,83012900,0.771,43039200,0.772,23157700,1013,99999,2
sh513130,09:39:30,1768268374774,5938.65,0.894,5.2773,0.768,0.7689,-0.1171,0,0,0.768,0.767,83662500,0.766,85978100,0.765,69461000,0.764,35646800,0.763,33328700,0.768,12203200,0.769,68102600,0.770,95724600,0.771,48044300,0.772,23341900,13,99999,0
sh513130,09:39:33,1768268376774,5940.16,0.894,4.8764,0.768,0.7689,-0.1171,13344100,10248218,0.768,0.768,227300,0.767,84587800,0.766,86024100,0.765,69506100,0.764,35559700,0.769,68081700,0.770,96520500,0.771,48050800,0.772,23261600,0.773,25035700,15,99999,0
sh513130,09:39:36,1768268378778,5940.07,0.894,4.9929,0.768,0.7689,-0.1171,2134600,1640101,0.7683,0.768,17277200,0.767,86682000,0.766,81003100,0.765,68751000,0.764,35577800,0.769,58746600,0.770,90842300,0.771,55270900,0.772,23241000,0.773,25048000,75,99999,0
sh513130,09:39:39,1768268381783,5940.61,0.894,4.1636,0.768,0.7689,-0.1171,888600,683231,0.7689,0.768,30988200,0.767,87406100,0.766,81330500,0.765,63695800,0.764,35618000,0.769,50308700,0.770,90886600,0.771,64280900,0.772,24033800,0.773,25050000,340,99999,0
sh513130,09:39:42,1768268385796,5939.9,0.894,5.631,0.769,0.7689,0.013,3813400,2931560,0.7688,0.768,72917400,0.767,87562800,0.766,69229400,0.765,43214300,0.764,35533200,0.769,48054300,0.770,90751900,0.771,64280900,0.772,24043800,0.773,25046000,1066,99999,0
sh513130,09:39:45,1768268388797,5940.27,0.894,1.3548,0.769,0.7689,0.013,5647300,4340132,0.7685,0.768,68989700,0.767,87707400,0.766,69252500,0.765,43684800,0.764,35375000,0.769,51474300,0.770,90706300,0.771,57088200,0.772,24744900,0.773,25046000,111,99999,0
sh513130,09:39:48,1768268390787,5940.4,0.894,2.4145,0.769,0.7689,0.013,3809900,2929279,0.7689,0.768,67223600,0.767,87489400,0.766,68911600,0.765,43500900,0.764,35437700,0.769,47495200,0.770,90758400,0.771,57881800,0.772,24604700,0.773,25663500,92,99999,0
sh513130,09:39:51,1768268393775,5940.53,0.894,1.9914,0.769,0.7689,0.013,6226800,4786031,0.7686,0.768,51837800,0.767,86101800,0.766,64219200,0.765,44039800,0.764,34437700,0.769,43850900,0.770,90736900,0.771,58559100,0.772,24130400,0.773,25662300,1053,99999,0
sh513130,09:39:54,1768268396777,5937.31,0.894,4.9741,0.769,0.7696,-0.078,2779400,2136720,0.7688,0.768,33278600,0.767,86105400,0.766,64556600,0.765,49098100,0.764,34530600,0.769,43462100,0.770,90011800,0.771,58381400,0.772,24066600,0.773,25817900,24,99999,0
sh513130,09:39:57,1768268400777,5937.18,0.894,6.3528,0.769,0.7689,0.013,20678800,15886714,0.7683,0.768,19141700,0.767,86332800,0.766,65435500,0.765,48720800,0.764,34605800,0.769,47175600,0.770,90394800,0.771,57431400,0.772,24544300,0.773,25817900,141,99999,0
sh513130,09:40:00,1768268403778,5938.91,0.894,6.2338,0.768,0.7689,-0.1171,3329800,2559619,0.7687,0.768,50466000,0.767,86065100,0.766,65713600,0.765,48851800,0.764,34589600,0.769,51243100,0.770,89951500,0.771,57423100,0.772,23852100,0.773,25917900,501,99999,0
sh513130,09:40:03,1768268406780,5939.87,0.894,4.9699,0.769,0.7689,0.013,8498200,6531666,0.7686,0.768,44894200,0.767,86044500,0.766,66473400,0.765,48138800,0.764,34753000,0.769,52930500,0.770,82633100,0.771,58411300,0.772,23851300,0.773,25981900,32,99999,0
sh513130,09:40:06,1768268408776,5938.96,0.894,4.0559,0.769,0.7689,0.013,3122700,2400569,0.7687,0.768,50402900,0.767,87760100,0.766,66985000,0.765,42727500,0.764,34885000,0.769,58350400,0.770,82595600,0.771,59473000,0.772,23714800,0.773,25999900,67,99999,0
sh513130,09:40:09,1768268411781,5940.3,0.894,5.8396,0.769,0.7689,0.013,4789700,3683253,0.769,0.768,51465200,0.767,87548100,0.766,71076800,0.765,45207800,0.764,34905000,0.769,15798300,0.770,82483200,0.771,87451300,0.772,38558800,0.773,25999900,1076,99999,0
sh513130,09:40:12,1768268414786,5941.86,0.894,4.5181,0.769,0.7696,-0.078,3761400,2892420,0.769,0.768,58161900,0.767,87686800,0.766,65259900,0.765,46028000,0.764,34805600,0.769,9628800,0.770,82621800,0.771,88951000,0.772,38572800,0.773,26039900,594,99999,0
sh513130,09:40:15,1768268418771,5943.42,0.894,3.6879,0.769,0.7702,-0.1558,6245800,4802946,0.769,0.768,59208000,0.767,87759800,0.766,65245900,0.765,46166100,0.764,34705600,0.769,5926900,0.770,82602600,0.771,89761800,0.772,38586100,0.773,26039900,143,99999,0
sh513130,09:40:18,1768268421768,5943.85,0.894,1.9704,0.769,0.7702,-0.1558,4344300,3340360,0.7689,0.768,63362300,0.767,85240300,0.766,65306000,0.765,46754300,0.764,38638600,0.769,5216900,0.770,82732100,0.771,92573200,0.772,45190000,0.773,26036300,1057,99999,0
sh513130,09:40:21,1768268424750,5944.38,0.894,2.9246,0.768,0.7702,-0.2856,4153600,3193742,0.7689,0.768,65599000,0.767,85077100,0.766,65255300,0.765,45781400,0.764,38660500,0.769,2823600,0.770,82893900,0.771,92519800,0.772,50205400,0.773,26336300,15,99999,0
sh513130,09:40:24,1768268427763,5944.97,0.894,3.2712,0.77,0.7696,0.052,4357200,3350957,0.7691,0.769,697800,0.768,66606700,0.767,85129800,0.766,65248000,0.765,45748200,0.770,82964300,0.771,92489800,0.772,51305800,0.773,26326300,0.774,25724700,487,99999,0
sh513130,09:40:27,1768268429770,5945.63,0.894,4.5471,0.769,0.7702,-0.1558,1782100,1370581,0.7691,0.769,37416800,0.768,67496900,0.767,71584200,0.766,45376200,0.765,45798200,0.770,79582200,0.771,93047800,0.772,54610100,0.773,26606100,0.774,25557000,319,99999,0
sh513130,09:40:30,1768268433794,5947.38,0.894,4.9571,0.769,0.7702,-0.1558,1338100,1029910,0.7697,0.769,54539700,0.768,68577600,0.767,70591500,0.766,38328300,0.765,45741800,0.770,76769000,0.771,84618400,0.772,54610100,0.773,26616100,0.774,25558200,1069,99999,0
sh513130,09:40:27,1768268434785,5948.66,0.894,5.1318,0.769,0.7702,-0.1558,0,0,0.769,0.769,37416800,0.768,67496900,0.767,71584200,0.766,45376200,0.765,45798200,0.770,79582200,0.771,93047800,0.772,54610100,0.773,26606100,0.774,25557000,61,99999,2
sh513130,09:40:30,1768268436773,5948.66,0.894,4.3332,0.769,0.7702,-0.1558,0,0,0.769,0.769,54539700,0.768,68577600,0.767,70591500,0.766,38328300,0.765,45741800,0.770,76769000,0.771,84618400,0.772,54610100,0.773,26616100,0.774,25558200,791,99999,0
sh513130,09:40:33,1768268437789,5949.35,0.894,4.4892,0.769,0.7702,-0.1558,2041900,1571749,0.7697,0.769,57299700,0.768,69738600,0.767,70384600,0.766,39201400,0.765,45599600,0.770,75849100,0.771,84670200,0.772,56092900,0.773,26589100,0.774,25560600,584,99999,0
sh513130,09:40:36,1768268439778,5949.82,0.894,3.6621,0.77,0.7702,-0.026,2789800,2147461,0.7698,0.769,58799800,0.768,69967000,0.767,68274200,0.766,37053000,0.765,45628200,0.770,45531900,0.771,85068800,0.772,72251800,0.773,42390100,0.774,25550700,1036,99999,0
sh513130,09:40:39,1768268441780,5951.01,0.894,2.7478,0.769,0.7702,-0.1558,950900,731882,0.7697,0.769,60141500,0.768,70058100,0.767,60601600,0.766,36393300,0.765,45438100,0.770,35049700,0.771,85404900,0.772,78018100,0.773,42386100,0.774,25472500,1004,99999,0
sh513130,09:40:42,1768268444778,5951.4,0.894,2.7498,0.77,0.7702,-0.026,2317400,1783960,0.7698,0.769,62166600,0.768,69586000,0.767,60481400,0.766,36360700,0.765,49424100,0.770,26104100,0.771,87289900,0.772,78780000,0.773,49670400,0.774,25475700,11,99999,0
sh513130,09:40:46,1768268449776,5953.36,0.894,4.0755,0.769,0.7702,-0.1558,4407900,3393019,0.7698,0.769,65832200,0.768,69091200,0.767,60500800,0.766,36565700,0.765,48886700,0.770,25902700,0.771,89345500,0.772,79588800,0.773,55588700,0.774,25741700,715,99999,0
sh513130,09:40:48,1768268451761,5953.29,0.894,3.8134,0.77,0.7702,-0.026,41481100,31940343,0.77,0.769,67161000,0.768,66944100,0.767,59204800,0.766,36462200,0.765,49003300,0.770,11838000,0.771,90036400,0.772,80700000,0.773,55993900,0.774,25901000,526,99999,0
sh513130,09:40:51,1768268453770,5955.98,0.894,2.5576,0.771,0.7702,0.1039,6978100,5372873,0.77,0.770,42548700,0.769,70190300,0.768,55976300,0.767,41107200,0.766,36501400,0.771,94521100,0.772,82600400,0.773,56015100,0.774,25939800,0.775,48158400,341,99999,0
sh513130,09:40:54,1768268457755,5955.07,0.894,3.8728,0.77,0.7708,-0.1038,1741800,1341223,0.77,0.770,28294900,0.769,70426800,0.768,56733300,0.767,35957900,0.766,36258200,0.771,94591500,0.772,83436000,0.773,55859900,0.774,25959800,0.775,48138500,1009,99999,0
sh513130,09:40:55,1768268458756,5956.69,0.894,2.9976,0.77,0.7708,-0.1038,0,0,0.77,0.770,28294900,0.769,70426800,0.768,56733300,0.767,35957900,0.766,36258200,0.771,94591500,0.772,83436000,0.773,55859900,0.774,25959800,0.775,48138500,49,99999,0
sh513130,09:40:57,1768268459746,5956.69,0.894,3.1228,0.771,0.7708,0.0259,3042800,2344882,0.7706,0.770,52363600,0.769,71329100,0.768,56660100,0.767,35851700,0.766,36158500,0.771,90592900,0.772,77063100,0.773,55937800,0.774,25980800,0.775,48158600,946,99999,0
sh513130,09:41:00,1768268463753,5954.33,0.894,1.7871,0.77,0.7715,-0.1944,10329800,7954605,0.7701,0.770,10681700,0.769,71875500,0.768,55529400,0.767,35559200,0.766,36158500,0.771,91064100,0.772,77996300,0.773,56833400,0.774,26164200,0.775,48176200,1054,99999,0
sh513130,09:41:03,1768268466751,5954.64,0.894,1.2962,0.77,0.7715,-0.1944,9440800,7270666,0.7701,0.770,32833600,0.769,72695900,0.768,56095800,0.767,35659200,0.766,36145000,0.771,91822000,0.772,78615500,0.773,55766400,0.774,29179700,0.775,50171200,17,99999,0
sh513130,09:41:06,1768268469739,5955.83,0.894,1.4513,0.77,0.7708,-0.1038,4669300,3596050,0.7701,0.770,46191400,0.769,72728100,0.768,56112500,0.767,35561200,0.766,35831200,0.771,77404400,0.772,77055200,0.773,63683800,0.774,34458400,0.775,49189100,1012,99999,0
sh513130,09:41:09,1768268472736,5953.7,0.894,2.1245,0.77,0.7708,-0.1038,1965900,1514864,0.7706,0.770,30259000,0.769,73012300,0.768,55706600,0.767,35355600,0.766,35802200,0.771,89109600,0.772,77502400,0.773,56761100,0.774,29241200,0.775,49107000,49,99999,0
sh513130,09:41:12,1768268475741,5952.74,0.894,6.9478,0.771,0.7715,-0.0648,2083500,1605126,0.7704,0.770,12097900,0.769,74608900,0.768,55622900,0.767,35520000,0.766,36188000,0.771,92386600,0.772,78709100,0.773,55763200,0.774,29214200,0.775,48281300,390,99999,0
sh513130,09:41:15,1768268478852,5951.07,0.894,4.812,0.77,0.7708,-0.1038,10452500,8048468,0.77,0.769,74542700,0.768,56609900,0.767,40364200,0.766,36142500,0.765,49030400,0.770,79740100,0.771,71201200,0.772,58299600,0.773,34047200,0.774,29212200,135,99999,0
sh513130,09:41:18,1768268480748,5949.9,0.894,4.9076,0.77,0.7708,-0.1038,3747500,2885515,0.77,0.769,61310800,0.768,56569000,0.767,43373400,0.766,36184100,0.765,48633900,0.770,85018700,0.771,75175800,0.772,57382800,0.773,34047500,0.774,29219200,99,99999,0
sh513130,09:41:21,1768268483748,5949.34,0.894,4.7371,0.77,0.7708,-0.1038,3786700,2913473,0.7694,0.769,58049000,0.768,56449000,0.767,43351400,0.766,36033200,0.765,48090900,0.770,92632100,0.771,75713700,0.772,57115200,0.773,29177500,0.774,29405800,1011,99999,0
sh513130,09:41:25,1768268486741,5949.39,0.894,3.7051,0.77,0.7708,-0.1038,2859000,2201106,0.7699,0.769,57619200,0.768,57283500,0.767,43421400,0.766,36240800,0.765,48150900,0.770,90359700,0.771,76615800,0.772,58150800,0.773,29192500,0.774,29379400,16,99999,0
sh513130,09:41:27,1768268489745,5948.95,0.894,3.2043,0.77,0.7702,-0.026,2031400,1563557,0.7697,0.769,57282700,0.768,58906600,0.767,43390500,0.766,36257600,0.765,48185400,0.770,81462800,0.771,76380900,0.772,57168800,0.773,29262400,0.774,29586800,1021,99999,0
sh513130,09:41:30,1768268492741,5950.39,0.894,4.3208,0.77,0.7708,-0.1038,2128800,1638670,0.7698,0.769,56937700,0.768,59745700,0.767,42997000,0.766,40137800,0.765,48180600,0.770,82416200,0.771,78059100,0.772,65057300,0.773,29300000,0.774,29625800,12,99999,0
sh513130,09:41:33,1768268497763,5949.19,0.894,4.1164,0.77,0.7708,-0.1038,3322800,2557867,0.7698,0.769,56423800,0.768,60328700,0.767,42977000,0.766,40158800,0.765,48205600,0.770,79230800,0.771,77999600,0.772,66127400,0.773,29221600,0.774,29633800,631,99999,0
sh513130,09:41:36,1768268499764,5948.57,0.894,3.6048,0.769,0.7708,-0.2335,1810900,1393649,0.7696,0.769,55623800,0.768,60378700,0.767,43798500,0.766,40173200,0.765,48695800,0.770,80219700,0.771,78713900,0.772,64768100,0.773,29148900,0.774,29623800,457,99999,0
sh513130,09:41:39,1768268501766,5949.08,0.894,3.3169,0.769,0.7708,-0.2335,1679100,1292256,0.7696,0.769,55475300,0.768,60602800,0.767,43131500,0.766,40126000,0.765,48755800,0.770,48119000,0.771,79061000,0.772,78637900,0.773,44998200,0.774,29683800,279,99999,0
sh513130,09:41:42,1768268504762,5951.16,0.894,0.9601,0.769,0.7708,-0.2335,857800,659812,0.7692,0.769,56943800,0.768,60628400,0.767,41922100,0.766,40248300,0.765,48749400,0.770,38454800,0.771,77470900,0.772,78685900,0.773,52251200,0.774,29686400,95,99999,0
sh513130,09:41:39,1768268505772,5951.16,0.894,2.2671,0.769,0.7708,-0.2335,0,0,0.769,0.769,55475300,0.768,60602800,0.767,43131500,0.766,40126000,0.765,48755800,0.770,48119000,0.771,79061000,0.772,78637900,0.773,44998200,0.774,29683800,1106,99999,2
sh513130,09:41:42,1768268506754,5950.12,0.894,2.2233,0.769,0.7708,-0.2335,0,0,0.769,0.769,56943800,0.768,60628400,0.767,41922100,0.766,40248300,0.765,48749400,0.770,38454800,0.771,77470900,0.772,78685900,0.773,52251200,0.774,29686400,16,99999,0
sh513130,09:41:45,1768268507743,5950.12,0.894,2.8324,0.769,0.7708,-0.2335,1879200,1446592,0.7698,0.769,58155600,0.768,60734200,0.767,42917100,0.766,40310700,0.765,49247000,0.770,52521900,0.771,77866800,0.772,78834300,0.773,45101200,0.774,29634500,1004,99999,0
sh513130,09:41:49,1768268511742,5951.28,0.894,5.6394,0.77,0.7708,-0.1038,3860700,2971851,0.7698,0.769,69425900,0.768,61323300,0.767,41699400,0.766,40210700,0.765,49246600,0.770,77123500,0.771,78484200,0.772,68344700,0.773,29533900,0.774,29638500,1047,99999,0
sh513130,09:41:51,1768268513743,5949.13,0.894,4.9263,0.77,0.7708,-0.1038,2490000,1916271,0.7696,0.769,67517200,0.768,61408300,0.767,41662400,0.766,40216900,0.765,49378600,0.770,84860300,0.771,79428100,0.772,60278300,0.773,29714900,0.774,29645500,1054,99999,0
sh513130,09:41:55,1768268516731,5949.35,0.894,6.4882,0.769,0.7708,-0.2335,2048200,1576254,0.7696,0.769,66055200,0.768,62167600,0.767,46492800,0.766,40224300,0.765,49337800,0.770,85356700,0.771,80373300,0.772,59278900,0.773,29703700,0.774,29662500,99,99999,0
sh513130,09:41:54,1768268518834,5949.87,0.894,8.3398,0.769,0.7708,-0.2335,0,0,0.769,0.769,66055200,0.768,62167600,0.767,46492800,0.766,40224300,0.765,49337800,0.770,85356700,0.771,80373300,0.772,59278900,0.773,29703700,0.774,29662500,110,99999,0
sh513130,09:41:57,1768268521747,5949.77,0.894,5.7701,0.769,0.7708,-0.2335,956900,736408,0.7696,0.769,67343900,0.768,62823000,0.767,46426800,0.766,40250400,0.765,49409000,0.770,85077400,0.771,80633700,0.772,60205900,0.773,29739700,0.774,29662500,613,99999,0
sh513130,09:42:00,1768268524749,5944.5,0.894,5.7295,0.77,0.7702,-0.026,464400,357203,0.7692,0.769,37391900,0.768,75226100,0.767,65196000,0.766,40266200,0.765,49418400,0.770,87006200,0.771,80142100,0.772,61133900,0.773,29683300,0.774,29638100,6,99999,0
sh513130,09:42:03,1768268525744,5944.5,0.894,3.3316,0.769,0.7702,-0.1558,28868900,22200453,0.769,0.768,66738600,0.767,68274200,0.766,40267300,0.765,49246200,0.764,37233400,0.769,83283100,0.770,66053400,0.771,58606900,0.772,35841900,0.773,29742500,238,99999,0
sh513130,09:42:06,1768268527797,5942.84,0.894,2.4182,0.769,0.7702,-0.1558,2615300,2010957,0.7689,0.768,67584000,0.767,68346800,0.766,47252300,0.765,49288500,0.764,37243500,0.769,85660600,0.770,66726300,0.771,59483700,0.772,30841900,0.773,29742500,101,99999,0
sh513130,09:42:09,1768268532737,5941.37,0.894,4.9946,0.768,0.7702,-0.2856,782900,601853,0.7687,0.768,54427600,0.767,81171600,0.766,48251300,0.765,49348800,0.764,37263500,0.769,89111300,0.770,67255600,0.771,58573500,0.772,30896500,0.773,29722500,80,99999,0
sh513130,09:42:12,1768268535743,5938.68,0.894,1.3273,0.769,0.7702,-0.1558,843400,648170,0.7685,0.768,34961700,0.767,82859500,0.766,66279700,0.765,49356600,0.764,37309500,0.769,97047900,0.770,66251500,0.771,57593400,0.772,31187200,0.773,29722500,1020,99999,0
sh513130,09:42:15,1768268538747,5939.32,0.894,1.4034,0.769,0.7695,-0.065,755200,580214,0.7683,0.768,74687000,0.767,83172600,0.766,66303700,0.765,49366600,0.764,37432200,0.769,70994100,0.770,66154100,0.771,65775900,0.772,46247400,0.773,29763000,8,99999,0
sh513130,09:42:18,1768268541754,5941.62,0.894,1.0448,0.768,0.7695,-0.1949,1429900,1098323,0.7681,0.768,73748400,0.767,84039100,0.766,66801700,0.765,49364600,0.764,37839400,0.769,98563500,0.770,66861800,0.771,57779900,0.772,31329500,0.773,29788900,885,99999,0
sh513130,09:42:21,1768268543747,5941.17,0.894,1.6069,0.769,0.7695,-0.065,1556600,1196163,0.7684,0.768,74766800,0.767,85944400,0.766,67892200,0.765,49371400,0.764,37849900,0.769,92726500,0.770,67923700,0.771,58813500,0.772,30729700,0.773,29199500,785,99999,0
sh513130,09:42:25,1768268547742,5940.71,0.894,2.8496,0.769,0.7688,0.026,1348300,1036437,0.7687,0.768,74964800,0.767,86216300,0.766,67930200,0.765,50356300,0.764,37990200,0.769,97066400,0.770,69268500,0.771,58623400,0.772,30779700,0.773,29200500,418,99999,0
sh513130,09:42:27,1768268549748,5938.94,0.894,2.8496,0.769,0.7695,-0.065,2486400,1910531,0.7684,0.768,32233700,0.767,87166300,0.766,68942000,0.765,50365800,0.764,38189100,0.769,97324900,0.770,71054400,0.771,59495700,0.772,30773700,0.773,29219800,240,99999,0
sh513130,09:42:30,1768268553778,5939.14,0.894,3.4847,0.769,0.7688,0.026,3099300,2381687,0.7685,0.768,33116900,0.767,86298100,0.766,69715600,0.765,55351300,0.764,38098400,0.769,97925100,0.770,71598600,0.771,58576700,0.772,30746100,0.773,29257900,1099,99999,0
sh513130,09:42:33,1768268556801,5938.26,0.894,2.9208,0.768,0.7688,-0.1041,1094100,840892,0.7686,0.768,35819300,0.767,86341700,0.766,70533200,0.765,55410700,0.764,38098500,0.769,98127400,0.770,72733100,0.771,58579700,0.772,31667500,0.773,29259600,65,99999,0
sh513130,09:42:36,1768268559784,5938.75,0.894,3.1077,0.768,0.7695,-0.1949,744000,571887,0.7687,0.768,77740700,0.767,87269200,0.766,72762300,0.765,50706400,0.764,38099500,0.769,97157400,0.770,72261400,0.771,59682600,0.772,31772500,0.773,29783900,945,99999,0
sh513130,09:42:39,1768268562781,5939.77,0.894,0.9203,0.769,0.7695,-0.065,1261800,969173,0.7681,0.768,72151500,0.767,87886700,0.766,73588100,0.765,51846400,0.764,38120600,0.769,97478700,0.770,72804700,0.771,60443800,0.772,30822500,0.773,29784700,112,99999,0
sh513130,09:42:42,1768268564864,5940.55,0.894,2.0416,0.769,0.7695,-0.065,1626300,1249188,0.7681,0.768,42830600,0.767,87629300,0.766,74444000,0.765,51842700,0.764,38361700,0.769,97819600,0.770,73021800,0.771,61195300,0.772,30836000,0.773,29757000,68,99999,0
sh513130,09:42:39,1768268565873,5940.55,0.894,1.9086,0.769,0.7695,-0.065,0,0,0.769,0.768,72151500,0.767,87886700,0.766,73588100,0.765,51846400,0.764,38120600,0.769,97478700,0.770,72804700,0.771,60443800,0.772,30822500,0.773,29784700,1078,99999,2
sh513130,09:42:42,1768268566874,5940.05,0.894,2.1213,0.769,0.7695,-0.065,0,0,0.769,0.768,42830600,0.767,87629300,0.766,74444000,0.765,51842700,0.764,38361700,0.769,97819600,0.770,73021800,0.771,61195300,0.772,30836000,0.773,29757000,144,99999,0
sh513130,09:42:45,1768268567866,5940.05,0.894,1.7539,0.769,0.7689,0.013,550200,422755,0.7684,0.768,42507900,0.767,87830900,0.766,75310600,0.765,51914500,0.764,38416300,0.769,98193900,0.770,73039000,0.771,61867000,0.772,31127000,0.773,29754000,890,99999,0
sh513130,09:42:49,1768268570896,5940.42,0.894,6.7919,0.769,0.7689,0.013,1227800,943430,0.7684,0.768,43267500,0.767,88371900,0.766,76162000,0.765,52091500,0.764,38466300,0.769,98435000,0.770,74221000,0.771,61920300,0.772,31147600,0.773,29705500,143,99999,0
sh513130,09:42:51,1768268574887,5942.25,0.894,6.0886,0.768,0.7689,-0.1171,998700,767381,0.7684,0.768,79260200,0.767,88363400,0.766,72902700,0.765,51119200,0.764,38668000,0.769,49878700,0.770,74984200,0.771,72203500,0.772,53413800,0.773,29707400,191,99999,0
sh513130,09:42:54,1768268576894,5943.33,0.894,5.0855,0.768,0.7689,-0.1171,1328700,1020598,0.7681,0.768,81877600,0.767,88579400,0.766,71845800,0.765,51124200,0.764,38679200,0.769,71576100,0.770,75299300,0.771,74169100,0.772,46365900,0.773,29842900,152,99999,0
sh513130,09:42:57,1768268582218,5945.15,0.894,3.3912,0.768,0.7689,-0.1171,472700,363101,0.7681,0.768,81615600,0.767,88274400,0.766,71798000,0.765,51162400,0.764,38790200,0.769,77336000,0.770,76290700,0.771,74457800,0.772,46354900,0.773,29844800,1516,99999,0
sh513130,09:43:00,1768268584235,5947.66,0.894,5.1882,0.769,0.7695,-0.065,21827500,16783263,0.7689,0.769,64341500,0.768,83277400,0.767,86559400,0.766,70877300,0.765,51066400,0.770,90588900,0.771,103158300,0.772,58631900,0.773,29947100,0.774,28691400,453,99999,0
sh513130,09:43:03,1768268586239,5948.95,0.894,4.8077,0.769,0.7695,-0.065,3641100,2800056,0.769,0.769,82716500,0.768,85762900,0.767,75775300,0.766,50895000,0.765,51089000,0.770,89751100,0.771,96656100,0.772,59409200,0.773,29947100,0.774,28686400,1479,99999,0
sh513130,09:43:06,1768268589240,5946.84,0.894,6.0463,0.769,0.7695,-0.065,10346000,7956159,0.769,0.769,297900,0.768,86895700,0.767,77585800,0.766,51998500,0.765,51053000,0.770,91339300,0.771,97000500,0.772,59334700,0.773,29876700,0.774,28686400,360,99999,0
sh513130,09:43:09,1768268591237,5946.87,0.894,3.9278,0.769,0.7695,-0.065,2617000,2012899,0.7692,0.769,11016400,0.768,88946300,0.767,77551600,0.766,52033200,0.765,50682800,0.770,91566200,0.771,97023900,0.772,58574000,0.773,29858000,0.774,28696900,175,99999,0
sh513130,09:43:12,1768268595239,5947.38,0.894,4.8857,0.769,0.7701,-0.1428,1354500,1042330,0.7695,0.769,37971900,0.768,90180600,0.767,77577000,0.766,46842000,0.765,50707800,0.770,88914500,0.771,97590100,0.772,59691700,0.773,30197800,0.774,28796900,564,99999,0
sh513130,09:43:15,1768268598238,5948.0,0.894,3.8421,0.77,0.7702,-0.026,1851800,1424208,0.7691,0.769,55622100,0.768,91094200,0.767,77713000,0.766,45928000,0.765,50722800,0.770,89153800,0.771,97716900,0.772,58833700,0.773,30211200,0.774,28106700,604,99999,0
sh513130,09:43:18,1768268601226,5947.16,0.894,3.1581,0.769,0.7702,-0.1558,1983400,1525440,0.7691,0.769,21232000,0.768,92115700,0.767,76666300,0.766,47061600,0.765,50761800,0.770,88994900,0.771,97721500,0.772,59113400,0.773,30221200,0.774,28140600,461,99999,0
sh513130,09:43:21,1768268604227,5947.51,0.894,1.3383,0.77,0.7702,-0.026,4694100,3610074,0.7691,0.769,9523600,0.768,93403400,0.767,76668300,0.766,47119100,0.765,50747400,0.770,92309900,0.771,97799500,0.772,59334800,0.773,30184700,0.774,28114800,37,99999,0
sh513130,09:43:18,1768268605225,5947.88,0.894,1.3321,0.769,0.7702,-0.1558,0,0,0.769,0.769,21232000,0.768,92115700,0.767,76666300,0.766,47061600,0.765,50761800,0.770,88994900,0.771,97721500,0.772,59113400,0.773,30221200,0.774,28140600,469,99999,2
sh513130,09:43:21,1768268606234,5947.88,0.894,5.6653,0.77,0.7702,-0.026,0,0,0.77,0.769,9523600,0.768,93403400,0.767,76668300,0.766,47119100,0.765,50747400,0.770,92309900,0.771,97799500,0.772,59334800,0.773,30184700,0.774,28114800,1478,99999,0
sh513130,09:43:24,1768268607235,5948.35,0.894,3.8505,0.769,0.7702,-0.1558,17820400,13703894,0.769,0.769,15943100,0.768,94936900,0.767,77469800,0.766,48071200,0.765,50695900,0.770,93729100,0.771,96779900,0.772,58495600,0.773,30184700,0.774,28140600,548,99999,0
sh513130,09:43:27,1768268610236,5947.77,0.894,4.7228,0.769,0.7702,-0.1558,3570800,2746094,0.769,0.769,592300,0.768,95831400,0.767,77507200,0.766,53044000,0.765,50444600,0.770,93827800,0.771,97800800,0.772,58506600,0.773,30206000,0.774,28160400,1498,99999,0
sh513130,09:43:30,1768268614214,5947.11,0.894,4.1355,0.769,0.7702,-0.1558,2354200,1811322,0.7694,0.769,1302600,0.768,95904500,0.767,77513100,0.766,53051300,0.765,50494500,0.770,94339700,0.771,97826800,0.772,58552700,0.773,30206000,0.774,28160400,1329,99999,0
sh513130,09:43:33,1768268616215,5947.69,0.894,3.2306,0.77,0.7702,-0.026,1475400,1134796,0.7691,0.769,9263400,0.768,94321100,0.767,76513100,0.766,53066300,0.765,50495500,0.770,94628300,0.771,97833000,0.772,60359500,0.773,30306000,0.774,28399100,1154,99999,0
sh513130,09:43:36,1768268619215,5946.63,0.894,4.9392,0.769,0.7702,-0.1558,1208400,929422,0.7691,0.769,6621700,0.768,94924200,0.767,76500500,0.766,53141200,0.765,50550500,0.770,94791900,0.771,98664700,0.772,60364500,0.773,30617700,0.774,28469100,523,99999,0
sh513130,09:43:39,1768268623229,5947.31,0.894,5.1684,0.769,0.7701,-0.1428,928800,714902,0.7697,0.769,8434500,0.768,95169000,0.767,76467400,0.766,53131000,0.765,50257200,0.770,96017300,0.771,99526900,0.772,60462200,0.773,30851800,0.774,28529900,533,99999,0
sh513130,09:43:42,1768268625246,5947.24,0.894,3.5563,0.769,0.7701,-0.1428,681300,523973,0.7691,0.769,9953400,0.768,95225500,0.767,76469400,0.766,53141000,0.765,50440600,0.770,97816600,0.771,100359500,0.772,59492200,0.773,30851900,0.774,28534900,554,99999,0
sh513130,09:43:45,1768268630246,5946.72,0.894,4.37,0.769,0.7695,-0.065,865900,666270,0.7695,0.769,13058900,0.768,95450000,0.767,75959000,0.766,53141000,0.765,50562700,0.770,96760700,0.771,101200200,0.772,60405000,0.773,30848100,0.774,28534900,1561,99999,0
sh513130,09:43:48,1768268631271,5947.59,0.894,4.0719,0.77,0.7695,0.065,829200,638004,0.7694,0.769,10304300,0.768,95533300,0.767,76081100,0.766,53166000,0.765,50718200,0.770,96546200,0.771,102074800,0.772,60410000,0.773,30948200,0.774,28561900,548,99999,0
sh513130,09:43:51,1768268634262,5945.94,0.894,2.2997,0.77,0.7695,0.065,1524300,1172438,0.7692,0.769,6842100,0.768,95772500,0.767,76132100,0.766,53254000,0.765,50878200,0.770,97588700,0.771,102800000,0.772,59464800,0.773,30972700,0.774,28570400,1587,99999,0
sh513130,09:43:54,1768268638256,5947.15,0.894,1.8809,0.769,0.7695,-0.065,10101200,7768018,0.769,0.769,5091700,0.768,98083600,0.767,77128100,0.766,53306500,0.765,50873200,0.770,98485200,0.771,102833400,0.772,59424800,0.773,31012700,0.774,28577700,1295,99999,0
sh513130,09:43:57,1768268641244,5947.53,0.894,2.4925,0.769,0.7695,-0.065,529000,407211,0.7698,0.769,65443300,0.768,98062000,0.767,77133100,0.766,47307500,0.765,50875000,0.770,97910500,0.771,98175900,0.772,60512300,0.773,31030700,0.774,28617700,485,99999,0
sh513130,09:44:00,1768268644249,5947.59,0.894,4.7341,0.769,0.7695,-0.065,1435800,1105360,0.7699,0.769,67947900,0.768,96830600,0.767,77173000,0.766,47307500,0.765,50870600,0.770,89054600,0.771,98219000,0.772,69503400,0.773,31525500,0.774,28613100,472,99999,0
sh513130,09:44:03,1768268647240,5946.39,0.894,4.6615,0.77,0.7695,0.065,1205600,927895,0.7697,0.769,60501200,0.768,97469600,0.767,76055800,0.766,48287100,0.765,50945000,0.770,96753300,0.771,98336700,0.772,62728400,0.773,31525500,0.774,29167700,377,99999,0
sh513130,09:44:06,1768268648236,5946.39,0.894,3.7355,0.769,0.7701,-0.1428,1732500,1333237,0.7695,0.769,70898600,0.768,97496700,0.767,76059400,0.766,47303800,0.765,50960000,0.770,96081000,0.771,98376700,0.772,63630600,0.773,31605300,0.774,29147700,369,99999,0
sh513130,09:44:09,1768268652229,5946.93,0.894,2.8329,0.77,0.7701,-0.013,2487800,1914398,0.7695,0.769,70172500,0.768,98106300,0.767,76069400,0.766,48223800,0.765,50946300,0.770,96478000,0.771,98410300,0.772,64500800,0.773,32171000,0.774,29202900,1565,99999,0
sh513130,09:44:12,1768268654233,5949.23,0.894,2.1065,0.769,0.7701,-0.1428,1323400,1018945,0.7699,0.769,76835300,0.768,101561300,0.767,72931900,0.766,44953400,0.765,51042600,0.770,71295300,0.771,93713800,0.772,74563900,0.773,47207100,0.774,29113600,1444,99999,0
sh513130,09:44:15,1768268659253,5948.17,0.894,2.1438,0.769,0.7701,-0.1428,1350000,1039415,0.7699,0.769,77672400,0.768,101523100,0.767,73721000,0.766,44953400,0.765,51062600,0.770,75385000,0.771,93922700,0.772,74683600,0.773,47227300,0.774,29127100,435,99999,0
sh513130,09:44:18,1768268661257,5949.15,0.894,5.083,0.77,0.7701,-0.013,1466200,1128888,0.7699,0.769,79166900,0.768,101343500,0.767,73721000,0.766,45004100,0.765,51062600,0.770,98468900,0.771,94050700,0.772,66696700,0.773,32227300,0.774,29129100,251,99999,0
sh513130,09:44:21,1768268664412,5947.13,0.894,3.289,0.77,0.7708,-0.1038,1547700,1191252,0.7697,0.769,81408900,0.768,101469500,0.767,73717000,0.766,45035100,0.765,51089800,0.770,91078000,0.771,94022300,0.772,73786000,0.773,32261200,0.774,29129100,1217,99999,0
sh513130,09:44:24,1768268667281,5948.25,0.894,3.8215,0.77,0.7708,-0.1038,822900,633571,0.7699,0.769,82400100,0.768,101387500,0.767,73718700,0.766,45045100,0.765,51097300,0.770,73698500,0.771,94082300,0.772,74793000,0.773,32259100,0.774,29186700,589,99999,0
sh513130,09:44:27,1768268669268,5949.32,0.894,3.7264,0.77,0.7708,-0.1038,1451800,1117804,0.7699,0.769,84279200,0.768,101416200,0.767,73721700,0.766,45105100,0.765,51069300,0.770,88410400,0.771,95231200,0.772,75610100,0.773,32274100,0.774,29186700,574,99999,0
sh513130,09:44:30,1768268672281,5949.02,0.894,3.4654,0.77,0.7708,-0.1038,2088600,1608218,0.77,0.769,86340200,0.768,101453700,0.767,73711700,0.766,45107200,0.765,51134300,0.770,86900100,0.771,95231200,0.772,75708900,0.773,32264200,0.774,29194400,388,99999,0
sh513130,09:44:27,1768268673284,5949.01,0.894,4.2109,0.77,0.7708,-0.1038,0,0,0.77,0.769,84279200,0.768,101416200,0.767,73721700,0.766,45105100,0.765,51069300,0.770,88410400,0.771,95231200,0.772,75610100,0.773,32274100,0.774,29186700,586,99999,2
sh513130,09:44:30,1768268674275,5949.01,0.894,4.3877,0.77,0.7708,-0.1038,0,0,0.77,0.769,86340200,0.768,101453700,0.767,73711700,0.766,45107200,0.765,51134300,0.770,86900100,0.771,95231200,0.772,75708900,0.773,32264200,0.774,29194400,203,99999,0
sh513130,09:44:34,1768268676279,5949.81,0.894,4.601,0.77,0.7708,-0.1038,2341300,1802297,0.7698,0.769,87183400,0.768,100626100,0.767,73711700,0.766,45011300,0.765,50717300,0.770,57247500,0.771,95407500,0.772,88533500,0.773,47257400,0.774,29194400,15,99999,0
sh513130,09:44:37,1768268680298,5949.31,0.894,5.1691,0.769,0.7707,-0.2206,14211200,10942416,0.77,0.769,89073500,0.768,100664400,0.767,72723400,0.766,44810300,0.765,50737300,0.770,21503700,0.771,95293300,0.772,102886100,0.773,52268800,0.774,29209400,1596,99999,0
sh513130,09:44:39,1768268681305,5949.69,0.894,4.4359,0.77,0.7707,-0.0908,1777000,1368248,0.77,0.769,89841900,0.768,100551800,0.767,72723400,0.766,44793700,0.765,50754700,0.770,58673200,0.771,80897100,0.772,88687500,0.773,52263800,0.774,29209400,605,99999,0
sh513130,09:44:42,1768268685305,5948.5,0.894,3.0034,0.77,0.7707,-0.0908,14401800,11089355,0.77,0.769,94941200,0.768,100621500,0.767,72737000,0.766,44797200,0.765,50072500,0.770,9700300,0.771,93885800,0.772,104623900,0.773,59549500,0.774,29284400,298,99999,0
sh513130,09:44:45,1768268688307,5948.6,0.894,0.1648,0.769,0.7707,-0.2206,3275400,2521921,0.77,0.769,95838600,0.768,100654800,0.767,73737000,0.766,44802000,0.765,50077500,0.770,90805800,0.771,80711800,0.772,68707800,0.773,32293500,0.774,29277400,1120,99999,0
sh513130,09:44:48,1768268692317,5949.81,0.894,2.8729,0.769,0.7707,-0.2206,3223700,2482098,0.77,0.769,100502900,0.768,100652800,0.767,73637000,0.766,44752000,0.765,50603500,0.770,88068600,0.771,80849800,0.772,69664200,0.773,32413000,0.774,29277400,770,99999,0
sh513130,09:44:51,1768268693315,5950.05,0.894,3.7669,0.769,0.7707,-0.2206,2940000,2263271,0.7698,0.769,102415700,0.768,99753800,0.767,72647000,0.766,44738300,0.765,50652700,0.770,85364200,0.771,81126500,0.772,69891300,0.773,32413000,0.774,29277400,592,99999,0
sh513130,09:44:54,1768268697290,5950.14,0.894,2.1718,0.769,0.7707,-0.2206,612600,471498,0.7697,0.769,102220800,0.768,99953800,0.767,72644000,0.766,44739100,0.765,50661700,0.770,61720400,0.771,80160100,0.772,77843300,0.773,32771900,0.774,29279500,549,99999,0
sh513130,09:44:57,1768268699294,5949.46,0.894,1.991,0.77,0.7707,-0.0908,385300,296646,0.7699,0.769,103982000,0.768,99953800,0.767,72629600,0.766,44739100,0.765,50661700,0.770,75866600,0.771,80328000,0.772,78865500,0.773,33581700,0.774,29301700,588,99999,0
sh513130,09:45:00,1768268703278,5949.6,0.894,2.8619,0.769,0.7707,-0.2206,596500,458982,0.7695,0.769,92596500,0.768,97998600,0.767,73621000,0.766,44802500,0.765,50689900,0.770,85809800,0.771,80436100,0.772,69880500,0.773,34393900,0.774,29331700,581,99999,0
sh513130,09:45:03,1768268707321,5950.48,0.894,5.1556,0.769,0.7707,-0.2206,640400,492946,0.7697,0.769,90991000,0.768,97067400,0.767,74558800,0.766,44792500,0.765,50659900,0.770,84991700,0.771,80383400,0.772,69900400,0.773,34393900,0.774,29357200,498,99999,0
sh513130,09:45:06,1768268709250,5954.18,0.894,4.937,0.77,0.7707,-0.0908,7217000,5556789,0.77,0.770,14119400,0.769,93144300,0.768,95146900,0.767,70828700,0.766,44792500,0.771,94498400,0.772,106948200,0.773,60742300,0.774,29381200,0.775,47540200,249,99999,0
sh513130,09:45:09,1768268713236,5954.39,0.894,4.8578,0.77,0.7707,-0.0908,214800,165400,0.77,0.770,10998400,0.769,95399600,0.768,95181900,0.767,70438300,0.766,43819100,0.771,93808200,0.772,106851200,0.773,61682300,0.774,29384200,0.775,47552800,538,99999,0
sh513130,09:45:12,1768268715235,5955.4,0.894,4.3151,0.77,0.7707,-0.0908,622400,479536,0.7705,0.770,48514200,0.769,96951700,0.768,82965300,0.767,48065100,0.766,43819100,0.771,92671900,0.772,106832600,0.773,62644300,0.774,29484200,0.775,47621900,137,99999,0
sh513130,09:45:15,1768268718314,5957.03,0.894,3.7302,0.77,0.7707,-0.0908,1200800,924678,0.7701,0.770,60293900,0.769,97256900,0.768,81295700,0.767,43224600,0.766,43819100,0.771,54654900,0.772,96832600,0.773,70739400,0.774,52540200,0.775,47840500,566,99999,0
sh513130,09:45:12,1768268719217,5958.2,0.894,3.7302,0.77,0.7707,-0.0908,0,0,0.77,0.770,48514200,0.769,96951700,0.768,82965300,0.767,48065100,0.766,43819100,0.771,92671900,0.772,106832600,0.773,62644300,0.774,29484200,0.775,47621900,455,99999,2
sh513130,09:45:18,1768268720219,5958.2,0.894,5.1731,0.771,0.7707,0.0389,1130200,871317,0.7709,0.770,62361600,0.769,95191200,0.768,73832100,0.767,39988500,0.766,43819100,0.771,33758300,0.772,96828800,0.773,92926800,0.774,52540200,0.775,47871800,287,99999,0
sh513130,09:45:15,1768268722214,5957.71,0.894,3.6202,0.77,0.7707,-0.0908,0,0,0.77,0.770,60293900,0.769,97256900,0.768,81295700,0.767,43224600,0.766,43819100,0.771,54654900,0.772,96832600,0.773,70739400,0.774,52540200,0.775,47840500,97,99999,2
sh513130,09:45:18,1768268723210,5958.11,0.894,3.6202,0.771,0.7707,0.0389,0,0,0.771,0.770,62361600,0.769,95191200,0.768,73832100,0.767,39988500,0.766,43819100,0.771,33758300,0.772,96828800,0.773,92926800,0.774,52540200,0.775,47871800,457,99999,0
sh513130,09:45:21,1768268725212,5957.25,0.894,5.5296,0.771,0.7714,-0.0519,1767600,1362192,0.7706,0.770,61427100,0.769,95324400,0.768,72862600,0.767,40115700,0.766,43819100,0.771,98524200,0.772,77003800,0.773,72664400,0.774,32284200,0.775,48259800,495,99999,0
sh513130,09:45:24,1768268728222,5956.79,0.894,4.749,0.771,0.7714,-0.0519,2214000,1706714,0.7709,0.770,63466600,0.769,94418100,0.768,74048700,0.767,40105700,0.766,43835100,0.771,106659600,0.772,77019300,0.773,65798700,0.774,30284200,0.775,48259800,1503,99999,0
sh513130,09:45:27,1768268729220,5956.79,0.894,3.5746,0.771,0.7714,-0.0519,1864000,1437111,0.771,0.770,38911100,0.769,88764100,0.768,69651800,0.767,41145100,0.766,43845100,0.771,106174700,0.772,77997000,0.773,64809000,0.774,30301700,0.775,48259800,474,99999,0
sh513130,09:45:21,1768268731217,5955.48,0.894,2.9558,0.771,0.7714,-0.0519,0,0,0.771,0.770,61427100,0.769,95324400,0.768,72862600,0.767,40115700,0.766,43819100,0.771,98524200,0.772,77003800,0.773,72664400,0.774,32284200,0.775,48259800,391,99999,2
sh513130,09:45:27,1768268732342,5955.48,0.894,3.3595,0.771,0.7714,-0.0519,0,0,0.771,0.770,38911100,0.769,88764100,0.768,69651800,0.767,41145100,0.766,43845100,0.771,106174700,0.772,77997000,0.773,64809000,0.774,30301700,0.775,48259800,1517,99999,0
sh513130,09:45:30,1768268734230,5957.89,0.894,3.4399,0.771,0.7714,-0.0519,934800,720356,0.7706,0.770,56714500,0.769,88218000,0.768,69623400,0.767,40046100,0.766,43859400,0.771,105818100,0.772,77988600,0.773,64820600,0.774,30252100,0.775,48354600,1243,99999,0
sh513130,09:45:33,1768268737182,5956.9,0.894,2.8073,0.771,0.7714,-0.0519,1861000,1434460,0.7708,0.770,57934400,0.769,89135400,0.768,69638200,0.767,39992500,0.766,43859800,0.771,103406700,0.772,78170900,0.773,66015500,0.774,30252100,0.775,48173200,284,99999,0
sh513130,09:45:36,1768268739180,5956.8,0.894,3.5679,0.771,0.7714,-0.0519,1067000,822620,0.771,0.770,59315100,0.769,89938100,0.768,69763000,0.767,39997600,0.766,43879800,0.771,102452100,0.772,78274200,0.773,65796500,0.774,30250300,0.775,48202200,493,99999,0
sh513130,09:45:39,1768268742193,5957.47,0.894,5.8306,0.771,0.7714,-0.0519,1000100,770852,0.7708,0.770,60570100,0.769,91893900,0.768,69794700,0.767,39946700,0.766,43881000,0.771,101702100,0.772,78946200,0.773,65796500,0.774,30245300,0.775,48190200,465,99999,0
sh513130,09:45:42,1768268745200,5956.32,0.894,5.0661,0.771,0.7714,-0.0519,2887500,2226031,0.7709,0.770,63201200,0.769,90967300,0.768,70026700,0.767,40258000,0.766,43788200,0.771,100229900,0.772,79855700,0.773,64804300,0.774,30269700,0.775,48415600,467,99999,0
sh513130,09:45:45,1768268748208,5956.04,0.894,3.5754,0.77,0.7707,-0.0908,616100,474908,0.7708,0.770,65313000,0.769,92672600,0.768,69935700,0.767,40257300,0.766,43796200,0.771,99844700,0.772,79867800,0.773,66534900,0.774,30274300,0.775,48442400,1514,99999,0
sh513130,09:45:48,1768268751208,5956.89,0.894,8.6298,0.771,0.7707,0.0389,1417900,1093151,0.771,0.770,66342100,0.769,93407500,0.768,70144600,0.767,40423300,0.766,43772000,0.771,75547600,0.772,79874900,0.773,75991500,0.774,45490800,0.775,48503100,481,99999,0
sh513130,09:45:51,1768268754192,5956.07,0.894,7.131,0.771,0.7707,0.0389,2138200,1648396,0.7709,0.770,66704600,0.769,93148700,0.768,70457800,0.767,40506100,0.766,43763700,0.771,96709500,0.772,80074000,0.773,68888000,0.774,30368200,0.775,48747500,1497,99999,0
sh513130,09:45:55,1768268758180,5957.11,0.894,3.3587,0.77,0.7707,-0.0908,2117900,1632637,0.7709,0.770,67954900,0.769,93878700,0.768,70397800,0.767,40506100,0.766,43580800,0.771,86930600,0.772,80116200,0.773,69693600,0.774,30368200,0.775,48793200,1173,99999,0
sh513130,09:45:57,1768268761198,5958.7,0.894,3.1748,0.77,0.7714,-0.1815,113600,87583,0.771,0.770,69386600,0.769,93867800,0.768,70233500,0.767,40506100,0.766,43537900,0.771,18423200,0.772,93149700,0.773,105919300,0.774,52623200,0.775,49118700,502,99999,0
sh513130,09:46:00,1768268763183,5961.96,0.894,3.5127,0.771,0.7714,-0.0519,15038600,11594871,0.771,0.771,54676700,0.770,66941100,0.769,79886000,0.768,46792000,0.767,40556000,0.772,96351000,0.773,107511900,0.774,52823000,0.775,49826100,0.776,55722500,219,99999,0
sh513130,09:46:03,1768268767186,5963.64,0.894,4.5075,0.771,0.7714,-0.0519,1619400,1248638,0.771,0.771,66722600,0.770,72046100,0.769,78708200,0.768,41821700,0.767,40556000,0.772,63444800,0.773,99484900,0.774,75147700,0.775,64789100,0.776,55985700,441,99999,0
sh513130,09:46:07,1768268769187,5963.07,0.894,4.9908,0.771,0.7714,-0.0519,888200,684988,0.7712,0.771,67473500,0.770,73375600,0.769,79708700,0.768,46871300,0.767,40802000,0.772,87190200,0.773,94485400,0.774,71819800,0.775,49863100,0.776,56135500,517,99999,0
sh513130,09:46:09,1768268772201,5963.48,0.894,3.2401,0.771,0.7714,-0.0519,1726800,1332693,0.7718,0.771,69774900,0.770,74016900,0.769,78922900,0.768,46934300,0.767,40801900,0.772,97140600,0.773,94399400,0.774,60811000,0.775,49865100,0.776,56167300,1475,99999,0
sh513130,09:46:12,1768268776205,5964.81,0.894,2.5463,0.771,0.7721,-0.1425,978200,754750,0.7716,0.771,69344300,0.770,74174700,0.769,79876900,0.768,47934300,0.767,40799900,0.772,97728300,0.773,94419400,0.774,60609800,0.775,50667800,0.776,56400900,1427,99999,0
sh513130,09:46:15,1768268778196,5964.78,0.894,3.3894,0.772,0.7721,-0.013,1349400,1041664,0.7719,0.771,70038800,0.770,74304400,0.769,80823800,0.768,47738400,0.767,40802900,0.772,72579600,0.773,94347600,0.774,68619600,0.775,65729800,0.776,56554200,1473,99999,0
sh513130,09:46:18,1768268781209,5963.37,0.894,2.8481,0.771,0.7721,-0.1425,2205200,1701685,0.7717,0.771,69619700,0.770,75571700,0.769,80819800,0.768,47733100,0.767,40767700,0.772,95794900,0.773,94446200,0.774,60627200,0.775,50757100,0.776,56947300,153,99999,0
sh513130,09:46:21,1768268785224,5963.19,0.894,1.9669,0.772,0.7721,-0.013,2702300,2086053,0.772,0.771,67440800,0.770,75992800,0.769,80852800,0.768,47726300,0.767,40772700,0.772,93165000,0.773,95196000,0.774,60627200,0.775,50755600,0.776,56910300,519,99999,0
sh513130,09:46:24,1768268787211,5961.54,0.894,2.0783,0.772,0.7721,-0.013,1306200,1008333,0.772,0.771,70845000,0.770,77166000,0.769,80819700,0.768,47620300,0.767,40772700,0.772,91949300,0.773,95209800,0.774,61367800,0.775,50760900,0.776,56910300,534,99999,0
sh513130,09:46:27,1768268790239,5960.99,0.894,3.5149,0.771,0.7721,-0.1425,2107800,1626888,0.7718,0.771,26578100,0.770,77463900,0.769,81800000,0.768,48207700,0.767,39800800,0.772,90875500,0.773,95385300,0.774,60357800,0.775,50762900,0.776,57043500,451,99999,0
sh513130,09:46:30,1768268793204,5958.96,0.894,3.4634,0.771,0.772,-0.1295,20113700,15508352,0.771,0.770,80158100,0.769,82734700,0.768,48242100,0.767,39800800,0.766,41395100,0.771,76595500,0.772,73112600,0.773,72439600,0.774,41538800,0.775,50722900,372,99999,0
sh513130,09:46:33,1768268797218,5959.11,0.894,3.02,0.771,0.772,-0.1295,4334100,3341546,0.771,0.770,73689100,0.769,82705100,0.768,54244600,0.767,39779800,0.766,41503700,0.771,95951300,0.772,70795300,0.773,65123600,0.774,31285300,0.775,51428400,464,99999,0
sh513130,09:46:36,1768268799205,5958.96,0.894,1.7671,0.771,0.7714,-0.0519,3511000,2706981,0.771,0.770,73865300,0.769,82730100,0.768,54130300,0.767,39769800,0.766,41504200,0.771,58325900,0.772,71281300,0.773,85925400,0.774,38603100,0.775,51468400,513,99999,0
sh513130,09:46:39,1768268803895,5958.14,0.894,2.1227,0.771,0.7714,-0.0519,1945900,1500225,0.771,0.770,73773700,0.769,82773000,0.768,54931300,0.767,40589900,0.766,41504200,0.771,91787600,0.772,71460700,0.773,65940400,0.774,31408100,0.775,51449000,1050,99999,0
sh513130,09:46:42,1768268804894,5957.44,0.894,2.2871,0.771,0.7714,-0.0519,1185600,914074,0.771,0.770,74634400,0.769,83377500,0.768,55906700,0.767,40589900,0.766,41504200,0.771,91574000,0.772,71985600,0.773,66784600,0.774,31823100,0.775,51492300,228,99999,0
sh513130,09:46:45,1768268807911,5955.57,0.894,0.7457,0.771,0.7714,-0.0519,483100,372289,0.7706,0.770,28717000,0.769,91566300,0.768,75745700,0.767,41589900,0.766,41666100,0.771,92993400,0.772,71355700,0.773,66544600,0.774,31819200,0.775,51895400,721,99999,0
sh513130,09:46:48,1768268810910,5953.46,0.894,3.1439,0.77,0.7714,-0.1815,25413600,19568570,0.77,0.769,94118600,0.768,78684400,0.767,46601100,0.766,41710800,0.765,53834500,0.770,74385600,0.771,57514400,0.772,75553800,0.773,57238100,0.774,30201200,211,99999,0
sh513130,09:46:51,1768268813906,5954.04,0.894,3.6304,0.77,0.7707,-0.0908,21157800,16291717,0.77,0.770,42679600,0.769,93978000,0.768,79459700,0.767,46603700,0.766,41723200,0.771,71771600,0.772,91460800,0.773,64529400,0.774,30219400,0.775,52021600,145,99999,0
sh513130,09:46:54,1768268817902,5951.86,0.894,2.3204,0.771,0.7707,0.0389,2686700,2068982,0.7701,0.770,23693300,0.769,94822400,0.768,80239600,0.767,46476500,0.766,41667300,0.771,72037000,0.772,91481800,0.773,65419400,0.774,30225400,0.775,52027200,1209,99999,0
sh513130,09:46:57,1768268820913,5954.49,0.894,1.8871,0.771,0.7707,0.0389,8994800,6926198,0.77,0.770,7833500,0.769,96572900,0.768,80059900,0.767,46476500,0.766,41748900,0.771,75152300,0.772,91493800,0.773,64439400,0.774,30230400,0.775,52041400,211,99999,0
sh513130,09:47:00,1768268823953,5953.8,0.894,1.8547,0.77,0.7714,-0.1815,1574700,1212934,0.7703,0.770,43847200,0.769,96757900,0.768,80849800,0.767,46476500,0.766,41751700,0.771,73531700,0.772,92201100,0.773,65417800,0.774,30215400,0.775,51833200,179,99999,0
sh513130,09:47:03,1768268826943,5954.28,0.894,4.8237,0.771,0.7714,-0.0519,605800,466576,0.7702,0.770,60137400,0.769,95133500,0.768,81084800,0.767,40476500,0.766,41798700,0.771,75411200,0.772,92527200,0.773,66227800,0.774,30211000,0.775,51942200,91,99999,0
sh513130,09:47:00,1768268827918,5954.28,0.894,4.6479,0.77,0.7714,-0.1815,0,0,0.77,0.770,43847200,0.769,96757900,0.768,80849800,0.767,46476500,0.766,41751700,0.771,73531700,0.772,92201100,0.773,65417800,0.774,30215400,0.775,51833200,1065,99999,2
sh513130,09:47:03,1768268828919,5953.59,0.894,4.1924,0.771,0.7714,-0.0519,0,0,0.771,0.770,60137400,0.769,95133500,0.768,81084800,0.767,40476500,0.766,41798700,0.771,75411200,0.772,92527200,0.773,66227800,0.774,30211000,0.775,51942200,34,99999,0
sh513130,09:47:06,1768268829922,5953.59,0.894,4.1185,0.77,0.7707,-0.0908,1055400,812872,0.7702,0.770,61809300,0.769,95624400,0.768,81093800,0.767,40476500,0.766,41798700,0.771,77484800,0.772,92696800,0.773,66230600,0.774,30211300,0.775,51983900,888,99999,0
sh513130,09:47:09,1768268832921,5955.51,0.894,3.5087,0.77,0.7707,-0.0908,371600,286412,0.7708,0.770,64283700,0.769,95822700,0.768,81103300,0.767,41307500,0.766,41794900,0.771,80809900,0.772,87770800,0.773,66082000,0.774,30241700,0.775,51993400,225,99999,0
sh513130,09:47:12,1768268835884,5954.31,0.894,3.0995,0.77,0.7714,-0.1815,869600,669727,0.7702,0.770,64102200,0.769,96808700,0.768,81072200,0.767,42166800,0.766,41805400,0.771,81489400,0.772,87900900,0.773,67885500,0.774,30246700,0.775,52109400,299,99999,0
sh513130,09:47:15,1768268838893,5952.49,0.894,4.9674,0.77,0.7714,-0.1815,635200,489372,0.7704,0.770,7643700,0.769,96825500,0.768,81079500,0.767,43983100,0.766,43161800,0.771,85654700,0.772,88978800,0.773,66920900,0.774,30244700,0.775,52430600,191,99999,0
sh513130,09:47:18,1768268840898,5951.44,0.894,4.9499,0.771,0.7714,-0.0519,1861000,1433100,0.7701,0.770,7063200,0.769,97034400,0.768,81155300,0.767,49814500,0.766,43131800,0.771,88357000,0.772,88974400,0.773,65875000,0.774,30254700,0.775,52656100,170,99999,0
sh513130,09:47:21,1768268843892,5951.87,0.894,5.4395,0.771,0.7707,0.0389,1875100,1444864,0.7706,0.770,48756500,0.769,97216400,0.768,81147300,0.767,49791800,0.766,43281700,0.771,88053300,0.772,89879800,0.773,65867100,0.774,30254700,0.775,52945900,1158,99999,0
sh513130,09:47:25,1768268846896,5953.66,0.894,3.7431,0.77,0.7707,-0.0908,2906800,2239083,0.7703,0.770,57288100,0.769,96847400,0.768,81156300,0.767,49592800,0.766,43350900,0.771,87596500,0.772,90856600,0.773,66858100,0.774,31065000,0.775,52844700,160,99999,0
sh513130,09:47:27,1768268849883,5955.01,0.894,3.0965,0.771,0.7707,0.0389,875700,674670,0.7704,0.770,62047200,0.769,95943000,0.768,81125800,0.767,44618200,0.766,43327900,0.771,48493100,0.772,89252500,0.773,91723300,0.774,46105000,0.775,52894800,1170,99999,0
sh513130,09:47:30,1768268853892,5955.74,0.894,5.223,0.771,0.7707,0.0389,593800,457706,0.7708,0.770,64008400,0.769,96018100,0.768,81134100,0.767,44411400,0.766,43327900,0.771,94161700,0.772,81739800,0.773,68514100,0.774,31277500,0.775,53407900,851,99999,0
sh513130,09:47:33,1768268855883,5955.95,0.894,6.2788,0.771,0.7707,0.0389,2284900,1759973,0.7703,0.770,64205200,0.769,96144200,0.768,72860700,0.767,41146100,0.766,43327900,0.771,26970500,0.772,88764300,0.773,104231500,0.774,53588900,0.775,53477000,670,99999,0
sh513130,09:47:36,1768268859909,5954.89,0.894,3.9359,0.771,0.7707,0.0389,579500,446429,0.7704,0.770,53507200,0.769,96355700,0.768,74899900,0.767,42140100,0.766,43330500,0.771,102813100,0.772,76866400,0.773,68489500,0.774,31363300,0.775,53542000,333,99999,0
sh513130,09:47:39,1768268861898,5955.53,0.894,5.1683,0.77,0.7707,-0.0908,638000,491574,0.7705,0.770,49341600,0.769,96355700,0.768,74923300,0.767,42140100,0.766,43330500,0.771,104269700,0.772,77979100,0.773,68500100,0.774,31361300,0.775,53583500,104,99999,0
sh513130,09:47:42,1768268864908,5957.26,0.894,8.3141,0.771,0.7714,-0.0519,2994100,2308159,0.7709,0.770,65707200,0.769,96264900,0.768,72133000,0.767,41146700,0.766,43291700,0.771,25710300,0.772,91089500,0.773,105461600,0.774,53617300,0.775,53606500,190,99999,0
