symbol,tx_server_time,tx_local_time,bd_server_time,bd_local_time,price,iopv,premium_rate,index_price,fx_rate,sentiment,tick_vol,tick_amt,tick_vwap,interval_s,bp1,bv1,bp2,bv2,bp3,bv3,bp4,bv4,bp5,bv5,sp1,sv1,sp2,sv2,sp3,sv3,sp4,sv4,sp5,sv5
sh513130,09:30:06,1764898208989,09:31:08,1764898208517,0.734,0.7348,-0.1089,5584.54,0.9082,2.9556,0,0,0.734,0.0,0.733,22508700,0.732,24364100,0.731,54133100,0.730,52891300,0.729,33923800,0.734,34397000,0.735,33286900,0.736,25444100,0.737,12538800,0.738,19285800
sh513130,09:30:06,1764898209973,09:31:08,1764898209743,0.734,0.7348,-0.1089,5584.54,0.9082,2.7304,0,0,0.734,0.984,0.733,22508700,0.732,24364100,0.731,54133100,0.730,52891300,0.729,33923800,0.734,34397000,0.735,33286900,0.736,25444100,0.737,12538800,0.738,19285800
sh513130,09:30:06,1764898210975,09:31:10,1764898210510,0.734,0.7348,-0.1089,5586.85,0.9082,3.4158,0,0,0.734,1.002,0.733,22508700,0.732,24364100,0.731,54133100,0.730,52891300,0.729,33923800,0.734,34397000,0.735,33286900,0.736,25444100,0.737,12538800,0.738,19285800
sh513130,09:30:09,1764898211976,09:31:10,1764898211919,0.733,0.7355,-0.3399,5586.85,0.9082,2.3442,2485500,1823321,0.7336,1.001,0.733,27116900,0.732,25237300,0.731,54324900,0.730,54114600,0.729,29802400,0.734,35927300,0.735,28203200,0.736,27778700,0.737,12261300,0.738,19160500
sh513130,09:30:09,1764898212974,09:31:12,1764898212520,0.733,0.7355,-0.3399,5585.31,0.9082,2.629,0,0,0.733,0.998,0.733,27116900,0.732,25237300,0.731,54324900,0.730,54114600,0.729,29802400,0.734,35927300,0.735,28203200,0.736,27778700,0.737,12261300,0.738,19160500
sh513130,09:30:12,1764898213979,09:31:12,1764898212520,0.733,0.7355,-0.3399,5585.31,0.9082,3.4153,17237200,12650990,0.7339,1.005,0.733,32541100,0.732,31676400,0.731,48701200,0.730,46267200,0.729,29086800,0.734,6542800,0.735,20710000,0.736,25830100,0.737,19661700,0.738,25398400
sh513130,09:30:12,1764898214980,09:31:14,1764898214667,0.733,0.7355,-0.3399,5585.11,0.9082,2.7572,0,0,0.733,1.001,0.733,32541100,0.732,31676400,0.731,48701200,0.730,46267200,0.729,29086800,0.734,6542800,0.735,20710000,0.736,25830100,0.737,19661700,0.738,25398400
sh513130,09:30:12,1764898215982,09:31:14,1764898214667,0.733,0.7355,-0.3399,5585.11,0.9082,4.7142,0,0,0.733,1.002,0.733,32541100,0.732,31676400,0.731,48701200,0.730,46267200,0.729,29086800,0.734,6542800,0.735,20710000,0.736,25830100,0.737,19661700,0.738,25398400
sh513130,09:30:12,1764898216983,09:31:16,1764898216494,0.733,0.7355,-0.3399,5585.15,0.9082,5.216,0,0,0.733,1.001,0.733,32541100,0.732,31676400,0.731,48701200,0.730,46267200,0.729,29086800,0.734,6542800,0.735,20710000,0.736,25830100,0.737,19661700,0.738,25398400
sh513130,09:30:15,1764898217983,09:31:16,1764898216494,0.734,0.7348,-0.1089,5585.15,0.9082,4.8195,2272500,1667180,0.7336,0.999,0.733,31504200,0.732,38642900,0.731,49928700,0.730,46696900,0.729,28705900,0.734,6543200,0.735,12516100,0.736,28875700,0.737,25811900,0.738,24254500
sh513130,09:30:15,1764898218983,09:31:18,1764898218503,0.734,0.7348,-0.1089,5584.42,0.9082,6.3861,0,0,0.734,1.001,0.733,31504200,0.732,38642900,0.731,49928700,0.730,46696900,0.729,28705900,0.734,6543200,0.735,12516100,0.736,28875700,0.737,25811900,0.738,24254500
sh513130,09:30:18,1764898219984,09:31:18,1764898218503,0.735,0.7348,0.0272,5584.42,0.9082,6.49,6789100,4983031,0.734,1.0,0.734,13120600,0.733,42749400,0.732,52966100,0.731,51532700,0.730,47164700,0.735,16343200,0.736,32312100,0.737,37453000,0.738,24471200,0.739,23611700
sh513130,09:30:18,1764898220990,09:31:20,1764898220600,0.735,0.7348,0.0272,5583.23,0.9082,5.1169,0,0,0.735,1.007,0.734,13120600,0.733,42749400,0.732,52966100,0.731,51532700,0.730,47164700,0.735,16343200,0.736,32312100,0.737,37453000,0.738,24471200,0.739,23611700
sh513130,09:30:18,1764898221991,09:31:20,1764898220600,0.735,0.7348,0.0272,5583.23,0.9082,5.2626,0,0,0.735,1.001,0.734,13120600,0.733,42749400,0.732,52966100,0.731,51532700,0.730,47164700,0.735,16343200,0.736,32312100,0.737,37453000,0.738,24471200,0.739,23611700
sh513130,09:30:21,1764898222990,09:31:22,1764898222765,0.734,0.7348,-0.1089,5580.77,0.9082,3.9576,2627600,1930634,0.7348,0.998,0.734,8338000,0.733,38264100,0.732,57533900,0.731,52037600,0.730,52970400,0.735,24888300,0.736,43190300,0.737,36270900,0.738,23004600,0.739,23853500
sh513130,09:30:21,1764898223994,09:31:22,1764898222765,0.734,0.7348,-0.1089,5580.77,0.9082,3.1792,0,0,0.734,1.004,0.734,8338000,0.733,38264100,0.732,57533900,0.731,52037600,0.730,52970400,0.735,24888300,0.736,43190300,0.737,36270900,0.738,23004600,0.739,23853500
sh513130,09:30:21,1764898224994,09:31:24,1764898224927,0.734,0.7348,-0.1089,5582.63,0.9082,3.6319,0,0,0.734,1.0,0.734,8338000,0.733,38264100,0.732,57533900,0.731,52037600,0.730,52970400,0.735,24888300,0.736,43190300,0.737,36270900,0.738,23004600,0.739,23853500
sh513130,09:30:21,1764898225998,09:31:24,1764898224927,0.734,0.7348,-0.1089,5582.63,0.9082,3.6609,0,0,0.734,1.004,0.734,8338000,0.733,38264100,0.732,57533900,0.731,52037600,0.730,52970400,0.735,24888300,0.736,43190300,0.737,36270900,0.738,23004600,0.739,23853500
sh513130,09:30:24,1764898226998,09:31:26,1764898226500,0.734,0.7341,-0.0136,5580.75,0.9082,3.0697,18390400,13505388,0.7344,1.0,0.734,2998800,0.733,32395200,0.732,57786600,0.731,65392300,0.730,52415200,0.735,27587600,0.736,44217000,0.737,32985300,0.738,22054600,0.739,23885900
sh513130,09:30:24,1764898227997,09:31:26,1764898227081,0.734,0.7341,-0.0136,5580.75,0.9082,3.3149,0,0,0.734,0.999,0.734,2998800,0.733,32395200,0.732,57786600,0.731,65392300,0.730,52415200,0.735,27587600,0.736,44217000,0.737,32985300,0.738,22054600,0.739,23885900
sh513130,09:30:27,1764898228999,09:31:28,1764898228501,0.733,0.7341,-0.1498,5578.99,0.9082,3.1606,8601600,6316118,0.7343,1.002,0.733,31366500,0.732,52832600,0.731,69461800,0.730,53600000,0.729,39653000,0.734,16714200,0.735,31962900,0.736,43131600,0.737,26204000,0.738,24151000
sh513130,09:30:27,1764898230002,09:31:28,1764898229256,0.733,0.7341,-0.1498,5578.99,0.9082,3.0125,0,0,0.733,1.003,0.733,31366500,0.732,52832600,0.731,69461800,0.730,53600000,0.729,39653000,0.734,16714200,0.735,31962900,0.736,43131600,0.737,26204000,0.738,24151000
sh513130,09:30:27,1764898231003,09:31:30,1764898230441,0.733,0.7341,-0.1498,5579.52,0.9082,4.0948,0,0,0.733,1.001,0.733,31366500,0.732,52832600,0.731,69461800,0.730,53600000,0.729,39653000,0.734,16714200,0.735,31962900,0.736,43131600,0.737,26204000,0.738,24151000
sh513130,09:30:30,1764898232007,09:31:30,1764898231416,0.734,0.7341,-0.0136,5579.52,0.9082,4.3507,1996600,1465500,0.734,1.004,0.733,31940300,0.732,53094700,0.731,65995800,0.730,53851400,0.729,35274000,0.734,6728000,0.735,46167900,0.736,43324400,0.737,29205500,0.738,25151100
sh513130,09:30:30,1764898233006,09:31:32,1764898232454,0.734,0.7341,-0.0136,5578.26,0.9082,4.1415,0,0,0.734,0.999,0.733,31940300,0.732,53094700,0.731,65995800,0.730,53851400,0.729,35274000,0.734,6728000,0.735,46167900,0.736,43324400,0.737,29205500,0.738,25151100
sh513130,09:30:30,1764898234009,09:31:32,1764898233587,0.734,0.7341,-0.0136,5578.26,0.9082,3.7503,0,0,0.734,1.003,0.733,31940300,0.732,53094700,0.731,65995800,0.730,53851400,0.729,35274000,0.734,6728000,0.735,46167900,0.736,43324400,0.737,29205500,0.738,25151100
sh513130,09:30:33,1764898235010,09:31:34,1764898234488,0.734,0.7341,-0.0136,5577.66,0.9082,5.2526,514100,377349,0.734,1.001,0.733,33283500,0.732,53134700,0.731,66867600,0.730,53878400,0.729,35342500,0.734,20680300,0.735,46405700,0.736,43324400,0.737,29205500,0.738,23151300
sh513130,09:30:33,1764898236012,09:31:34,1764898235829,0.734,0.7341,-0.0136,5577.66,0.9082,4.1454,0,0,0.734,1.002,0.733,33283500,0.732,53134700,0.731,66867600,0.730,53878400,0.729,35342500,0.734,20680300,0.735,46405700,0.736,43324400,0.737,29205500,0.738,23151300
sh513130,09:30:33,1764898237013,09:31:36,1764898236420,0.734,0.7341,-0.0136,5579.12,0.9082,3.3308,0,0,0.734,1.002,0.733,33283500,0.732,53134700,0.731,66867600,0.730,53878400,0.729,35342500,0.734,20680300,0.735,46405700,0.736,43324400,0.737,29205500,0.738,23151300
sh513130,09:30:36,1764898238013,09:31:36,1764898237927,0.734,0.7335,0.0682,5579.12,0.9082,2.5915,833800,611998,0.734,1.0,0.733,33864400,0.732,45936700,0.731,64999600,0.730,53725500,0.729,43054800,0.734,23662200,0.735,46493200,0.736,43325600,0.737,22449500,0.738,23166300
sh513130,09:30:36,1764898239016,09:31:38,1764898238535,0.734,0.7335,0.0682,5578.95,0.9082,2.3782,0,0,0.734,1.003,0.733,33864400,0.732,45936700,0.731,64999600,0.730,53725500,0.729,43054800,0.734,23662200,0.735,46493200,0.736,43325600,0.737,22449500,0.738,23166300
sh513130,09:30:36,1764898240018,09:31:38,1764898238535,0.734,0.7335,0.0682,5578.95,0.9082,1.6499,0,0,0.734,1.002,0.733,33864400,0.732,45936700,0.731,64999600,0.730,53725500,0.729,43054800,0.734,23662200,0.735,46493200,0.736,43325600,0.737,22449500,0.738,23166300
sh513130,09:30:36,1764898241019,09:31:40,1764898240760,0.734,0.7335,0.0682,5578.16,0.9082,2.1908,0,0,0.734,1.001,0.733,33864400,0.732,45936700,0.731,64999600,0.730,53725500,0.729,43054800,0.734,23662200,0.735,46493200,0.736,43325600,0.737,22449500,0.738,23166300
sh513130,09:30:39,1764898242025,09:31:40,1764898240760,0.734,0.7335,0.0682,5578.16,0.9082,4.3495,392900,288383,0.734,1.006,0.733,34057500,0.732,53528700,0.731,66021900,0.730,53785500,0.729,35703600,0.734,33143200,0.735,46573200,0.736,43367400,0.737,19499500,0.738,23166300
sh513130,09:30:39,1764898243023,09:31:40,1764898242280,0.734,0.7335,0.0682,5578.16,0.9082,4.9032,0,0,0.734,0.998,0.733,34057500,0.732,53528700,0.731,66021900,0.730,53785500,0.729,35703600,0.734,33143200,0.735,46573200,0.736,43367400,0.737,19499500,0.738,23166300
sh513130,09:30:39,1764898244025,09:31:42,1764898243740,0.734,0.7335,0.0682,5578.88,0.9082,4.3894,0,0,0.734,1.002,0.733,34057500,0.732,53528700,0.731,66021900,0.730,53785500,0.729,35703600,0.734,33143200,0.735,46573200,0.736,43367400,0.737,19499500,0.738,23166300
sh513130,09:30:42,1764898245026,09:31:42,1764898244444,0.734,0.7335,0.0682,5578.88,0.9082,4.4759,3456300,2536873,0.734,1.001,0.733,33972800,0.732,54249100,0.731,65806500,0.730,53890100,0.729,35753600,0.734,30621100,0.735,47160500,0.736,43367400,0.737,19546500,0.738,23166300
sh513130,09:30:42,1764898246026,09:31:44,1764898245459,0.734,0.7335,0.0682,5578.37,0.9082,4.1876,0,0,0.734,1.0,0.733,33972800,0.732,54249100,0.731,65806500,0.730,53890100,0.729,35753600,0.734,30621100,0.735,47160500,0.736,43367400,0.737,19546500,0.738,23166300
sh513130,09:30:42,1764898247029,09:31:46,1764898246612,0.734,0.7335,0.0682,5577.51,0.9082,3.916,0,0,0.734,1.003,0.733,33972800,0.732,54249100,0.731,65806500,0.730,53890100,0.729,35753600,0.734,30621100,0.735,47160500,0.736,43367400,0.737,19546500,0.738,23166300
sh513130,09:30:45,1764898248031,09:31:46,1764898246612,0.734,0.7335,0.0682,5577.51,0.9082,3.2047,1425500,1046276,0.734,1.002,0.733,36171000,0.732,57464600,0.731,65834000,0.730,54124000,0.729,35756400,0.734,29457100,0.735,47252400,0.736,43367400,0.737,19546500,0.738,22200300
sh513130,09:30:45,1764898249031,09:31:48,1764898248793,0.734,0.7335,0.0682,5577.01,0.9082,2.8418,0,0,0.734,1.0,0.733,36171000,0.732,57464600,0.731,65834000,0.730,54124000,0.729,35756400,0.734,29457100,0.735,47252400,0.736,43367400,0.737,19546500,0.738,22200300
sh513130,09:30:45,1764898250032,09:31:48,1764898248793,0.734,0.7335,0.0682,5577.01,0.9082,3.534,0,0,0.734,1.001,0.733,36171000,0.732,57464600,0.731,65834000,0.730,54124000,0.729,35756400,0.734,29457100,0.735,47252400,0.736,43367400,0.737,19546500,0.738,22200300
sh513130,09:30:48,1764898251034,09:31:50,1764898250962,0.734,0.7335,0.0682,5579.24,0.9082,4.4726,1739100,1275244,0.7333,1.003,0.733,35519600,0.732,57754200,0.731,65874500,0.730,55204400,0.729,35760500,0.734,30457600,0.735,47260400,0.736,43367400,0.737,19546500,0.738,22203300
sh513130,09:30:48,1764898252036,09:31:50,1764898250962,0.734,0.7335,0.0682,5579.24,0.9082,3.7013,0,0,0.734,1.002,0.733,35519600,0.732,57754200,0.731,65874500,0.730,55204400,0.729,35760500,0.734,30457600,0.735,47260400,0.736,43367400,0.737,19546500,0.738,22203300
sh513130,09:30:48,1764898253035,09:31:52,1764898252509,0.734,0.7335,0.0682,5579.34,0.9082,6.4028,0,0,0.734,0.999,0.733,35519600,0.732,57754200,0.731,65874500,0.730,55204400,0.729,35760500,0.734,30457600,0.735,47260400,0.736,43367400,0.737,19546500,0.738,22203300
sh513130,09:30:51,1764898254041,09:31:52,1764898253127,0.733,0.7335,-0.0682,5579.34,0.9082,7.0657,847400,621944,0.7339,1.006,0.733,35779900,0.732,57826600,0.731,67800600,0.730,56223600,0.729,35790500,0.734,31684000,0.735,47380400,0.736,43367400,0.737,19546500,0.738,22203300
sh513130,09:30:51,1764898255041,09:31:54,1764898254472,0.733,0.7335,-0.0682,5580.27,0.9082,5.6055,0,0,0.733,1.0,0.733,35779900,0.732,57826600,0.731,67800600,0.730,56223600,0.729,35790500,0.734,31684000,0.735,47380400,0.736,43367400,0.737,19546500,0.738,22203300
sh513130,09:30:54,1764898256043,09:31:54,1764898255414,0.733,0.7335,-0.0682,5580.27,0.9082,5.0665,410300,301142,0.734,1.001,0.733,43159200,0.732,54672100,0.731,62582900,0.730,55170100,0.729,35790500,0.734,8513500,0.735,47462500,0.736,57623500,0.737,32302200,0.738,22203300
sh513130,09:30:54,1764898257042,09:31:56,1764898256530,0.733,0.7335,-0.0682,5579.54,0.9082,6.3767,0,0,0.733,0.999,0.733,43159200,0.732,54672100,0.731,62582900,0.730,55170100,0.729,35790500,0.734,8513500,0.735,47462500,0.736,57623500,0.737,32302200,0.738,22203300
sh513130,09:30:54,1764898258045,09:31:56,1764898257457,0.733,0.7335,-0.0682,5579.54,0.9082,6.0239,0,0,0.733,1.003,0.733,43159200,0.732,54672100,0.731,62582900,0.730,55170100,0.729,35790500,0.734,8513500,0.735,47462500,0.736,57623500,0.737,32302200,0.738,22203300
sh513130,09:30:57,1764898259044,09:31:58,1764898258462,0.734,0.7335,0.0682,5579.31,0.9082,7.6632,11959300,8778122,0.734,0.999,0.733,56417100,0.732,54057000,0.731,57484100,0.730,55226400,0.729,35810500,0.734,3975600,0.735,47381700,0.736,57623500,0.737,32348700,0.738,22203300
sh513130,09:30:57,1764898260048,09:31:58,1764898259619,0.734,0.7335,0.0682,5579.31,0.9082,6.9235,0,0,0.734,1.004,0.733,56417100,0.732,54057000,0.731,57484100,0.730,55226400,0.729,35810500,0.734,3975600,0.735,47381700,0.736,57623500,0.737,32348700,0.738,22203300
sh513130,09:30:57,1764898261050,09:32:00,1764898260722,0.734,0.7335,0.0682,5580.61,0.9082,5.948,0,0,0.734,1.002,0.733,56417100,0.732,54057000,0.731,57484100,0.730,55226400,0.729,35810500,0.734,3975600,0.735,47381700,0.736,57623500,0.737,32348700,0.738,22203300
sh513130,09:31:00,1764898262051,09:32:00,1764898261777,0.734,0.7342,-0.0272,5580.61,0.9082,5.7919,10818800,7941001,0.734,1.0,0.734,37160800,0.733,63302200,0.732,54137000,0.731,58359100,0.730,55146500,0.735,42429500,0.736,57440700,0.737,43352200,0.738,22203300,0.739,24075500
sh513130,09:31:00,1764898263048,09:32:02,1764898262447,0.734,0.7342,-0.0272,5580.6,0.9082,6.1097,0,0,0.734,0.997,0.734,37160800,0.733,63302200,0.732,54137000,0.731,58359100,0.730,55146500,0.735,42429500,0.736,57440700,0.737,43352200,0.738,22203300,0.739,24075500
sh513130,09:31:00,1764898264050,09:32:02,1764898262447,0.734,0.7342,-0.0272,5580.6,0.9082,4.535,0,0,0.734,1.002,0.734,37160800,0.733,63302200,0.732,54137000,0.731,58359100,0.730,55146500,0.735,42429500,0.736,57440700,0.737,43352200,0.738,22203300,0.739,24075500
sh513130,09:31:03,1764898265052,09:32:04,1764898264504,0.734,0.7342,-0.0272,5582.15,0.9082,5.4406,2369000,1741170,0.735,1.002,0.734,33453600,0.733,72662500,0.732,56258600,0.731,58306100,0.730,47771700,0.735,40140400,0.736,57690700,0.737,43372200,0.738,22203300,0.739,24075500
sh513130,09:31:03,1764898266054,09:32:04,1764898264504,0.734,0.7342,-0.0272,5582.15,0.9082,4.3391,0,0,0.734,1.002,0.734,33453600,0.733,72662500,0.732,56258600,0.731,58306100,0.730,47771700,0.735,40140400,0.736,57690700,0.737,43372200,0.738,22203300,0.739,24075500
sh513130,09:31:03,1764898267058,09:32:06,1764898266450,0.734,0.7342,-0.0272,5580.84,0.9082,7.2008,0,0,0.734,1.004,0.734,33453600,0.733,72662500,0.732,56258600,0.731,58306100,0.730,47771700,0.735,40140400,0.736,57690700,0.737,43372200,0.738,22203300,0.739,24075500
sh513130,09:31:06,1764898268059,09:32:06,1764898266450,0.734,0.7342,-0.0272,5580.84,0.9082,6.8872,13798500,10130365,0.7342,1.0,0.734,1515500,0.733,71957300,0.732,55321600,0.731,58312800,0.730,55191700,0.735,42019900,0.736,57700700,0.737,31330100,0.738,22203300,0.739,24075500
sh513130,09:31:06,1764898269060,09:32:08,1764898268486,0.734,0.7342,-0.0272,5578.73,0.9082,6.3004,0,0,0.734,1.001,0.734,1515500,0.733,71957300,0.732,55321600,0.731,58312800,0.730,55191700,0.735,42019900,0.736,57700700,0.737,31330100,0.738,22203300,0.739,24075500
sh513130,09:31:06,1764898270062,09:32:08,1764898268486,0.734,0.7342,-0.0272,5578.73,0.9082,5.0286,0,0,0.734,1.002,0.734,1515500,0.733,71957300,0.732,55321600,0.731,58312800,0.730,55191700,0.735,42019900,0.736,57700700,0.737,31330100,0.738,22203300,0.739,24075500
sh513130,09:31:09,1764898271064,09:32:10,1764898270450,0.735,0.7342,0.109,5579.69,0.9082,6.075,14345000,10529362,0.734,1.002,0.734,11768500,0.733,72796400,0.732,56341600,0.731,58313800,0.730,55493700,0.735,31632500,0.736,57896400,0.737,43327700,0.738,22303300,0.739,24075500
sh513130,09:31:09,1764898272067,09:32:10,1764898270450,0.735,0.7342,0.109,5579.69,0.9082,5.7124,0,0,0.735,1.003,0.734,11768500,0.733,72796400,0.732,56341600,0.731,58313800,0.730,55493700,0.735,31632500,0.736,57896400,0.737,43327700,0.738,22303300,0.739,24075500
sh513130,09:31:09,1764898273068,09:32:12,1764898272633,0.735,0.7342,0.109,5579.42,0.9082,5.164,0,0,0.735,1.0,0.734,11768500,0.733,72796400,0.732,56341600,0.731,58313800,0.730,55493700,0.735,31632500,0.736,57896400,0.737,43327700,0.738,22303300,0.739,24075500
sh513130,09:31:09,1764898274069,09:32:12,1764898272633,0.735,0.7342,0.109,5579.42,0.9082,5.2071,0,0,0.735,1.001,0.734,11768500,0.733,72796400,0.732,56341600,0.731,58313800,0.730,55493700,0.735,31632500,0.736,57896400,0.737,43327700,0.738,22303300,0.739,24075500
sh513130,09:31:12,1764898275069,09:32:14,1764898274809,0.734,0.7342,-0.0272,5579.74,0.9082,5.7693,16396100,12037609,0.7342,1.0,0.734,3425400,0.733,73257200,0.732,64823700,0.731,58339900,0.730,55498700,0.735,44638300,0.736,57902400,0.737,43414000,0.738,22303300,0.739,24091300
sh513130,09:31:12,1764898276076,09:32:14,1764898274809,0.734,0.7342,-0.0272,5579.74,0.9082,4.4697,0,0,0.734,1.007,0.734,3425400,0.733,73257200,0.732,64823700,0.731,58339900,0.730,55498700,0.735,44638300,0.736,57902400,0.737,43414000,0.738,22303300,0.739,24091300
sh513130,09:31:12,1764898277076,09:32:16,1764898276977,0.734,0.7342,-0.0272,5580.06,0.9082,4.5525,0,0,0.734,1.0,0.734,3425400,0.733,73257200,0.732,64823700,0.731,58339900,0.730,55498700,0.735,44638300,0.736,57902400,0.737,43414000,0.738,22303300,0.739,24091300
sh513130,09:31:15,1764898278077,09:32:16,1764898276977,0.735,0.7342,0.109,5580.06,0.9082,5.0393,11754500,8631262,0.7343,1.001,0.734,11477400,0.733,75463600,0.732,66713700,0.731,58302000,0.730,55498700,0.735,41872900,0.736,57928400,0.737,43435000,0.738,22324300,0.739,24091300
sh513130,09:31:15,1764898279077,09:32:18,1764898278678,0.735,0.7342,0.109,5578.9,0.9082,4.3629,0,0,0.735,1.0,0.734,11477400,0.733,75463600,0.732,66713700,0.731,58302000,0.730,55498700,0.735,41872900,0.736,57928400,0.737,43435000,0.738,22324300,0.739,24091300
sh513130,09:31:15,1764898280077,09:32:18,1764898279146,0.735,0.7342,0.109,5578.9,0.9082,3.8438,0,0,0.735,1.0,0.734,11477400,0.733,75463600,0.732,66713700,0.731,58302000,0.730,55498700,0.735,41872900,0.736,57928400,0.737,43435000,0.738,22324300,0.739,24091300
sh513130,09:31:18,1764898281079,09:32:18,1764898279146,0.734,0.7342,-0.0272,5578.9,0.9082,4.9833,6534700,4799044,0.7344,1.002,0.733,65334200,0.732,65058400,0.731,70274300,0.730,55575200,0.729,35768900,0.734,34557500,0.735,48956400,0.736,57928400,0.737,27961300,0.738,22324300
sh513130,09:31:18,1764898282079,09:32:20,1764898281656,0.734,0.7342,-0.0272,5579.7,0.9082,5.1229,0,0,0.734,1.0,0.733,65334200,0.732,65058400,0.731,70274300,0.730,55575200,0.729,35768900,0.734,34557500,0.735,48956400,0.736,57928400,0.737,27961300,0.738,22324300
sh513130,09:31:21,1764898283081,09:32:22,1764898282976,0.734,0.7342,-0.0272,5578.12,0.9082,4.4949,16144800,11850283,0.734,1.002,0.733,65526200,0.732,65058400,0.731,70314300,0.730,54771700,0.729,35768900,0.734,39121400,0.735,49305400,0.736,57978400,0.737,23461300,0.738,22327600
sh513130,09:31:21,1764898284083,09:32:22,1764898283485,0.734,0.7342,-0.0272,5578.12,0.9082,3.9821,0,0,0.734,1.002,0.733,65526200,0.732,65058400,0.731,70314300,0.730,54771700,0.729,35768900,0.734,39121400,0.735,49305400,0.736,57978400,0.737,23461300,0.738,22327600
sh513130,09:31:21,1764898285086,09:32:24,1764898284416,0.734,0.7342,-0.0272,5577.25,0.9082,3.3293,0,0,0.734,1.003,0.733,65526200,0.732,65058400,0.731,70314300,0.730,54771700,0.729,35768900,0.734,39121400,0.735,49305400,0.736,57978400,0.737,23461300,0.738,22327600
sh513130,09:31:24,1764898286085,09:32:24,1764898285660,0.733,0.7342,-0.1634,5577.25,0.9082,3.7296,4316900,3168578,0.734,0.999,0.733,66983300,0.732,65188400,0.731,70314300,0.730,58022500,0.729,35768900,0.734,48623100,0.735,50791100,0.736,58213000,0.737,20692600,0.738,22427600
sh513130,09:31:24,1764898287085,09:32:26,1764898286509,0.733,0.7342,-0.1634,5576.91,0.9082,3.0882,0,0,0.733,1.0,0.733,66983300,0.732,65188400,0.731,70314300,0.730,58022500,0.729,35768900,0.734,48623100,0.735,50791100,0.736,58213000,0.737,20692600,0.738,22427600
sh513130,09:31:24,1764898288089,09:32:26,1764898287828,0.733,0.7342,-0.1634,5576.91,0.9082,2.3473,0,0,0.733,1.003,0.733,66983300,0.732,65188400,0.731,70314300,0.730,58022500,0.729,35768900,0.734,48623100,0.735,50791100,0.736,58213000,0.737,20692600,0.738,22427600
sh513130,09:31:24,1764898289092,09:32:28,1764898288493,0.733,0.7342,-0.1634,5576.41,0.9082,2.234,0,0,0.733,1.003,0.733,66983300,0.732,65188400,0.731,70314300,0.730,58022500,0.729,35768900,0.734,48623100,0.735,50791100,0.736,58213000,0.737,20692600,0.738,22427600
sh513130,09:31:27,1764898290092,09:32:28,1764898290001,0.734,0.7342,-0.0272,5576.41,0.9082,5.8796,2135400,1566588,0.7336,1.0,0.733,66466200,0.732,65819400,0.731,71133700,0.730,58032700,0.729,34768900,0.734,47612600,0.735,49707100,0.736,58213000,0.737,20692600,0.738,22434100
sh513130,09:31:27,1764898291094,09:32:30,1764898290476,0.734,0.7342,-0.0272,5578.71,0.9082,5.9061,0,0,0.734,1.002,0.733,66466200,0.732,65819400,0.731,71133700,0.730,58032700,0.729,34768900,0.734,47612600,0.735,49707100,0.736,58213000,0.737,20692600,0.738,22434100
sh513130,09:31:30,1764898292105,09:32:30,1764898290476,0.735,0.7342,0.109,5578.71,0.9082,4.806,15031400,11033020,0.734,1.011,0.734,41397500,0.733,77161300,0.732,65561500,0.731,58215900,0.730,58022700,0.735,47523900,0.736,58203000,0.737,35459100,0.738,22434100,0.739,24106100
sh513130,09:31:30,1764898293097,09:32:32,1764898292496,0.735,0.7342,0.109,5579.01,0.9082,4.7922,0,0,0.735,0.992,0.734,41397500,0.733,77161300,0.732,65561500,0.731,58215900,0.730,58022700,0.735,47523900,0.736,58203000,0.737,35459100,0.738,22434100,0.739,24106100
sh513130,09:31:30,1764898294097,09:32:32,1764898292496,0.735,0.7342,0.109,5579.01,0.9082,4.2669,0,0,0.735,1.0,0.734,41397500,0.733,77161300,0.732,65561500,0.731,58215900,0.730,58022700,0.735,47523900,0.736,58203000,0.737,35459100,0.738,22434100,0.739,24106100
sh513130,09:31:30,1764898295099,09:32:34,1764898294506,0.735,0.7342,0.109,5579.16,0.9082,4.0787,0,0,0.735,1.002,0.734,41397500,0.733,77161300,0.732,65561500,0.731,58215900,0.730,58022700,0.735,47523900,0.736,58203000,0.737,35459100,0.738,22434100,0.739,24106100
sh513130,09:31:33,1764898296097,09:32:34,1764898294506,0.734,0.7342,-0.0272,5579.16,0.9082,5.5734,16451200,12078489,0.7342,0.997,0.733,66809600,0.732,77405400,0.731,70188500,0.730,58225700,0.729,35619900,0.734,39302600,0.735,59868500,0.736,58209900,0.737,23466300,0.738,24488000
sh513130,09:31:33,1764898297099,09:32:36,1764898296523,0.734,0.7342,-0.0272,5579.54,0.9082,4.495,0,0,0.734,1.002,0.733,66809600,0.732,77405400,0.731,70188500,0.730,58225700,0.729,35619900,0.734,39302600,0.735,59868500,0.736,58209900,0.737,23466300,0.738,24488000
sh513130,09:31:36,1764898298101,09:32:36,1764898296523,0.733,0.7349,-0.2585,5579.54,0.9082,3.4959,4278100,3140096,0.734,1.002,0.733,67278600,0.732,78274400,0.731,69662500,0.730,58175700,0.729,35622900,0.734,32244900,0.735,60900700,0.736,57210000,0.737,23411200,0.738,24543000
sh513130,09:31:36,1764898299103,09:32:38,1764898298691,0.733,0.7349,-0.2585,5579.97,0.9082,3.0351,0,0,0.733,1.002,0.733,67278600,0.732,78274400,0.731,69662500,0.730,58175700,0.729,35622900,0.734,32244900,0.735,60900700,0.736,57210000,0.737,23411200,0.738,24543000
sh513130,09:31:36,1764898300101,09:32:38,1764898298691,0.733,0.7349,-0.2585,5579.97,0.9082,2.7371,0,0,0.733,0.999,0.733,67278600,0.732,78274400,0.731,69662500,0.730,58175700,0.729,35622900,0.734,32244900,0.735,60900700,0.736,57210000,0.737,23411200,0.738,24543000
sh513130,09:31:39,1764898301104,09:32:40,1764898300851,0.734,0.7349,-0.1225,5581.19,0.9082,6.9454,5525300,4055569,0.734,1.003,0.734,6611300,0.733,80118900,0.732,80053100,0.731,57805200,0.730,57955700,0.735,51041900,0.736,58090500,0.737,35408800,0.738,24556500,0.739,24108100
sh513130,09:31:36,1764898302110,09:32:40,1764898300851,0.733,0.7349,-0.2585,5581.19,0.9082,6.5035,-5525300,-4055569,0.733,1.005,0.733,67278600,0.732,78274400,0.731,69662500,0.730,58175700,0.729,35622900,0.734,32244900,0.735,60900700,0.736,57210000,0.737,23411200,0.738,24543000
sh513130,09:31:39,1764898303110,09:32:42,1764898303027,0.734,0.7349,-0.1225,5581.19,0.9082,7.4567,5525300,4055569,0.734,1.0,0.734,6611300,0.733,80118900,0.732,80053100,0.731,57805200,0.730,57955700,0.735,51041900,0.736,58090500,0.737,35408800,0.738,24556500,0.739,24108100
sh513130,09:31:42,1764898304111,09:32:42,1764898303027,0.735,0.7349,0.0136,5581.19,0.9082,6.4535,1168600,858921,0.735,1.002,0.734,29481900,0.733,79293700,0.732,70115900,0.731,57695700,0.730,57950500,0.735,51918900,0.736,61095700,0.737,35408800,0.738,24561300,0.739,24108100
sh513130,09:31:42,1764898305110,09:32:44,1764898304440,0.735,0.7349,0.0136,5580.57,0.9082,5.4279,0,0,0.735,0.999,0.734,29481900,0.733,79293700,0.732,70115900,0.731,57695700,0.730,57950500,0.735,51918900,0.736,61095700,0.737,35408800,0.738,24561300,0.739,24108100
sh513130,09:31:42,1764898306113,09:32:44,1764898305206,0.735,0.7349,0.0136,5580.57,0.9082,5.2238,0,0,0.735,1.002,0.734,29481900,0.733,79293700,0.732,70115900,0.731,57695700,0.730,57950500,0.735,51918900,0.736,61095700,0.737,35408800,0.738,24561300,0.739,24108100
sh513130,09:31:45,1764898307115,09:32:46,1764898306529,0.734,0.7342,-0.0272,5580.41,0.9082,4.3121,953300,699846,0.7341,1.003,0.734,29497300,0.733,79656200,0.732,71184900,0.731,57680400,0.730,57945700,0.735,52004200,0.736,61110000,0.737,35408800,0.738,24571300,0.739,24108100
sh513130,09:31:45,1764898308116,09:32:46,1764898307434,0.734,0.7342,-0.0272,5580.41,0.9082,3.5554,0,0,0.734,1.0,0.734,29497300,0.733,79656200,0.732,71184900,0.731,57680400,0.730,57945700,0.735,52004200,0.736,61110000,0.737,35408800,0.738,24571300,0.739,24108100
sh513130,09:31:45,1764898309143,09:32:48,1764898308464,0.734,0.7342,-0.0272,5580.57,0.9082,3.2656,0,0,0.734,1.027,0.734,29497300,0.733,79656200,0.732,71184900,0.731,57680400,0.730,57945700,0.735,52004200,0.736,61110000,0.737,35408800,0.738,24571300,0.739,24108100
sh513130,09:31:48,1764898310118,09:32:48,1764898309542,0.734,0.7342,-0.0272,5580.57,0.9082,4.7528,614600,451416,0.7345,0.976,0.734,31424400,0.733,80119700,0.732,72055900,0.731,57680400,0.730,58370000,0.735,52005400,0.736,61116600,0.737,35408800,0.738,24571300,0.739,24108100
sh513130,09:31:48,1764898311124,09:32:50,1764898310467,0.734,0.7342,-0.0272,5580.83,0.9082,3.6132,0,0,0.734,1.006,0.734,31424400,0.733,80119700,0.732,72055900,0.731,57680400,0.730,58370000,0.735,52005400,0.736,61116600,0.737,35408800,0.738,24571300,0.739,24108100
sh513130,09:31:48,1764898312127,09:32:50,1764898311722,0.734,0.7342,-0.0272,5580.83,0.9082,3.5161,0,0,0.734,1.002,0.734,31424400,0.733,80119700,0.732,72055900,0.731,57680400,0.730,58370000,0.735,52005400,0.736,61116600,0.737,35408800,0.738,24571300,0.739,24108100
sh513130,09:31:51,1764898313212,09:32:52,1764898312767,0.734,0.7342,-0.0272,5582.07,0.9082,3.3541,823800,604900,0.7343,1.086,0.734,34322100,0.733,86904700,0.732,72903400,0.731,57680400,0.730,51981800,0.735,52330900,0.736,61116600,0.737,35408800,0.738,24571300,0.739,24113100
sh513130,09:31:51,1764898314130,09:32:52,1764898313946,0.734,0.7342,-0.0272,5582.07,0.9082,3.9415,0,0,0.734,0.917,0.734,34322100,0.733,86904700,0.732,72903400,0.731,57680400,0.730,51981800,0.735,52330900,0.736,61116600,0.737,35408800,0.738,24571300,0.739,24113100
sh513130,09:31:51,1764898315130,09:32:54,1764898314446,0.734,0.7342,-0.0272,5580.41,0.9082,3.8947,0,0,0.734,1.001,0.734,34322100,0.733,86904700,0.732,72903400,0.731,57680400,0.730,51981800,0.735,52330900,0.736,61116600,0.737,35408800,0.738,24571300,0.739,24113100
sh513130,09:31:54,1764898316134,09:32:54,1764898316056,0.735,0.7342,0.109,5580.41,0.9082,3.1227,14146800,10384923,0.7341,1.004,0.734,3662600,0.733,79813000,0.732,73898900,0.731,57657500,0.730,58419700,0.735,63419200,0.736,61109600,0.737,23440300,0.738,24571300,0.739,24113100
sh513130,09:31:54,1764898317135,09:32:56,1764898316516,0.735,0.7342,0.109,5579.32,0.9082,3.4814,0,0,0.735,1.001,0.734,3662600,0.733,79813000,0.732,73898900,0.731,57657500,0.730,58419700,0.735,63419200,0.736,61109600,0.737,23440300,0.738,24571300,0.739,24113100
sh513130,09:31:54,1764898318135,09:32:56,1764898316516,0.735,0.7342,0.109,5579.32,0.9082,3.5246,0,0,0.735,1.0,0.734,3662600,0.733,79813000,0.732,73898900,0.731,57657500,0.730,58419700,0.735,63419200,0.736,61109600,0.737,23440300,0.738,24571300,0.739,24113100
sh513130,09:31:57,1764898319141,09:32:58,1764898318503,0.734,0.7342,-0.0272,5579.92,0.9082,3.266,17292200,12695661,0.7342,1.006,0.733,66958800,0.732,73069000,0.731,69456100,0.730,58409500,0.729,35696600,0.734,24873900,0.735,61883500,0.736,61109800,0.737,23440300,0.738,24573300
sh513130,09:31:57,1764898320141,09:32:58,1764898318503,0.734,0.7342,-0.0272,5579.92,0.9082,3.4774,0,0,0.734,1.0,0.733,66958800,0.732,73069000,0.731,69456100,0.730,58409500,0.729,35696600,0.734,24873900,0.735,61883500,0.736,61109800,0.737,23440300,0.738,24573300
sh513130,09:31:57,1764898321142,09:33:00,1764898320459,0.734,0.7342,-0.0272,5578.17,0.9082,3.488,0,0,0.734,1.001,0.733,66958800,0.732,73069000,0.731,69456100,0.730,58409500,0.729,35696600,0.734,24873900,0.735,61883500,0.736,61109800,0.737,23440300,0.738,24573300
sh513130,09:32:00,1764898322143,09:33:00,1764898320459,0.734,0.7342,-0.0272,5578.17,0.9082,3.89,3755600,2756600,0.734,1.001,0.733,67327900,0.732,64837100,0.731,69402400,0.730,58404500,0.729,35358700,0.734,25162100,0.735,56362500,0.736,61166000,0.737,20671400,0.738,24593300
sh513130,09:32:00,1764898323142,09:33:02,1764898322575,0.734,0.7342,-0.0272,5578.5,0.9082,3.7111,0,0,0.734,0.999,0.733,67327900,0.732,64837100,0.731,69402400,0.730,58404500,0.729,35358700,0.734,25162100,0.735,56362500,0.736,61166000,0.737,20671400,0.738,24593300
sh513130,09:32:00,1764898324148,09:33:02,1764898323710,0.734,0.7342,-0.0272,5578.5,0.9082,3.7816,0,0,0.734,1.006,0.733,67327900,0.732,64837100,0.731,69402400,0.730,58404500,0.729,35358700,0.734,25162100,0.735,56362500,0.736,61166000,0.737,20671400,0.738,24593300
sh513130,09:32:00,1764898325147,09:33:04,1764898324753,0.734,0.7342,-0.0272,5577.69,0.9082,3.6098,0,0,0.734,0.999,0.733,67327900,0.732,64837100,0.731,69402400,0.730,58404500,0.729,35358700,0.734,25162100,0.735,56362500,0.736,61166000,0.737,20671400,0.738,24593300
sh513130,09:32:03,1764898326149,09:33:04,1764898324753,0.734,0.7342,-0.0272,5577.69,0.9082,2.8834,3467800,2545365,0.734,1.002,0.733,67172600,0.732,68799400,0.731,73388000,0.730,58404500,0.729,35397700,0.734,37916000,0.735,60295000,0.736,65665200,0.737,20674400,0.738,24593300
sh513130,09:32:03,1764898327152,09:33:06,1764898326966,0.734,0.7342,-0.0272,5578.6,0.9082,3.9553,0,0,0.734,1.003,0.733,67172600,0.732,68799400,0.731,73388000,0.730,58404500,0.729,35397700,0.734,37916000,0.735,60295000,0.736,65665200,0.737,20674400,0.738,24593300
sh513130,09:32:03,1764898328153,09:33:06,1764898326966,0.734,0.7342,-0.0272,5578.6,0.9082,3.9111,0,0,0.734,1.001,0.733,67172600,0.732,68799400,0.731,73388000,0.730,58404500,0.729,35397700,0.734,37916000,0.735,60295000,0.736,65665200,0.737,20674400,0.738,24593300
sh513130,09:32:06,1764898329152,09:33:08,1764898329129,0.734,0.7342,-0.0272,5576.93,0.9082,4.6218,1391900,1021655,0.734,0.999,0.733,67949800,0.732,68799400,0.731,74437300,0.730,58333500,0.729,35397700,0.734,10849500,0.735,68176900,0.736,65665200,0.737,22793900,0.738,24593300
sh513130,09:32:06,1764898330156,09:33:08,1764898329129,0.734,0.7342,-0.0272,5576.93,0.9082,4.4229,0,0,0.734,1.005,0.733,67949800,0.732,68799400,0.731,74437300,0.730,58333500,0.729,35397700,0.734,10849500,0.735,68176900,0.736,65665200,0.737,22793900,0.738,24593300
sh513130,09:32:06,1764898331157,09:33:10,1764898330841,0.734,0.7342,-0.0272,5577.16,0.9082,5.0286,0,0,0.734,1.001,0.733,67949800,0.732,68799400,0.731,74437300,0.730,58333500,0.729,35397700,0.734,10849500,0.735,68176900,0.736,65665200,0.737,22793900,0.738,24593300
sh513130,09:32:09,1764898332158,09:33:10,1764898331300,0.734,0.7336,0.0545,5577.16,0.9082,4.4604,1173500,861336,0.734,1.001,0.733,59173800,0.732,77139600,0.731,75307500,0.730,58330400,0.729,35328800,0.734,53368100,0.735,58073500,0.736,62437000,0.737,21015000,0.738,24593300
sh513130,09:32:09,1764898333160,09:33:12,1764898332599,0.734,0.7336,0.0545,5577.03,0.9082,6.1965,0,0,0.734,1.002,0.733,59173800,0.732,77139600,0.731,75307500,0.730,58330400,0.729,35328800,0.734,53368100,0.735,58073500,0.736,62437000,0.737,21015000,0.738,24593300
sh513130,09:32:09,1764898334160,09:33:12,1764898333542,0.734,0.7336,0.0545,5577.03,0.9082,5.7279,0,0,0.734,1.001,0.733,59173800,0.732,77139600,0.731,75307500,0.730,58330400,0.729,35328800,0.734,53368100,0.735,58073500,0.736,62437000,0.737,21015000,0.738,24593300
sh513130,09:32:12,1764898335164,09:33:14,1764898334467,0.734,0.7336,0.0545,5575.18,0.9082,5.9376,1029800,755489,0.7336,1.004,0.733,68411500,0.732,68739600,0.731,76105100,0.730,58340400,0.729,35328800,0.734,53794500,0.735,57589500,0.736,62637000,0.737,20675900,0.738,24590800
sh513130,09:32:12,1764898336166,09:33:14,1764898335690,0.734,0.7336,0.0545,5575.18,0.9082,7.3459,0,0,0.734,1.001,0.733,68411500,0.732,68739600,0.731,76105100,0.730,58340400,0.729,35328800,0.734,53794500,0.735,57589500,0.736,62637000,0.737,20675900,0.738,24590800
sh513130,09:32:12,1764898337168,09:33:16,1764898336492,0.734,0.7336,0.0545,5575.76,0.9082,6.0992,0,0,0.734,1.002,0.733,68411500,0.732,68739600,0.731,76105100,0.730,58340400,0.729,35328800,0.734,53794500,0.735,57589500,0.736,62637000,0.737,20675900,0.738,24590800
sh513130,09:32:15,1764898338167,09:33:16,1764898337832,0.734,0.7342,-0.0272,5575.76,0.9082,4.919,395100,290004,0.734,0.999,0.733,67313100,0.732,68716400,0.731,76988900,0.730,58341300,0.729,35340300,0.734,48857600,0.735,58832900,0.736,65635200,0.737,20701900,0.738,24590800
sh513130,09:32:15,1764898339172,09:33:18,1764898338469,0.734,0.7342,-0.0272,5575.49,0.9082,4.0214,0,0,0.734,1.005,0.733,67313100,0.732,68716400,0.731,76988900,0.730,58341300,0.729,35340300,0.734,48857600,0.735,58832900,0.736,65635200,0.737,20701900,0.738,24590800
sh513130,09:32:18,1764898340172,09:33:18,1764898340009,0.734,0.7342,-0.0272,5575.49,0.9082,3.5959,265000,194508,0.734,1.0,0.733,58834400,0.732,77077200,0.731,77879000,0.730,74421200,0.729,51337100,0.734,54691800,0.735,56536600,0.736,62652600,0.737,36701700,0.738,40587600
sh513130,09:32:18,1764898341176,09:33:20,1764898340476,0.734,0.7342,-0.0272,5575.58,0.9082,2.9046,0,0,0.734,1.004,0.733,58834400,0.732,77077200,0.731,77879000,0.730,74421200,0.729,51337100,0.734,54691800,0.735,56536600,0.736,62652600,0.737,36701700,0.738,40587600
sh513130,09:32:18,1764898342176,09:33:20,1764898340476,0.734,0.7342,-0.0272,5575.58,0.9082,2.4116,0,0,0.734,1.0,0.733,58834400,0.732,77077200,0.731,77879000,0.730,74421200,0.729,51337100,0.734,54691800,0.735,56536600,0.736,62652600,0.737,36701700,0.738,40587600
sh513130,09:32:18,1764898343176,09:33:22,1764898342414,0.734,0.7342,-0.0272,5575.96,0.9082,3.9401,0,0,0.734,0.999,0.733,58834400,0.732,77077200,0.731,77879000,0.730,74421200,0.729,51337100,0.734,54691800,0.735,56536600,0.736,62652600,0.737,36701700,0.738,40587600
sh513130,09:32:21,1764898344176,09:33:22,1764898342414,0.734,0.7336,0.0545,5575.96,0.9082,4.1094,691800,507764,0.734,1.001,0.733,59193800,0.732,73024900,0.731,78757700,0.730,74470200,0.729,55724100,0.734,56236800,0.735,56393100,0.736,62653600,0.737,36717100,0.738,40587600
sh513130,09:32:21,1764898345178,09:33:24,1764898344424,0.734,0.7336,0.0545,5576.53,0.9082,3.674,0,0,0.734,1.002,0.733,59193800,0.732,73024900,0.731,78757700,0.730,74470200,0.729,55724100,0.734,56236800,0.735,56393100,0.736,62653600,0.737,36717100,0.738,40587600
sh513130,09:32:24,1764898346179,09:33:24,1764898344424,0.733,0.7336,-0.0818,5576.53,0.9082,5.7923,764700,561290,0.734,1.001,0.733,67701100,0.732,68895100,0.731,80240900,0.730,74657400,0.729,51344100,0.734,56517900,0.735,56557500,0.736,62653600,0.737,36817100,0.738,40587600
sh513130,09:32:24,1764898347181,09:33:26,1764898346534,0.733,0.7336,-0.0818,5575.97,0.9082,4.451,0,0,0.733,1.002,0.733,67701100,0.732,68895100,0.731,80240900,0.730,74657400,0.729,51344100,0.734,56517900,0.735,56557500,0.736,62653600,0.737,36817100,0.738,40587600
sh513130,09:32:24,1764898348185,09:33:26,1764898346534,0.733,0.7336,-0.0818,5575.97,0.9082,3.5851,0,0,0.733,1.004,0.733,67701100,0.732,68895100,0.731,80240900,0.730,74657400,0.729,51344100,0.734,56517900,0.735,56557500,0.736,62653600,0.737,36817100,0.738,40587600
sh513130,09:32:27,1764898349185,09:33:28,1764898348722,0.734,0.7336,0.0545,5579.7,0.9082,4.4698,397200,291493,0.7339,1.0,0.733,83895300,0.732,71285400,0.731,80250900,0.730,74853000,0.729,35347300,0.734,15086100,0.735,66054200,0.736,65651800,0.737,38596000,0.738,40587600
sh513130,09:32:27,1764898350190,09:33:28,1764898348722,0.734,0.7336,0.0545,5579.7,0.9082,4.6069,0,0,0.734,1.004,0.733,83895300,0.732,71285400,0.731,80250900,0.730,74853000,0.729,35347300,0.734,15086100,0.735,66054200,0.736,65651800,0.737,38596000,0.738,40587600
sh513130,09:32:27,1764898351189,09:33:30,1764898350862,0.734,0.7336,0.0545,5578.87,0.9082,4.0445,0,0,0.734,1.0,0.733,83895300,0.732,71285400,0.731,80250900,0.730,74853000,0.729,35347300,0.734,15086100,0.735,66054200,0.736,65651800,0.737,38596000,0.738,40587600
sh513130,09:32:27,1764898352193,09:33:30,1764898350862,0.734,0.7336,0.0545,5578.87,0.9082,4.1038,0,0,0.734,1.003,0.733,83895300,0.732,71285400,0.731,80250900,0.730,74853000,0.729,35347300,0.734,15086100,0.735,66054200,0.736,65651800,0.737,38596000,0.738,40587600
sh513130,09:32:30,1764898353192,09:33:32,1764898353028,0.734,0.7342,-0.0272,5579.57,0.9082,3.9208,1102100,808930,0.734,1.0,0.733,85555200,0.732,72204300,0.731,80340900,0.730,74858000,0.729,35279700,0.734,11753400,0.735,63904000,0.736,62653600,0.737,39131300,0.738,41165700
sh513130,09:32:30,1764898354192,09:33:32,1764898353028,0.734,0.7342,-0.0272,5579.57,0.9082,3.4391,0,0,0.734,0.999,0.733,85555200,0.732,72204300,0.731,80340900,0.730,74858000,0.729,35279700,0.734,11753400,0.735,63904000,0.736,62653600,0.737,39131300,0.738,41165700
sh513130,09:32:33,1764898355194,09:33:34,1764898354500,0.734,0.7342,-0.0272,5579.5,0.9082,2.9081,12634800,9273955,0.734,1.003,0.734,21863000,0.733,67901500,0.732,72960100,0.731,80290900,0.730,75211400,0.735,65666000,0.736,63631700,0.737,39131300,0.738,41165700,0.739,24155600
sh513130,09:32:33,1764898356196,09:33:34,1764898355201,0.734,0.7342,-0.0272,5579.5,0.9082,2.9712,0,0,0.734,1.001,0.734,21863000,0.733,67901500,0.732,72960100,0.731,80290900,0.730,75211400,0.735,65666000,0.736,63631700,0.737,39131300,0.738,41165700,0.739,24155600
sh513130,09:32:33,1764898357198,09:33:36,1764898356422,0.734,0.7342,-0.0272,5579.24,0.9082,4.2162,0,0,0.734,1.002,0.734,21863000,0.733,67901500,0.732,72960100,0.731,80290900,0.730,75211400,0.735,65666000,0.736,63631700,0.737,39131300,0.738,41165700,0.739,24155600
sh513130,09:32:33,1764898358200,09:33:36,1764898357376,0.734,0.7342,-0.0272,5579.24,0.9082,3.9409,0,0,0.734,1.002,0.734,21863000,0.733,67901500,0.732,72960100,0.731,80290900,0.730,75211400,0.735,65666000,0.736,63631700,0.737,39131300,0.738,41165700,0.739,24155600
sh513130,09:32:36,1764898359201,09:33:38,1764898358423,0.734,0.7342,-0.0272,5577.49,0.9082,5.4937,5836700,4286915,0.7345,1.002,0.733,70082900,0.732,72697500,0.731,80290900,0.730,75255800,0.729,51281500,0.734,1094900,0.735,74873800,0.736,65630500,0.737,39131300,0.738,41165700
sh513130,09:32:36,1764898360206,09:33:38,1764898359562,0.734,0.7342,-0.0272,5577.49,0.9082,5.6102,0,0,0.734,1.005,0.733,70082900,0.732,72697500,0.731,80290900,0.730,75255800,0.729,51281500,0.734,1094900,0.735,74873800,0.736,65630500,0.737,39131300,0.738,41165700
sh513130,09:32:39,1764898361208,09:33:40,1764898360474,0.733,0.7349,-0.2585,5577.48,0.9082,4.2896,1122600,823978,0.734,1.002,0.733,70110000,0.732,70772200,0.731,80291400,0.730,75215800,0.729,51281500,0.734,47441800,0.735,67903200,0.736,65640800,0.737,37352400,0.738,41168200
sh513130,09:32:39,1764898362208,09:33:40,1764898361742,0.733,0.7349,-0.2585,5577.48,0.9082,4.1007,0,0,0.733,1.001,0.733,70110000,0.732,70772200,0.731,80291400,0.730,75215800,0.729,51281500,0.734,47441800,0.735,67903200,0.736,65640800,0.737,37352400,0.738,41168200
sh513130,09:32:39,1764898363209,09:33:42,1764898362509,0.733,0.7349,-0.2585,5577.03,0.9082,3.2866,0,0,0.733,1.0,0.733,70110000,0.732,70772200,0.731,80291400,0.730,75215800,0.729,51281500,0.734,47441800,0.735,67903200,0.736,65640800,0.737,37352400,0.738,41168200
sh513130,09:32:39,1764898364209,09:33:42,1764898363930,0.733,0.7349,-0.2585,5577.03,0.9082,1.8068,0,0,0.733,1.0,0.733,70110000,0.732,70772200,0.731,80291400,0.730,75215800,0.729,51281500,0.734,47441800,0.735,67903200,0.736,65640800,0.737,37352400,0.738,41168200
sh513130,09:32:42,1764898365213,09:33:44,1764898364476,0.734,0.7349,-0.1225,5576.95,0.9082,1.586,663700,486789,0.7334,1.004,0.733,70066100,0.732,71666600,0.731,80357600,0.730,75116900,0.729,51288800,0.734,55647200,0.735,65821600,0.736,62642600,0.737,37352400,0.738,41168200
sh513130,09:32:42,1764898366212,09:33:44,1764898366098,0.734,0.7349,-0.1225,5576.95,0.9082,3.4226,0,0,0.734,0.999,0.733,70066100,0.732,71666600,0.731,80357600,0.730,75116900,0.729,51288800,0.734,55647200,0.735,65821600,0.736,62642600,0.737,37352400,0.738,41168200
sh513130,09:32:45,1764898367214,09:33:46,1764898366500,0.734,0.7349,-0.1225,5576.43,0.9082,3.5088,164800,120950,0.7339,1.002,0.733,71150800,0.732,72542900,0.731,80420600,0.730,75116900,0.729,51082700,0.734,56625200,0.735,65846600,0.736,62737600,0.737,37352400,0.738,41168200
sh513130,09:32:45,1764898368216,09:33:46,1764898366500,0.734,0.7349,-0.1225,5576.43,0.9082,2.944,0,0,0.734,1.002,0.733,71150800,0.732,72542900,0.731,80420600,0.730,75116900,0.729,51082700,0.734,56625200,0.735,65846600,0.736,62737600,0.737,37352400,0.738,41168200
sh513130,09:32:45,1764898369217,09:33:48,1764898368457,0.734,0.7349,-0.1225,5576.21,0.9082,2.5087,0,0,0.734,1.001,0.733,71150800,0.732,72542900,0.731,80420600,0.730,75116900,0.729,51082700,0.734,56625200,0.735,65846600,0.736,62737600,0.737,37352400,0.738,41168200
sh513130,09:32:48,1764898370215,09:33:48,1764898368457,0.734,0.7349,-0.1225,5576.21,0.9082,2.661,134900,99016,0.734,0.999,0.733,71655700,0.732,71456200,0.731,80820600,0.730,75136000,0.729,50976500,0.734,55280000,0.735,68148300,0.736,63461300,0.737,37404400,0.738,41325400
sh513130,09:32:48,1764898371224,09:33:48,1764898370433,0.734,0.7349,-0.1225,5576.21,0.9082,2.4378,0,0,0.734,1.008,0.733,71655700,0.732,71456200,0.731,80820600,0.730,75136000,0.729,50976500,0.734,55280000,0.735,68148300,0.736,63461300,0.737,37404400,0.738,41325400
sh513130,09:32:48,1764898372222,09:33:50,1764898371793,0.734,0.7349,-0.1225,5576.92,0.9082,3.313,0,0,0.734,0.998,0.733,71655700,0.732,71456200,0.731,80820600,0.730,75136000,0.729,50976500,0.734,55280000,0.735,68148300,0.736,63461300,0.737,37404400,0.738,41325400
sh513130,09:32:51,1764898373225,09:33:52,1764898372605,0.734,0.7349,-0.1225,5576.21,0.9082,3.8947,191800,140776,0.734,1.003,0.733,63528800,0.732,80798100,0.731,80828100,0.730,75266900,0.729,50998500,0.734,56035800,0.735,68120300,0.736,63525300,0.737,37404400,0.738,41345400
sh513130,09:32:51,1764898374225,09:33:52,1764898372605,0.734,0.7349,-0.1225,5576.21,0.9082,3.7189,0,0,0.734,1.0,0.733,63528800,0.732,80798100,0.731,80828100,0.730,75266900,0.729,50998500,0.734,56035800,0.735,68120300,0.736,63525300,0.737,37404400,0.738,41345400
sh513130,09:32:51,1764898375225,09:33:54,1764898374785,0.734,0.7349,-0.1225,5575.25,0.9082,3.2441,0,0,0.734,1.0,0.733,63528800,0.732,80798100,0.731,80828100,0.730,75266900,0.729,50998500,0.734,56035800,0.735,68120300,0.736,63525300,0.737,37404400,0.738,41345400
sh513130,09:32:51,1764898376227,09:33:54,1764898374785,0.734,0.7349,-0.1225,5575.25,0.9082,2.1304,0,0,0.734,1.002,0.733,63528800,0.732,80798100,0.731,80828100,0.730,75266900,0.729,50998500,0.734,56035800,0.735,68120300,0.736,63525300,0.737,37404400,0.738,41345400
sh513130,09:32:54,1764898377229,09:33:56,1764898376947,0.734,0.7342,-0.0272,5572.48,0.9082,2.3945,1105600,811010,0.7335,1.002,0.733,60240900,0.732,79701800,0.731,82161400,0.730,77284000,0.729,53048500,0.734,72060300,0.735,71939100,0.736,67525300,0.737,41404400,0.738,25476600
sh513130,09:32:54,1764898378231,09:33:56,1764898376947,0.734,0.7342,-0.0272,5572.48,0.9082,2.2302,0,0,0.734,1.002,0.733,60240900,0.732,79701800,0.731,82161400,0.730,77284000,0.729,53048500,0.734,72060300,0.735,71939100,0.736,67525300,0.737,41404400,0.738,25476600
sh513130,09:32:57,1764898379232,09:33:58,1764898379126,0.733,0.7342,-0.1634,5572.1,0.9082,4.6629,46438600,34039823,0.733,1.001,0.732,57819300,0.731,103964900,0.730,78344800,0.729,60449500,0.728,51848300,0.733,14562700,0.734,74957100,0.735,70122400,0.736,47534300,0.737,37250300
sh513130,09:32:57,1764898380235,09:33:58,1764898379126,0.733,0.7342,-0.1634,5572.1,0.9082,4.3485,0,0,0.733,1.002,0.732,57819300,0.731,103964900,0.730,78344800,0.729,60449500,0.728,51848300,0.733,14562700,0.734,74957100,0.735,70122400,0.736,47534300,0.737,37250300
sh513130,09:32:57,1764898381239,09:34:00,1764898380494,0.733,0.7342,-0.1634,5572.17,0.9082,3.99,0,0,0.733,1.004,0.732,57819300,0.731,103964900,0.730,78344800,0.729,60449500,0.728,51848300,0.733,14562700,0.734,74957100,0.735,70122400,0.736,47534300,0.737,37250300
sh513130,09:33:00,1764898382241,09:34:00,1764898381273,0.733,0.7335,-0.0682,5572.17,0.9082,5.2803,12192300,8936956,0.733,1.002,0.732,57837100,0.731,104086100,0.730,78784200,0.729,60554500,0.728,51848300,0.733,306500,0.734,75315000,0.735,69574600,0.736,47134300,0.737,37329300
sh513130,09:33:00,1764898383241,09:34:02,1764898382480,0.733,0.7335,-0.0682,5571.17,0.9082,5.0255,0,0,0.733,1.001,0.732,57837100,0.731,104086100,0.730,78784200,0.729,60554500,0.728,51848300,0.733,306500,0.734,75315000,0.735,69574600,0.736,47134300,0.737,37329300
sh513130,09:33:03,1764898384242,09:34:02,1764898383724,0.733,0.7335,-0.0682,5571.17,0.9082,4.2962,5147100,3774424,0.7333,1.0,0.733,23430900,0.732,57832100,0.731,97112100,0.730,78784200,0.729,60554500,0.734,78008400,0.735,67813500,0.736,46495400,0.737,37329300,0.738,25810200
sh513130,09:33:00,1764898385242,09:34:04,1764898384474,0.733,0.7335,-0.0682,5571.39,0.9082,3.3975,-5147100,-3774424,0.733,1.0,0.732,57837100,0.731,104086100,0.730,78784200,0.729,60554500,0.728,51848300,0.733,306500,0.734,75315000,0.735,69574600,0.736,47134300,0.737,37329300
sh513130,09:33:03,1764898386247,09:34:04,1764898385643,0.733,0.7335,-0.0682,5571.39,0.9082,3.7688,5147100,3774424,0.7333,1.005,0.733,23430900,0.732,57832100,0.731,97112100,0.730,78784200,0.729,60554500,0.734,78008400,0.735,67813500,0.736,46495400,0.737,37329300,0.738,25810200
sh513130,09:33:03,1764898387246,09:34:06,1764898386456,0.733,0.7335,-0.0682,5571.62,0.9082,4.4422,0,0,0.733,1.0,0.733,23430900,0.732,57832100,0.731,97112100,0.730,78784200,0.729,60554500,0.734,78008400,0.735,67813500,0.736,46495400,0.737,37329300,0.738,25810200
sh513130,09:33:06,1764898388248,09:34:06,1764898387841,0.733,0.7335,-0.0682,5571.62,0.9082,3.9939,5490000,4024155,0.733,1.002,0.733,4006600,0.732,58034400,0.731,97112100,0.730,78794500,0.729,60554900,0.734,80194500,0.735,67892900,0.736,46495400,0.737,37329300,0.738,25811200
sh513130,09:33:06,1764898389249,09:34:08,1764898388434,0.733,0.7335,-0.0682,5571.29,0.9082,3.5632,0,0,0.733,1.001,0.733,4006600,0.732,58034400,0.731,97112100,0.730,78794500,0.729,60554900,0.734,80194500,0.735,67892900,0.736,46495400,0.737,37329300,0.738,25811200
sh513130,09:33:06,1764898390250,09:34:08,1764898389999,0.733,0.7335,-0.0682,5571.29,0.9082,3.9772,0,0,0.733,1.001,0.733,4006600,0.732,58034400,0.731,97112100,0.730,78794500,0.729,60554900,0.734,80194500,0.735,67892900,0.736,46495400,0.737,37329300,0.738,25811200
sh513130,09:33:06,1764898391256,09:34:10,1764898390469,0.733,0.7335,-0.0682,5571.88,0.9082,4.6067,0,0,0.733,1.005,0.733,4006600,0.732,58034400,0.731,97112100,0.730,78794500,0.729,60554900,0.734,80194500,0.735,67892900,0.736,46495400,0.737,37329300,0.738,25811200
sh513130,09:33:09,1764898392254,09:34:10,1764898392176,0.733,0.7335,-0.0682,5571.88,0.9082,4.4033,4514100,3308836,0.733,0.998,0.733,39150100,0.732,79158500,0.731,98997000,0.730,78749200,0.729,55569900,0.734,66030400,0.735,67914100,0.736,46495400,0.737,37329300,0.738,41827300
sh513130,09:33:09,1764898393258,09:34:12,1764898392451,0.733,0.7335,-0.0682,5571.81,0.9082,4.2034,0,0,0.733,1.004,0.733,39150100,0.732,79158500,0.731,98997000,0.730,78749200,0.729,55569900,0.734,66030400,0.735,67914100,0.736,46495400,0.737,37329300,0.738,41827300
sh513130,09:33:09,1764898394258,09:34:12,1764898392451,0.733,0.7335,-0.0682,5571.81,0.9082,4.3049,0,0,0.733,1.001,0.733,39150100,0.732,79158500,0.731,98997000,0.730,78749200,0.729,55569900,0.734,66030400,0.735,67914100,0.736,46495400,0.737,37329300,0.738,41827300
sh513130,09:33:12,1764898395258,09:34:14,1764898394542,0.733,0.7335,-0.0682,5571.68,0.9082,4.1155,12365900,9064217,0.733,1.0,0.732,76118500,0.731,98792500,0.730,79162200,0.729,58600500,0.728,35851600,0.733,110000,0.734,85055800,0.735,68122800,0.736,46495400,0.737,37329200
sh513130,09:33:12,1764898396260,09:34:14,1764898394542,0.733,0.7335,-0.0682,5571.68,0.9082,7.6984,0,0,0.733,1.002,0.732,76118500,0.731,98792500,0.730,79162200,0.729,58600500,0.728,35851600,0.733,110000,0.734,85055800,0.735,68122800,0.736,46495400,0.737,37329200
sh513130,09:33:12,1764898397259,09:34:16,1764898396595,0.733,0.7335,-0.0682,5571.68,0.9082,6.2813,0,0,0.733,0.999,0.732,76118500,0.731,98792500,0.730,79162200,0.729,58600500,0.728,35851600,0.733,110000,0.734,85055800,0.735,68122800,0.736,46495400,0.737,37329200
sh513130,09:33:15,1764898398264,09:34:16,1764898396595,0.734,0.7333,0.0955,5571.68,0.9082,5.5937,1657500,1215201,0.7332,1.005,0.733,19240800,0.732,80583600,0.731,99664200,0.730,79162200,0.729,54227500,0.734,85646100,0.735,68157500,0.736,46095400,0.737,37329200,0.738,25830500
sh513130,09:33:15,1764898399264,09:34:18,1764898398774,0.734,0.7333,0.0955,5571.15,0.9082,5.0071,0,0,0.734,0.999,0.733,19240800,0.732,80583600,0.731,99664200,0.730,79162200,0.729,54227500,0.734,85646100,0.735,68157500,0.736,46095400,0.737,37329200,0.738,25830500
sh513130,09:33:18,1764898400267,09:34:18,1764898398774,0.733,0.7333,-0.0409,5571.15,0.9082,4.1747,204900,150192,0.733,1.003,0.733,282800,0.732,68476100,0.731,100535100,0.730,78762200,0.729,51392600,0.734,85859900,0.735,67804800,0.736,46583300,0.737,37579200,0.738,25830500
sh513130,09:33:18,1764898401267,09:34:20,1764898400888,0.733,0.7333,-0.0409,5571.24,0.9082,5.3118,0,0,0.733,1.001,0.733,282800,0.732,68476100,0.731,100535100,0.730,78762200,0.729,51392600,0.734,85859900,0.735,67804800,0.736,46583300,0.737,37579200,0.738,25830500
sh513130,09:33:21,1764898402271,09:34:20,1764898400888,0.734,0.7333,0.0955,5571.24,0.9082,6.0475,640300,469357,0.733,1.004,0.733,25012200,0.732,82132900,0.731,101442400,0.730,78812500,0.729,54392600,0.734,86543600,0.735,67809400,0.736,46623300,0.737,37649000,0.738,25830500
sh513130,09:33:18,1764898403272,09:34:22,1764898403050,0.733,0.7333,-0.0409,5570.32,0.9082,7.6569,-640300,-469357,0.733,1.001,0.733,282800,0.732,68476100,0.731,100535100,0.730,78762200,0.729,51392600,0.734,85859900,0.735,67804800,0.736,46583300,0.737,37579200,0.738,25830500
sh513130,09:33:21,1764898404272,09:34:22,1764898403050,0.734,0.7333,0.0955,5570.32,0.9082,7.1288,640300,469357,0.733,1.0,0.733,25012200,0.732,82132900,0.731,101442400,0.730,78812500,0.729,54392600,0.734,86543600,0.735,67809400,0.736,46623300,0.737,37649000,0.738,25830500
sh513130,09:33:24,1764898405274,09:34:24,1764898405219,0.733,0.7333,-0.0409,5570.9,0.9082,6.3189,242300,177612,0.733,1.002,0.733,34418600,0.732,84448600,0.731,102557800,0.730,78850200,0.729,51400600,0.734,88068400,0.735,67779400,0.736,46593300,0.737,37609000,0.738,25830500
sh513130,09:33:24,1764898406275,09:34:24,1764898405219,0.733,0.7333,-0.0409,5570.9,0.9082,5.2882,0,0,0.733,1.001,0.733,34418600,0.732,84448600,0.731,102557800,0.730,78850200,0.729,51400600,0.734,88068400,0.735,67779400,0.736,46593300,0.737,37609000,0.738,25830500
sh513130,09:33:24,1764898407275,09:34:26,1764898406499,0.733,0.7333,-0.0409,5572.4,0.9082,4.47,0,0,0.733,1.0,0.733,34418600,0.732,84448600,0.731,102557800,0.730,78850200,0.729,51400600,0.734,88068400,0.735,67779400,0.736,46593300,0.737,37609000,0.738,25830500
sh513130,09:33:24,1764898408279,09:34:26,1764898407371,0.733,0.7333,-0.0409,5572.4,0.9082,3.6446,0,0,0.733,1.004,0.733,34418600,0.732,84448600,0.731,102557800,0.730,78850200,0.729,51400600,0.734,88068400,0.735,67779400,0.736,46593300,0.737,37609000,0.738,25830500
sh513130,09:33:24,1764898409298,09:34:28,1764898408524,0.733,0.7333,-0.0409,5571.15,0.9082,3.0264,0,0,0.733,1.019,0.733,34418600,0.732,84448600,0.731,102557800,0.730,78850200,0.729,51400600,0.734,88068400,0.735,67779400,0.736,46593300,0.737,37609000,0.738,25830500
sh513130,09:33:27,1764898410278,09:34:28,1764898409529,0.734,0.7333,0.0955,5571.15,0.9082,3.2906,719800,528302,0.734,0.98,0.733,22196300,0.732,84324600,0.731,102564100,0.730,78841400,0.729,51385500,0.734,88618600,0.735,67820400,0.736,46593300,0.737,37920000,0.738,25830500
sh513130,09:33:27,1764898411281,09:34:30,1764898410457,0.734,0.7333,0.0955,5570.37,0.9082,2.7093,0,0,0.734,1.003,0.733,22196300,0.732,84324600,0.731,102564100,0.730,78841400,0.729,51385500,0.734,88618600,0.735,67820400,0.736,46593300,0.737,37920000,0.738,25830500
sh513130,09:33:27,1764898412282,09:34:30,1764898411697,0.734,0.7333,0.0955,5570.37,0.9082,3.4303,0,0,0.734,1.001,0.733,22196300,0.732,84324600,0.731,102564100,0.730,78841400,0.729,51385500,0.734,88618600,0.735,67820400,0.736,46593300,0.737,37920000,0.738,25830500
sh513130,09:33:30,1764898413286,09:34:32,1764898412508,0.733,0.7333,-0.0409,5568.63,0.9082,3.0449,1893100,1387643,0.733,1.004,0.732,60939800,0.731,96424800,0.730,79208700,0.729,58865500,0.728,52447600,0.733,57342100,0.734,87885300,0.735,64822200,0.736,35837300,0.737,21933200
sh513130,09:33:30,1764898414288,09:34:32,1764898413911,0.733,0.7333,-0.0409,5568.63,0.9082,2.9298,0,0,0.733,1.002,0.732,60939800,0.731,96424800,0.730,79208700,0.729,58865500,0.728,52447600,0.733,57342100,0.734,87885300,0.735,64822200,0.736,35837300,0.737,21933200
sh513130,09:33:30,1764898415285,09:34:34,1764898414420,0.733,0.7333,-0.0409,5568.6,0.9082,3.0144,0,0,0.733,0.998,0.732,60939800,0.731,96424800,0.730,79208700,0.729,58865500,0.728,52447600,0.733,57342100,0.734,87885300,0.735,64822200,0.736,35837300,0.737,21933200
sh513130,09:33:33,1764898416287,09:34:34,1764898416042,0.733,0.7333,-0.0409,5568.6,0.9082,3.0475,225100,164998,0.733,1.002,0.732,61205200,0.731,96726800,0.730,80121300,0.729,58868300,0.728,52462100,0.733,64095200,0.734,86737100,0.735,64777500,0.736,35437300,0.737,21933200
sh513130,09:33:33,1764898417292,09:34:36,1764898416490,0.733,0.7333,-0.0409,5569.59,0.9082,2.0327,0,0,0.733,1.005,0.732,61205200,0.731,96726800,0.730,80121300,0.729,58868300,0.728,52462100,0.733,64095200,0.734,86737100,0.735,64777500,0.736,35437300,0.737,21933200
sh513130,09:33:33,1764898418292,09:34:36,1764898418218,0.733,0.7333,-0.0409,5569.59,0.9082,2.6375,0,0,0.733,1.0,0.732,61205200,0.731,96726800,0.730,80121300,0.729,58868300,0.728,52462100,0.733,64095200,0.734,86737100,0.735,64777500,0.736,35437300,0.737,21933200
sh513130,09:33:36,1764898419290,09:34:38,1764898418489,0.733,0.7326,0.0546,5568.9,0.9082,2.5114,764400,560290,0.733,0.998,0.732,62436800,0.731,96726800,0.730,81020400,0.729,58868300,0.728,52482100,0.733,57975900,0.734,86567300,0.735,64809700,0.736,44886900,0.737,21933200
sh513130,09:33:36,1764898420296,09:34:38,1764898418489,0.733,0.7326,0.0546,5568.9,0.9082,3.5928,0,0,0.733,1.005,0.732,62436800,0.731,96726800,0.730,81020400,0.729,58868300,0.728,52482100,0.733,57975900,0.734,86567300,0.735,64809700,0.736,44886900,0.737,21933200
sh513130,09:33:39,1764898421296,09:34:40,1764898420457,0.733,0.7326,0.0546,5568.5,0.9082,2.5455,130800,95863,0.7329,1.001,0.732,62429200,0.731,96763200,0.730,81965000,0.729,58873300,0.728,52482100,0.733,72570800,0.734,79673500,0.735,64968500,0.736,35730200,0.737,21961000
sh513130,09:33:39,1764898422298,09:34:40,1764898420457,0.733,0.7326,0.0546,5568.5,0.9082,2.1668,0,0,0.733,1.002,0.732,62429200,0.731,96763200,0.730,81965000,0.729,58873300,0.728,52482100,0.733,72570800,0.734,79673500,0.735,64968500,0.736,35730200,0.737,21961000
sh513130,09:33:39,1764898423299,09:34:42,1764898422582,0.733,0.7326,0.0546,5568.3,0.9082,2.0556,0,0,0.733,1.001,0.732,62429200,0.731,96763200,0.730,81965000,0.729,58873300,0.728,52482100,0.733,72570800,0.734,79673500,0.735,64968500,0.736,35730200,0.737,21961000
sh513130,09:33:39,1764898424301,09:34:42,1764898422582,0.733,0.7326,0.0546,5568.3,0.9082,1.5439,0,0,0.733,1.002,0.732,62429200,0.731,96763200,0.730,81965000,0.729,58873300,0.728,52482100,0.733,72570800,0.734,79673500,0.735,64968500,0.736,35730200,0.737,21961000
sh513130,09:33:42,1764898425303,09:34:44,1764898424745,0.733,0.7326,0.0546,5568.02,0.9082,2.5588,142000,104079,0.733,1.002,0.732,62719000,0.731,96793200,0.730,81919100,0.729,58923300,0.728,52483600,0.733,77245200,0.734,79623000,0.735,64968500,0.736,32480200,0.737,21976500
sh513130,09:33:42,1764898426306,09:34:44,1764898424745,0.733,0.7326,0.0546,5568.02,0.9082,2.3383,0,0,0.733,1.004,0.732,62719000,0.731,96793200,0.730,81919100,0.729,58923300,0.728,52483600,0.733,77245200,0.734,79623000,0.735,64968500,0.736,32480200,0.737,21976500
sh513130,09:33:45,1764898427307,09:34:46,1764898426906,0.733,0.7327,0.0409,5567.2,0.9082,1.8564,188600,138157,0.7325,1.001,0.732,62614900,0.731,97328200,0.730,83843200,0.729,58933300,0.728,52483600,0.733,78305800,0.734,79868400,0.735,64991500,0.736,32480200,0.737,21983000
sh513130,09:33:45,1764898428308,09:34:46,1764898426906,0.733,0.7327,0.0409,5567.2,0.9082,1.6933,0,0,0.733,1.001,0.732,62614900,0.731,97328200,0.730,83843200,0.729,58933300,0.728,52483600,0.733,78305800,0.734,79868400,0.735,64991500,0.736,32480200,0.737,21983000
sh513130,09:33:45,1764898429383,09:34:48,1764898429082,0.733,0.7327,0.0409,5567.36,0.9082,4.8303,0,0,0.733,1.075,0.732,62614900,0.731,97328200,0.730,83843200,0.729,58933300,0.728,52483600,0.733,78305800,0.734,79868400,0.735,64991500,0.736,32480200,0.737,21983000
sh513130,09:33:48,1764898430311,09:34:48,1764898429082,0.733,0.7327,0.0409,5567.36,0.9082,3.8384,169200,124024,0.733,0.928,0.732,63224300,0.731,97392700,0.730,84716300,0.729,58933300,0.728,52582000,0.733,79197500,0.734,78133800,0.735,64992900,0.736,32480200,0.737,21983900
sh513130,09:33:48,1764898431313,09:34:50,1764898431263,0.733,0.7327,0.0409,5567.76,0.9082,3.5039,0,0,0.733,1.002,0.732,63224300,0.731,97392700,0.730,84716300,0.729,58933300,0.728,52582000,0.733,79197500,0.734,78133800,0.735,64992900,0.736,32480200,0.737,21983900
sh513130,09:33:48,1764898432312,09:34:50,1764898431263,0.733,0.7327,0.0409,5567.76,0.9082,2.7541,0,0,0.733,0.998,0.732,63224300,0.731,97392700,0.730,84716300,0.729,58933300,0.728,52582000,0.733,79197500,0.734,78133800,0.735,64992900,0.736,32480200,0.737,21983900
sh513130,09:33:51,1764898433315,09:34:52,1764898432461,0.732,0.7327,-0.0955,5567.54,0.9082,2.3522,142700,104478,0.7322,1.003,0.732,63146500,0.731,97395000,0.730,84716300,0.729,59262800,0.728,52597000,0.733,70035900,0.734,89763800,0.735,65166400,0.736,32536200,0.737,21983900
sh513130,09:33:51,1764898434318,09:34:52,1764898433441,0.732,0.7327,-0.0955,5567.54,0.9082,2.0916,0,0,0.732,1.003,0.732,63146500,0.731,97395000,0.730,84716300,0.729,59262800,0.728,52597000,0.733,70035900,0.734,89763800,0.735,65166400,0.736,32536200,0.737,21983900
sh513130,09:33:51,1764898435317,09:34:54,1764898434454,0.732,0.7327,-0.0955,5567.49,0.9082,2.9657,0,0,0.732,0.999,0.732,63146500,0.731,97395000,0.730,84716300,0.729,59262800,0.728,52597000,0.733,70035900,0.734,89763800,0.735,65166400,0.736,32536200,0.737,21983900
sh513130,09:33:54,1764898436318,09:34:54,1764898435624,0.732,0.7327,-0.0955,5567.49,0.9082,2.8792,319000,233736,0.7327,1.001,0.732,63573100,0.731,97474000,0.730,85693800,0.729,59262800,0.728,52625900,0.733,71960000,0.734,89115100,0.735,65266400,0.736,32519800,0.737,22335400
sh513130,09:33:54,1764898437323,09:34:56,1764898436444,0.732,0.7327,-0.0955,5568.08,0.9082,2.9505,0,0,0.732,1.005,0.732,63573100,0.731,97474000,0.730,85693800,0.729,59262800,0.728,52625900,0.733,71960000,0.734,89115100,0.735,65266400,0.736,32519800,0.737,22335400
sh513130,09:33:54,1764898438324,09:34:56,1764898437793,0.732,0.7327,-0.0955,5568.08,0.9082,2.4381,0,0,0.732,1.001,0.732,63573100,0.731,97474000,0.730,85693800,0.729,59262800,0.728,52625900,0.733,71960000,0.734,89115100,0.735,65266400,0.736,32519800,0.737,22335400
sh513130,09:33:57,1764898439324,09:34:58,1764898438794,0.733,0.7327,0.0409,5567.82,0.9082,3.3585,15200,11132,0.7324,1.0,0.732,63635800,0.731,97584100,0.730,86759900,0.729,59315300,0.728,52821200,0.733,72943600,0.734,88901300,0.735,65266400,0.736,32599800,0.737,22271600
sh513130,09:33:57,1764898440324,09:34:58,1764898439987,0.733,0.7327,0.0409,5567.82,0.9082,3.0773,0,0,0.733,1.0,0.732,63635800,0.731,97584100,0.730,86759900,0.729,59315300,0.728,52821200,0.733,72943600,0.734,88901300,0.735,65266400,0.736,32599800,0.737,22271600
sh513130,09:33:57,1764898441327,09:35:00,1764898440468,0.733,0.7327,0.0409,5568.32,0.9082,3.7213,0,0,0.733,1.003,0.732,63635800,0.731,97584100,0.730,86759900,0.729,59315300,0.728,52821200,0.733,72943600,0.734,88901300,0.735,65266400,0.736,32599800,0.737,22271600
sh513130,09:34:00,1764898442329,09:35:00,1764898442124,0.732,0.7327,-0.0955,5568.32,0.9082,3.0066,215100,157522,0.7323,1.002,0.732,63569400,0.731,97669100,0.730,87142100,0.729,59316600,0.728,52829800,0.733,45162600,0.734,88820900,0.735,65466400,0.736,41855800,0.737,22272600
sh513130,09:34:00,1764898443331,09:35:02,1764898442512,0.732,0.7327,-0.0955,5567.96,0.9082,2.5821,0,0,0.732,1.003,0.732,63569400,0.731,97669100,0.730,87142100,0.729,59316600,0.728,52829800,0.733,45162600,0.734,88820900,0.735,65466400,0.736,41855800,0.737,22272600
sh513130,09:34:00,1764898444331,09:35:02,1764898444293,0.732,0.7327,-0.0955,5567.96,0.9082,2.8205,0,0,0.732,0.999,0.732,63569400,0.731,97669100,0.730,87142100,0.729,59316600,0.728,52829800,0.733,45162600,0.734,88820900,0.735,65466400,0.736,41855800,0.737,22272600
sh513130,09:34:03,1764898445334,09:35:04,1764898444527,0.733,0.7327,0.0409,5568.27,0.9082,3.5002,1159900,849107,0.7321,1.003,0.732,62937300,0.731,97675100,0.730,87050700,0.729,60202600,0.728,52831200,0.733,78141500,0.734,79895900,0.735,65401600,0.736,32989800,0.737,22272600
sh513130,09:34:03,1764898446336,09:35:04,1764898444527,0.733,0.7327,0.0409,5568.27,0.9082,2.8921,0,0,0.733,1.002,0.732,62937300,0.731,97675100,0.730,87050700,0.729,60202600,0.728,52831200,0.733,78141500,0.734,79895900,0.735,65401600,0.736,32989800,0.737,22272600
sh513130,09:34:03,1764898447338,09:35:06,1764898446584,0.733,0.7327,0.0409,5568.18,0.9082,4.3273,0,0,0.733,1.003,0.732,62937300,0.731,97675100,0.730,87050700,0.729,60202600,0.728,52831200,0.733,78141500,0.734,79895900,0.735,65401600,0.736,32989800,0.737,22272600
sh513130,09:34:06,1764898448340,09:35:06,1764898446584,0.732,0.7327,-0.0955,5568.18,0.9082,5.5693,93900,68746,0.7321,1.002,0.732,62884700,0.731,97696400,0.730,87082800,0.729,61868000,0.728,52831200,0.733,79483800,0.734,84802800,0.735,70401600,0.736,37025800,0.737,22272600
sh513130,09:34:06,1764898449341,09:35:08,1764898448655,0.732,0.7327,-0.0955,5569.18,0.9082,5.3488,0,0,0.732,1.0,0.732,62884700,0.731,97696400,0.730,87082800,0.729,61868000,0.728,52831200,0.733,79483800,0.734,84802800,0.735,70401600,0.736,37025800,0.737,22272600
sh513130,09:34:06,1764898450341,09:35:08,1764898448655,0.732,0.7327,-0.0955,5569.18,0.9082,4.0512,0,0,0.732,1.0,0.732,62884700,0.731,97696400,0.730,87082800,0.729,61868000,0.728,52831200,0.733,79483800,0.734,84802800,0.735,70401600,0.736,37025800,0.737,22272600
sh513130,09:34:06,1764898451340,09:35:10,1764898450822,0.732,0.7327,-0.0955,5568.62,0.9082,3.5725,0,0,0.732,0.999,0.732,62884700,0.731,97696400,0.730,87082800,0.729,61868000,0.728,52831200,0.733,79483800,0.734,84802800,0.735,70401600,0.736,37025800,0.737,22272600
sh513130,09:34:09,1764898452345,09:35:10,1764898450822,0.733,0.7327,0.0409,5568.62,0.9082,3.8488,474600,347486,0.7322,1.005,0.732,68827800,0.731,97645100,0.730,87513800,0.729,58363200,0.728,52833200,0.733,68655200,0.734,92752800,0.735,70601600,0.736,42281800,0.737,22297500
sh513130,09:34:09,1764898453345,09:35:12,1764898452991,0.733,0.7327,0.0409,5570.52,0.9082,3.6746,0,0,0.733,1.0,0.732,68827800,0.731,97645100,0.730,87513800,0.729,58363200,0.728,52833200,0.733,68655200,0.734,92752800,0.735,70601600,0.736,42281800,0.737,22297500
sh513130,09:34:12,1764898454347,09:35:12,1764898452991,0.733,0.7327,0.0409,5570.52,0.9082,6.7426,121000,88593,0.7322,1.002,0.732,72118600,0.731,98761300,0.730,87581900,0.729,51874300,0.728,52834200,0.733,31208400,0.734,92761300,0.735,70611800,0.736,42301800,0.737,38294300
sh513130,09:34:12,1764898455348,09:35:14,1764898455167,0.733,0.7327,0.0409,5572.12,0.9082,6.4808,0,0,0.733,1.001,0.732,72118600,0.731,98761300,0.730,87581900,0.729,51874300,0.728,52834200,0.733,31208400,0.734,92761300,0.735,70611800,0.736,42301800,0.737,38294300
sh513130,09:34:12,1764898456350,09:35:14,1764898455167,0.733,0.7327,0.0409,5572.12,0.9082,8.0778,0,0,0.733,1.002,0.732,72118600,0.731,98761300,0.730,87581900,0.729,51874300,0.728,52834200,0.733,31208400,0.734,92761300,0.735,70611800,0.736,42301800,0.737,38294300
sh513130,09:34:15,1764898457350,09:35:16,1764898457328,0.733,0.7326,0.0546,5574.05,0.9082,7.685,23782500,17432376,0.733,1.0,0.733,51084300,0.732,81146000,0.731,100677000,0.730,85012600,0.729,51874300,0.734,96323900,0.735,73595900,0.736,47706900,0.737,38294300,0.738,26210100
sh513130,09:34:15,1764898458356,09:35:16,1764898457328,0.733,0.7326,0.0546,5574.05,0.9082,6.306,0,0,0.733,1.006,0.733,51084300,0.732,81146000,0.731,100677000,0.730,85012600,0.729,51874300,0.734,96323900,0.735,73595900,0.736,47706900,0.737,38294300,0.738,26210100
sh513130,09:34:15,1764898459354,09:35:18,1764898458527,0.733,0.7326,0.0546,5573.39,0.9082,5.8826,0,0,0.733,0.998,0.733,51084300,0.732,81146000,0.731,100677000,0.730,85012600,0.729,51874300,0.734,96323900,0.735,73595900,0.736,47706900,0.737,38294300,0.738,26210100
sh513130,09:34:18,1764898460357,09:35:18,1764898459501,0.733,0.7326,0.0546,5573.39,0.9082,5.3419,1191500,873438,0.7331,1.003,0.733,44527700,0.732,81113800,0.731,101585000,0.730,86667600,0.729,51959900,0.734,96720400,0.735,73737700,0.736,47706900,0.737,38294300,0.738,26610100
sh513130,09:34:18,1764898461356,09:35:20,1764898460483,0.733,0.7326,0.0546,5571.64,0.9082,4.4053,0,0,0.733,0.999,0.733,44527700,0.732,81113800,0.731,101585000,0.730,86667600,0.729,51959900,0.734,96720400,0.735,73737700,0.736,47706900,0.737,38294300,0.738,26610100
sh513130,09:34:21,1764898462371,09:35:20,1764898461679,0.733,0.7333,-0.0409,5571.64,0.9082,4.5323,22226300,16291742,0.733,1.015,0.732,63789700,0.731,101380700,0.730,88125600,0.729,51959900,0.728,36861900,0.733,36390400,0.734,95967700,0.735,70739500,0.736,47706900,0.737,38294300
sh513130,09:34:21,1764898463360,09:35:22,1764898462516,0.733,0.7333,-0.0409,5571.27,0.9082,6.45,0,0,0.733,0.989,0.732,63789700,0.731,101380700,0.730,88125600,0.729,51959900,0.728,36861900,0.733,36390400,0.734,95967700,0.735,70739500,0.736,47706900,0.737,38294300
sh513130,09:34:21,1764898464361,09:35:22,1764898463853,0.733,0.7333,-0.0409,5571.27,0.9082,5.6975,0,0,0.733,1.001,0.732,63789700,0.731,101380700,0.730,88125600,0.729,51959900,0.728,36861900,0.733,36390400,0.734,95967700,0.735,70739500,0.736,47706900,0.737,38294300
sh513130,09:34:21,1764898465362,09:35:24,1764898464888,0.733,0.7333,-0.0409,5571.34,0.9082,4.5118,0,0,0.733,1.001,0.732,63789700,0.731,101380700,0.730,88125600,0.729,51959900,0.728,36861900,0.733,36390400,0.734,95967700,0.735,70739500,0.736,47706900,0.737,38294300
sh513130,09:34:21,1764898466364,09:35:24,1764898466021,0.733,0.7333,-0.0409,5571.34,0.9082,4.3192,0,0,0.733,1.001,0.732,63789700,0.731,101380700,0.730,88125600,0.729,51959900,0.728,36861900,0.733,36390400,0.734,95967700,0.735,70739500,0.736,47706900,0.737,38294300
sh513130,09:34:24,1764898467362,09:35:26,1764898466512,0.733,0.7333,-0.0409,5571.05,0.9082,4.0801,444900,326108,0.733,0.998,0.732,71741300,0.731,102750500,0.730,88250700,0.729,52024900,0.728,52958700,0.733,45917000,0.734,95320200,0.735,70759500,0.736,42306900,0.737,38294300
sh513130,09:34:24,1764898468366,09:35:26,1764898468188,0.733,0.7333,-0.0409,5571.05,0.9082,3.4115,0,0,0.733,1.004,0.732,71741300,0.731,102750500,0.730,88250700,0.729,52024900,0.728,52958700,0.733,45917000,0.734,95320200,0.735,70759500,0.736,42306900,0.737,38294300
sh513130,09:34:24,1764898469363,09:35:28,1764898468514,0.733,0.7333,-0.0409,5571.46,0.9082,3.7886,0,0,0.733,0.997,0.732,71741300,0.731,102750500,0.730,88250700,0.729,52024900,0.728,52958700,0.733,45917000,0.734,95320200,0.735,70759500,0.736,42306900,0.737,38294300
sh513130,09:34:27,1764898470365,09:35:30,1764898470360,0.733,0.7333,-0.0409,5570.77,0.9082,2.8821,290600,212996,0.733,1.002,0.732,88011600,0.731,103630300,0.730,88604700,0.729,52044900,0.728,36975200,0.733,13275200,0.734,97409000,0.735,72757700,0.736,42306900,0.737,38294300
sh513130,09:34:27,1764898471366,09:35:30,1764898470449,0.733,0.7333,-0.0409,5570.77,0.9082,1.9214,0,0,0.733,1.001,0.732,88011600,0.731,103630300,0.730,88604700,0.729,52044900,0.728,36975200,0.733,13275200,0.734,97409000,0.735,72757700,0.736,42306900,0.737,38294300
sh513130,09:34:30,1764898472372,09:35:30,1764898470449,0.733,0.7333,-0.0409,5570.77,0.9082,1.8933,77000,56441,0.733,1.006,0.732,72320100,0.731,104504700,0.730,89261700,0.729,52044900,0.728,37007100,0.733,17177100,0.734,95410200,0.735,70059500,0.736,42306900,0.737,38303500
sh513130,09:34:30,1764898473369,09:35:32,1764898472514,0.733,0.7333,-0.0409,5571.75,0.9082,3.0742,0,0,0.733,0.997,0.732,72320100,0.731,104504700,0.730,89261700,0.729,52044900,0.728,37007100,0.733,17177100,0.734,95410200,0.735,70059500,0.736,42306900,0.737,38303500
sh513130,09:34:30,1764898474373,09:35:32,1764898472514,0.733,0.7333,-0.0409,5571.75,0.9082,2.7949,0,0,0.733,1.004,0.732,72320100,0.731,104504700,0.730,89261700,0.729,52044900,0.728,37007100,0.733,17177100,0.734,95410200,0.735,70059500,0.736,42306900,0.737,38303500
sh513130,09:34:33,1764898475372,09:35:34,1764898474679,0.733,0.7333,-0.0409,5572.32,0.9082,2.662,3478200,2549300,0.7329,0.999,0.733,22773900,0.732,89317600,0.731,106576500,0.730,88288900,0.729,52044900,0.734,98242200,0.735,73040400,0.736,47710700,0.737,38303500,0.738,26653600
sh513130,09:34:33,1764898476376,09:35:34,1764898474679,0.733,0.7333,-0.0409,5572.32,0.9082,2.0445,0,0,0.733,1.004,0.733,22773900,0.732,89317600,0.731,106576500,0.730,88288900,0.729,52044900,0.734,98242200,0.735,73040400,0.736,47710700,0.737,38303500,0.738,26653600
sh513130,09:34:33,1764898477376,09:35:36,1764898476847,0.733,0.7333,-0.0409,5570.8,0.9082,0.294,0,0,0.733,0.999,0.733,22773900,0.732,89317600,0.731,106576500,0.730,88288900,0.729,52044900,0.734,98242200,0.735,73040400,0.736,47710700,0.737,38303500,0.738,26653600
sh513130,09:34:36,1764898478379,09:35:36,1764898476847,0.733,0.7333,-0.0409,5570.8,0.9082,0.6132,4956800,3633298,0.733,1.003,0.732,72570100,0.731,107446300,0.730,89402500,0.729,52044900,0.728,53047000,0.733,15960600,0.734,96288600,0.735,70042200,0.736,47737000,0.737,38303500
sh513130,09:34:36,1764898479380,09:35:38,1764898479031,0.733,0.7333,-0.0409,5570.08,0.9082,0.4405,0,0,0.733,1.001,0.732,72570100,0.731,107446300,0.730,89402500,0.729,52044900,0.728,53047000,0.733,15960600,0.734,96288600,0.735,70042200,0.736,47737000,0.737,38303500
sh513130,09:34:36,1764898480381,09:35:38,1764898479031,0.733,0.7333,-0.0409,5570.08,0.9082,-0.7352,0,0,0.733,1.002,0.732,72570100,0.731,107446300,0.730,89402500,0.729,52044900,0.728,53047000,0.733,15960600,0.734,96288600,0.735,70042200,0.736,47737000,0.737,38303500
sh513130,09:34:39,1764898481383,09:35:40,1764898481208,0.733,0.7333,-0.0409,5570.56,0.9082,0.1841,876900,642723,0.7329,1.001,0.732,72658300,0.731,99787900,0.730,89424100,0.729,52098000,0.728,53047000,0.733,58929000,0.734,98222300,0.735,70069200,0.736,42337000,0.737,22323400
sh513130,09:34:39,1764898482388,09:35:40,1764898481208,0.733,0.7333,-0.0409,5570.56,0.9082,0.739,0,0,0.733,1.005,0.732,72658300,0.731,99787900,0.730,89424100,0.729,52098000,0.728,53047000,0.733,58929000,0.734,98222300,0.735,70069200,0.736,42337000,0.737,22323400
sh513130,09:34:39,1764898483385,09:35:42,1764898483380,0.733,0.7333,-0.0409,5570.13,0.9082,1.025,0,0,0.733,0.998,0.732,72658300,0.731,99787900,0.730,89424100,0.729,52098000,0.728,53047000,0.733,58929000,0.734,98222300,0.735,70069200,0.736,42337000,0.737,22323400
sh513130,09:34:42,1764898484390,09:35:42,1764898483380,0.732,0.7333,-0.1773,5570.13,0.9082,1.1568,202400,148347,0.7329,1.005,0.732,71811800,0.731,99783800,0.730,89424200,0.729,53098000,0.728,53173000,0.733,59858100,0.734,97420400,0.735,70208700,0.736,42337000,0.737,22576400
sh513130,09:34:42,1764898485390,09:35:44,1764898484556,0.732,0.7333,-0.1773,5569.16,0.9082,1.2714,0,0,0.732,1.0,0.732,71811800,0.731,99783800,0.730,89424200,0.729,53098000,0.728,53173000,0.733,59858100,0.734,97420400,0.735,70208700,0.736,42337000,0.737,22576400
sh513130,09:34:42,1764898486389,09:35:46,1764898486380,0.732,0.7333,-0.1773,5570.01,0.9082,1.2085,0,0,0.732,0.999,0.732,71811800,0.731,99783800,0.730,89424200,0.729,53098000,0.728,53173000,0.733,59858100,0.734,97420400,0.735,70208700,0.736,42337000,0.737,22576400
sh513130,09:34:42,1764898487393,09:35:46,1764898486443,0.732,0.7333,-0.1773,5570.01,0.9082,3.4921,0,0,0.732,1.004,0.732,71811800,0.731,99783800,0.730,89424200,0.729,53098000,0.728,53173000,0.733,59858100,0.734,97420400,0.735,70208700,0.736,42337000,0.737,22576400
sh513130,09:34:45,1764898488396,09:35:46,1764898487728,0.732,0.7326,-0.0819,5570.01,0.9082,4.0563,208200,152442,0.7322,1.002,0.732,78362200,0.731,104814200,0.730,94507100,0.729,52980200,0.728,53233000,0.733,60924400,0.734,97420400,0.735,70218700,0.736,42327000,0.737,22624100
sh513130,09:34:45,1764898489394,09:35:48,1764898488481,0.732,0.7326,-0.0819,5569.29,0.9082,3.4051,0,0,0.732,0.999,0.732,78362200,0.731,104814200,0.730,94507100,0.729,52980200,0.728,53233000,0.733,60924400,0.734,97420400,0.735,70218700,0.736,42327000,0.737,22624100
sh513130,09:34:48,1764898490394,09:35:50,1764898490372,0.732,0.7326,-0.0819,5568.94,0.9082,3.2532,93300,68386,0.733,1.0,0.732,71161200,0.731,104884200,0.730,94490200,0.729,61232400,0.728,53233000,0.733,84247200,0.734,91831600,0.735,70179200,0.736,33071000,0.737,22624100
sh513130,09:34:48,1764898491396,09:35:50,1764898490480,0.732,0.7326,-0.0819,5568.94,0.9082,2.7197,0,0,0.732,1.002,0.732,71161200,0.731,104884200,0.730,94490200,0.729,61232400,0.728,53233000,0.733,84247200,0.734,91831600,0.735,70179200,0.736,33071000,0.737,22624100
sh513130,09:34:48,1764898492397,09:35:52,1764898492384,0.732,0.7326,-0.0819,5568.56,0.9082,2.59,0,0,0.732,1.001,0.732,71161200,0.731,104884200,0.730,94490200,0.729,61232400,0.728,53233000,0.733,84247200,0.734,91831600,0.735,70179200,0.736,33071000,0.737,22624100
sh513130,09:34:51,1764898493400,09:35:52,1764898492439,0.732,0.7326,-0.0819,5568.56,0.9082,2.4396,192200,140746,0.7323,1.003,0.732,71414100,0.731,104901400,0.730,94525700,0.729,62104600,0.728,53233000,0.733,85947200,0.734,91831600,0.735,70179200,0.736,33121000,0.737,23124100
sh513130,09:34:51,1764898494399,09:35:54,1764898494376,0.732,0.7326,-0.0819,5568.92,0.9082,3.6783,0,0,0.732,0.999,0.732,71414100,0.731,104901400,0.730,94525700,0.729,62104600,0.728,53233000,0.733,85947200,0.734,91831600,0.735,70179200,0.736,33121000,0.737,23124100
sh513130,09:34:51,1764898495401,09:35:54,1764898494488,0.732,0.7326,-0.0819,5568.92,0.9082,3.5102,0,0,0.732,1.002,0.732,71414100,0.731,104901400,0.730,94525700,0.729,62104600,0.728,53233000,0.733,85947200,0.734,91831600,0.735,70179200,0.736,33121000,0.737,23124100
sh513130,09:34:51,1764898496404,09:35:56,1764898496384,0.732,0.7326,-0.0819,5568.56,0.9082,2.7811,0,0,0.732,1.003,0.732,71414100,0.731,104901400,0.730,94525700,0.729,62104600,0.728,53233000,0.733,85947200,0.734,91831600,0.735,70179200,0.736,33121000,0.737,23124100
sh513130,09:34:54,1764898497404,09:35:56,1764898496444,0.732,0.7326,-0.0819,5568.56,0.9082,2.1729,280700,205501,0.7321,1.0,0.732,71912300,0.731,104901600,0.730,94641800,0.729,62975800,0.728,53356100,0.733,87230200,0.734,91917900,0.735,70149200,0.736,33121000,0.737,23174100
sh513130,09:34:54,1764898498403,09:35:58,1764898498380,0.732,0.7326,-0.0819,5569.16,0.9082,2.1746,0,0,0.732,0.999,0.732,71912300,0.731,104901600,0.730,94641800,0.729,62975800,0.728,53356100,0.733,87230200,0.734,91917900,0.735,70149200,0.736,33121000,0.737,23174100
sh513130,09:34:54,1764898499406,09:35:58,1764898498614,0.732,0.7326,-0.0819,5569.16,0.9082,2.4048,0,0,0.732,1.002,0.732,71912300,0.731,104901600,0.730,94641800,0.729,62975800,0.728,53356100,0.733,87230200,0.734,91917900,0.735,70149200,0.736,33121000,0.737,23174100
sh513130,09:34:57,1764898500405,09:36:00,1764898500374,0.733,0.7326,0.0546,5569.2,0.9082,2.3678,21100,15461,0.7327,0.999,0.732,75201300,0.731,104903100,0.730,94182800,0.729,60848000,0.728,53556100,0.733,50047800,0.734,98425000,0.735,70189600,0.736,46877000,0.737,23215000
sh513130,09:34:57,1764898501409,09:36:00,1764898500786,0.733,0.7326,0.0546,5569.2,0.9082,2.9246,0,0,0.733,1.004,0.732,75201300,0.731,104903100,0.730,94182800,0.729,60848000,0.728,53556100,0.733,50047800,0.734,98425000,0.735,70189600,0.736,46877000,0.737,23215000
sh513130,09:34:57,1764898502410,09:36:02,1764898502409,0.733,0.7326,0.0546,5569.91,0.9082,3.8855,0,0,0.733,1.001,0.732,75201300,0.731,104903100,0.730,94182800,0.729,60848000,0.728,53556100,0.733,50047800,0.734,98425000,0.735,70189600,0.736,46877000,0.737,23215000
sh513130,09:35:00,1764898503409,09:36:02,1764898503012,0.733,0.7326,0.0546,5569.91,0.9082,3.9574,279200,204599,0.7328,0.999,0.732,80841100,0.731,105902400,0.730,94183900,0.729,57341200,0.728,53556100,0.733,53848300,0.734,99067600,0.735,70189600,0.736,49877000,0.737,39211800
sh513130,09:35:00,1764898504409,09:36:04,1764898504406,0.733,0.7326,0.0546,5567.69,0.9082,3.8622,0,0,0.733,0.999,0.732,80841100,0.731,105902400,0.730,94183900,0.729,57341200,0.728,53556100,0.733,53848300,0.734,99067600,0.735,70189600,0.736,49877000,0.737,39211800
sh513130,09:35:03,1764898505416,09:36:04,1764898505165,0.733,0.7326,0.0546,5567.69,0.9082,3.6875,1396100,1023254,0.7329,1.007,0.732,58819900,0.731,109303400,0.730,88566800,0.729,65603400,0.728,53556300,0.733,80875000,0.734,86672600,0.735,65249600,0.736,41377000,0.737,23215000
sh513130,09:35:03,1764898506413,09:36:06,1764898506393,0.733,0.7326,0.0546,5567.06,0.9082,7.5224,0,0,0.733,0.997,0.732,58819900,0.731,109303400,0.730,88566800,0.729,65603400,0.728,53556300,0.733,80875000,0.734,86672600,0.735,65249600,0.736,41377000,0.737,23215000
sh513130,09:35:03,1764898507415,09:36:06,1764898507300,0.733,0.7326,0.0546,5567.06,0.9082,6.5517,0,0,0.733,1.001,0.732,58819900,0.731,109303400,0.730,88566800,0.729,65603400,0.728,53556300,0.733,80875000,0.734,86672600,0.735,65249600,0.736,41377000,0.737,23215000
sh513130,09:35:06,1764898508415,09:36:08,1764898508371,0.733,0.7326,0.0546,5566.62,0.9082,6.3252,64600,47310,0.7324,1.001,0.732,55501100,0.731,109103400,0.730,93076700,0.729,68483300,0.728,53582300,0.733,88771400,0.734,86345200,0.735,64259600,0.736,36121000,0.737,23245000
sh513130,09:35:06,1764898509435,09:36:08,1764898508422,0.733,0.7326,0.0546,5566.62,0.9082,6.0963,0,0,0.733,1.02,0.732,55501100,0.731,109103400,0.730,93076700,0.729,68483300,0.728,53582300,0.733,88771400,0.734,86345200,0.735,64259600,0.736,36121000,0.737,23245000
sh513130,09:35:06,1764898510413,09:36:10,1764898510382,0.733,0.7326,0.0546,5566.13,0.9082,4.9351,0,0,0.733,0.978,0.732,55501100,0.731,109103400,0.730,93076700,0.729,68483300,0.728,53582300,0.733,88771400,0.734,86345200,0.735,64259600,0.736,36121000,0.737,23245000
sh513130,09:35:09,1764898511418,09:36:10,1764898510471,0.732,0.7326,-0.0819,5566.13,0.9082,4.5068,7515700,5501632,0.732,1.004,0.732,37396100,0.731,114255700,0.730,108903500,0.729,73883300,0.728,53703500,0.733,93961100,0.734,87013900,0.735,69332300,0.736,36221000,0.737,23245000
sh513130,09:35:09,1764898512420,09:36:12,1764898512406,0.732,0.7326,-0.0819,5564.93,0.9082,4.2369,0,0,0.732,1.002,0.732,37396100,0.731,114255700,0.730,108903500,0.729,73883300,0.728,53703500,0.733,93961100,0.734,87013900,0.735,69332300,0.736,36221000,0.737,23245000
sh513130,09:35:09,1764898513420,09:36:12,1764898512505,0.732,0.7326,-0.0819,5564.93,0.9082,4.0497,0,0,0.732,1.001,0.732,37396100,0.731,114255700,0.730,108903500,0.729,73883300,0.728,53703500,0.733,93961100,0.734,87013900,0.735,69332300,0.736,36221000,0.737,23245000
sh513130,09:35:12,1764898514421,09:36:14,1764898514383,0.733,0.7326,0.0546,5565.22,0.9082,4.1371,7153900,5236775,0.732,1.001,0.732,26996500,0.731,109405700,0.730,104070100,0.729,70122500,0.728,53833500,0.733,89219000,0.734,82019900,0.735,64419800,0.736,36262800,0.737,23249200
sh513130,09:35:12,1764898515423,09:36:14,1764898514452,0.733,0.7326,0.0546,5565.22,0.9082,3.7149,0,0,0.733,1.002,0.732,26996500,0.731,109405700,0.730,104070100,0.729,70122500,0.728,53833500,0.733,89219000,0.734,82019900,0.735,64419800,0.736,36262800,0.737,23249200
sh513130,09:35:12,1764898516422,09:36:16,1764898516375,0.733,0.7326,0.0546,5563.91,0.9082,3.5456,0,0,0.733,0.999,0.732,26996500,0.731,109405700,0.730,104070100,0.729,70122500,0.728,53833500,0.733,89219000,0.734,82019900,0.735,64419800,0.736,36262800,0.737,23249200
sh513130,09:35:15,1764898517427,09:36:16,1764898516465,0.733,0.7319,0.1503,5563.91,0.9082,3.6696,669500,490162,0.7321,1.004,0.732,26170900,0.731,109536400,0.730,105080600,0.729,69722500,0.728,53826200,0.733,89029800,0.734,81987100,0.735,63830600,0.736,36162800,0.737,23249200
sh513130,09:35:15,1764898518426,09:36:16,1764898518217,0.733,0.7319,0.1503,5563.91,0.9082,4.1955,0,0,0.733,1.0,0.732,26170900,0.731,109536400,0.730,105080600,0.729,69722500,0.728,53826200,0.733,89029800,0.734,81987100,0.735,63830600,0.736,36162800,0.737,23249200
sh513130,09:35:15,1764898519426,09:36:16,1764898518217,0.733,0.7319,0.1503,5563.91,0.9082,5.0737,0,0,0.733,1.0,0.732,26170900,0.731,109536400,0.730,105080600,0.729,69722500,0.728,53826200,0.733,89029800,0.734,81987100,0.735,63830600,0.736,36162800,0.737,23249200
sh513130,09:35:18,1764898520430,09:36:16,1764898520338,0.732,0.7319,0.0137,5563.91,0.9082,4.4105,24019800,17582524,0.732,1.004,0.731,97558500,0.730,106158500,0.729,70272700,0.728,53899700,0.727,43346600,0.732,28376400,0.733,86775500,0.734,75699700,0.735,47139800,0.736,39116900
sh513130,09:35:18,1764898521431,09:36:16,1764898520338,0.732,0.7319,0.0137,5563.91,0.9082,3.9052,0,0,0.732,1.001,0.731,97558500,0.730,106158500,0.729,70272700,0.728,53899700,0.727,43346600,0.732,28376400,0.733,86775500,0.734,75699700,0.735,47139800,0.736,39116900
sh513130,09:35:18,1764898522432,09:36:16,1764898520338,0.732,0.7319,0.0137,5563.91,0.9082,3.6485,0,0,0.732,1.0,0.731,97558500,0.730,106158500,0.729,70272700,0.728,53899700,0.727,43346600,0.732,28376400,0.733,86775500,0.734,75699700,0.735,47139800,0.736,39116900
sh513130,09:35:21,1764898523437,09:36:16,1764898522499,0.732,0.7319,0.0137,5563.91,0.9082,4.1612,711000,520452,0.732,1.005,0.731,101472600,0.730,110141100,0.729,76283400,0.728,53899700,0.727,43426700,0.732,37356800,0.733,95089200,0.734,80643100,0.735,46839800,0.736,39134500
sh513130,09:35:21,1764898524437,09:36:16,1764898522499,0.732,0.7319,0.0137,5563.91,0.9082,3.5274,0,0,0.732,1.001,0.731,101472600,0.730,110141100,0.729,76283400,0.728,53899700,0.727,43426700,0.732,37356800,0.733,95089200,0.734,80643100,0.735,46839800,0.736,39134500
sh513130,09:35:21,1764898525436,09:36:18,1764898525252,0.732,0.7319,0.0137,5563.99,0.9082,4.4638,0,0,0.732,0.998,0.731,101472600,0.730,110141100,0.729,76283400,0.728,53899700,0.727,43426700,0.732,37356800,0.733,95089200,0.734,80643100,0.735,46839800,0.736,39134500
sh513130,09:35:24,1764898526440,09:36:18,1764898525252,0.732,0.7319,0.0137,5563.99,0.9082,3.8783,791400,579274,0.732,1.004,0.731,102118900,0.730,110245900,0.729,76420500,0.728,53899700,0.727,43426700,0.732,72468600,0.733,87938200,0.734,81326100,0.735,38548300,0.736,23137700
sh513130,09:35:24,1764898527441,09:36:18,1764898526847,0.732,0.7319,0.0137,5563.99,0.9082,3.4566,0,0,0.732,1.0,0.731,102118900,0.730,110245900,0.729,76420500,0.728,53899700,0.727,43426700,0.732,72468600,0.733,87938200,0.734,81326100,0.735,38548300,0.736,23137700
sh513130,09:35:24,1764898528440,09:36:18,1764898526847,0.732,0.7319,0.0137,5563.99,0.9082,3.7662,0,0,0.732,1.0,0.731,102118900,0.730,110245900,0.729,76420500,0.728,53899700,0.727,43426700,0.732,72468600,0.733,87938200,0.734,81326100,0.735,38548300,0.736,23137700
sh513130,09:35:27,1764898529450,09:36:22,1764898529425,0.732,0.7319,0.0137,5564.21,0.9082,4.0311,259900,190181,0.7317,1.009,0.731,103056600,0.730,110288300,0.729,75476500,0.728,53899700,0.727,43440100,0.732,45695700,0.733,87467900,0.734,81381100,0.735,46578700,0.736,39134500
sh513130,09:35:27,1764898530444,09:36:22,1764898529648,0.732,0.7319,0.0137,5564.21,0.9082,3.8506,0,0,0.732,0.994,0.731,103056600,0.730,110288300,0.729,75476500,0.728,53899700,0.727,43440100,0.732,45695700,0.733,87467900,0.734,81381100,0.735,46578700,0.736,39134500
sh513130,09:35:27,1764898531443,09:36:22,1764898531185,0.732,0.7319,0.0137,5564.21,0.9082,3.6764,0,0,0.732,0.999,0.731,103056600,0.730,110288300,0.729,75476500,0.728,53899700,0.727,43440100,0.732,45695700,0.733,87467900,0.734,81381100,0.735,46578700,0.736,39134500
sh513130,09:35:30,1764898532445,09:36:26,1764898532278,0.732,0.7319,0.0137,5564.01,0.9082,5.1525,3713600,2718337,0.732,1.003,0.731,117368100,0.730,111266000,0.729,75476500,0.728,54786200,0.727,27443300,0.732,471500,0.733,96879200,0.734,85200100,0.735,52046200,0.736,39114300
sh513130,09:35:30,1764898533449,09:36:30,1764898533376,0.732,0.7319,0.0137,5564.64,0.9082,5.471,0,0,0.732,1.004,0.731,117368100,0.730,111266000,0.729,75476500,0.728,54786200,0.727,27443300,0.732,471500,0.733,96879200,0.734,85200100,0.735,52046200,0.736,39114300
sh513130,09:35:30,1764898534447,09:36:30,1764898533376,0.732,0.7319,0.0137,5564.64,0.9082,4.8432,0,0,0.732,0.998,0.731,117368100,0.730,111266000,0.729,75476500,0.728,54786200,0.727,27443300,0.732,471500,0.733,96879200,0.734,85200100,0.735,52046200,0.736,39114300
sh513130,09:35:33,1764898535452,09:36:34,1764898535102,0.732,0.7319,0.0137,5565.34,0.9082,3.7696,1093200,800256,0.732,1.005,0.732,36288700,0.731,115720600,0.730,105214800,0.729,75476500,0.728,53912800,0.733,99771200,0.734,86210600,0.735,52046200,0.736,39114900,0.737,23239300
sh513130,09:35:33,1764898536450,09:36:36,1764898536403,0.732,0.7319,0.0137,5565.54,0.9082,4.9433,0,0,0.732,0.997,0.732,36288700,0.731,115720600,0.730,105214800,0.729,75476500,0.728,53912800,0.733,99771200,0.734,86210600,0.735,52046200,0.736,39114900,0.737,23239300
sh513130,09:35:36,1764898537453,09:36:36,1764898536523,0.732,0.7319,0.0137,5565.54,0.9082,4.7358,47900,35063,0.732,1.004,0.732,6351800,0.731,99719400,0.730,106277200,0.729,75090200,0.728,53970800,0.733,100115000,0.734,87086900,0.735,52416700,0.736,39243400,0.737,23269200
sh513130,09:35:36,1764898538453,09:36:38,1764898538396,0.732,0.7319,0.0137,5564.0,0.9082,2.4689,0,0,0.732,1.0,0.732,6351800,0.731,99719400,0.730,106277200,0.729,75090200,0.728,53970800,0.733,100115000,0.734,87086900,0.735,52416700,0.736,39243400,0.737,23269200
sh513130,09:35:36,1764898539457,09:36:38,1764898538492,0.732,0.7319,0.0137,5564.0,0.9082,2.2205,0,0,0.732,1.003,0.732,6351800,0.731,99719400,0.730,106277200,0.729,75090200,0.728,53970800,0.733,100115000,0.734,87086900,0.735,52416700,0.736,39243400,0.737,23269200
sh513130,09:35:36,1764898540455,09:36:40,1764898540398,0.732,0.7319,0.0137,5564.13,0.9082,2.2886,0,0,0.732,0.998,0.732,6351800,0.731,99719400,0.730,106277200,0.729,75090200,0.728,53970800,0.733,100115000,0.734,87086900,0.735,52416700,0.736,39243400,0.737,23269200
sh513130,09:35:36,1764898541458,09:36:40,1764898540461,0.732,0.7319,0.0137,5564.13,0.9082,2.6233,0,0,0.732,1.003,0.732,6351800,0.731,99719400,0.730,106277200,0.729,75090200,0.728,53970800,0.733,100115000,0.734,87086900,0.735,52416700,0.736,39243400,0.737,23269200
sh513130,09:35:39,1764898542459,09:36:42,1764898542388,0.731,0.7326,-0.2184,5563.93,0.9082,2.0845,5436200,3979288,0.732,1.001,0.731,117617800,0.730,108178200,0.729,75503900,0.728,53972800,0.727,27830300,0.732,6536600,0.733,101206200,0.734,87953200,0.735,52378200,0.736,39248400
sh513130,09:35:39,1764898543458,09:36:42,1764898542476,0.731,0.7326,-0.2184,5563.93,0.9082,2.4797,0,0,0.731,0.999,0.731,117617800,0.730,108178200,0.729,75503900,0.728,53972800,0.727,27830300,0.732,6536600,0.733,101206200,0.734,87953200,0.735,52378200,0.736,39248400
sh513130,09:35:42,1764898544458,09:36:44,1764898544455,0.732,0.7326,-0.0819,5564.26,0.9082,2.0139,753700,551685,0.732,1.0,0.731,102076400,0.730,107156900,0.729,75641100,0.728,59013400,0.727,43827100,0.732,15444500,0.733,99828700,0.734,84000900,0.735,50498800,0.736,39250400
sh513130,09:35:42,1764898545464,09:36:44,1764898544455,0.732,0.7326,-0.0819,5564.26,0.9082,2.1847,0,0,0.732,1.007,0.731,102076400,0.730,107156900,0.729,75641100,0.728,59013400,0.727,43827100,0.732,15444500,0.733,99828700,0.734,84000900,0.735,50498800,0.736,39250400
sh513130,09:35:42,1764898546462,09:36:46,1764898546436,0.732,0.7326,-0.0819,5563.73,0.9082,2.0634,0,0,0.732,0.998,0.731,102076400,0.730,107156900,0.729,75641100,0.728,59013400,0.727,43827100,0.732,15444500,0.733,99828700,0.734,84000900,0.735,50498800,0.736,39250400
sh513130,09:35:45,1764898547545,09:36:46,1764898546436,0.732,0.7326,-0.0819,5563.73,0.9082,2.5512,263800,193072,0.7319,1.083,0.731,118060100,0.730,107835200,0.729,75642200,0.728,59095400,0.727,27897000,0.732,18089100,0.733,99584300,0.734,84970000,0.735,50577200,0.736,39250400
sh513130,09:35:45,1764898548495,09:36:48,1764898548471,0.732,0.7326,-0.0819,5563.91,0.9082,2.3178,0,0,0.732,0.95,0.731,118060100,0.730,107835200,0.729,75642200,0.728,59095400,0.727,27897000,0.732,18089100,0.733,99584300,0.734,84970000,0.735,50577200,0.736,39250400
sh513130,09:35:45,1764898549467,09:36:48,1764898548622,0.732,0.7326,-0.0819,5563.91,0.9082,2.7948,0,0,0.732,0.971,0.731,118060100,0.730,107835200,0.729,75642200,0.728,59095400,0.727,27897000,0.732,18089100,0.733,99584300,0.734,84970000,0.735,50577200,0.736,39250400
sh513130,09:35:48,1764898550472,09:36:50,1764898550388,0.731,0.7326,-0.2184,5563.28,0.9082,4.3764,72600,53137,0.7319,1.005,0.731,103609100,0.730,109736200,0.729,75678600,0.728,59095900,0.727,43893800,0.732,43303100,0.733,99079800,0.734,85836300,0.735,50577200,0.736,39250400
sh513130,09:35:48,1764898551474,09:36:50,1764898550816,0.731,0.7326,-0.2184,5563.28,0.9082,4.3276,0,0,0.731,1.002,0.731,103609100,0.730,109736200,0.729,75678600,0.728,59095900,0.727,43893800,0.732,43303100,0.733,99079800,0.734,85836300,0.735,50577200,0.736,39250400
sh513130,09:35:51,1764898552470,09:36:52,1764898552465,0.732,0.7326,-0.0819,5562.07,0.9082,2.3245,740700,541644,0.7313,0.996,0.731,103195500,0.730,109741600,0.729,75689100,0.728,59102300,0.727,43959000,0.732,79411900,0.733,88954800,0.734,86337700,0.735,42546200,0.736,22758600
sh513130,09:35:48,1764898553474,09:36:52,1764898552910,0.731,0.7326,-0.2184,5562.07,0.9082,3.329,-740700,-541644,0.731,1.004,0.731,103609100,0.730,109736200,0.729,75678600,0.728,59095900,0.727,43893800,0.732,43303100,0.733,99079800,0.734,85836300,0.735,50577200,0.736,39250400
sh513130,09:35:51,1764898554474,09:36:54,1764898554460,0.732,0.7326,-0.0819,5561.8,0.9082,3.3365,740700,541644,0.7313,1.0,0.731,103195500,0.730,109741600,0.729,75689100,0.728,59102300,0.727,43959000,0.732,79411900,0.733,88954800,0.734,86337700,0.735,42546200,0.736,22758600
sh513130,09:35:51,1764898555476,09:36:54,1764898555138,0.732,0.7326,-0.0819,5561.8,0.9082,4.4342,0,0,0.732,1.002,0.731,103195500,0.730,109741600,0.729,75689100,0.728,59102300,0.727,43959000,0.732,79411900,0.733,88954800,0.734,86337700,0.735,42546200,0.736,22758600
sh513130,09:35:54,1764898556483,09:36:56,1764898556450,0.732,0.7326,-0.0819,5561.53,0.9082,3.1107,63000,46116,0.732,1.007,0.731,102784100,0.730,104538200,0.729,76923000,0.728,59975700,0.727,44134800,0.732,84840000,0.733,89614900,0.734,82006200,0.735,38556200,0.736,22758600
sh513130,09:35:54,1764898557479,09:36:56,1764898557288,0.732,0.7326,-0.0819,5561.53,0.9082,2.6281,0,0,0.732,0.996,0.731,102784100,0.730,104538200,0.729,76923000,0.728,59975700,0.727,44134800,0.732,84840000,0.733,89614900,0.734,82006200,0.735,38556200,0.736,22758600
sh513130,09:35:54,1764898558478,09:36:58,1764898558447,0.732,0.7326,-0.0819,5562.1,0.9082,4.2481,0,0,0.732,0.999,0.731,102784100,0.730,104538200,0.729,76923000,0.728,59975700,0.727,44134800,0.732,84840000,0.733,89614900,0.734,82006200,0.735,38556200,0.736,22758600
sh513130,09:35:57,1764898559481,09:36:58,1764898559422,0.732,0.7326,-0.0819,5562.1,0.9082,3.4587,450000,328990,0.7311,1.003,0.731,102429100,0.730,105510500,0.729,76886700,0.728,59239400,0.727,44434800,0.732,65331500,0.733,87779200,0.734,81864500,0.735,42871700,0.736,38758900
sh513130,09:35:57,1764898560483,09:37:00,1764898560426,0.732,0.7326,-0.0819,5561.88,0.9082,3.6135,0,0,0.732,1.002,0.731,102429100,0.730,105510500,0.729,76886700,0.728,59239400,0.727,44434800,0.732,65331500,0.733,87779200,0.734,81864500,0.735,42871700,0.736,38758900
sh513130,09:35:57,1764898561483,09:37:00,1764898560426,0.732,0.7326,-0.0819,5561.88,0.9082,3.4479,0,0,0.732,1.0,0.731,102429100,0.730,105510500,0.729,76886700,0.728,59239400,0.727,44434800,0.732,65331500,0.733,87779200,0.734,81864500,0.735,42871700,0.736,38758900
sh513130,09:36:00,1764898562484,09:37:02,1764898562466,0.732,0.7313,0.0957,5562.36,0.9082,4.4661,853500,624594,0.7318,1.001,0.731,120979900,0.730,106607500,0.729,76886700,0.728,59289400,0.727,28438000,0.732,53416600,0.733,95891000,0.734,81854500,0.735,46022300,0.736,38758900
sh513130,09:36:00,1764898563489,09:37:02,1764898562466,0.732,0.7313,0.0957,5562.36,0.9082,4.2325,0,0,0.732,1.004,0.731,120979900,0.730,106607500,0.729,76886700,0.728,59289400,0.727,28438000,0.732,53416600,0.733,95891000,0.734,81854500,0.735,46022300,0.736,38758900
sh513130,09:36:00,1764898564486,09:37:04,1764898564463,0.732,0.7313,0.0957,5561.77,0.9082,2.8231,0,0,0.732,0.997,0.731,120979900,0.730,106607500,0.729,76886700,0.728,59289400,0.727,28438000,0.732,53416600,0.733,95891000,0.734,81854500,0.735,46022300,0.736,38758900
sh513130,09:36:03,1764898565493,09:37:04,1764898564463,0.732,0.7313,0.0957,5561.77,0.9082,2.6656,47400,34696,0.732,1.007,0.731,121818400,0.730,107446100,0.729,75897900,0.728,59350400,0.727,28440000,0.732,26435100,0.733,95891000,0.734,82736000,0.735,48522300,0.736,38758900
sh513130,09:36:03,1764898566492,09:37:06,1764898566405,0.732,0.7313,0.0957,5560.95,0.9082,3.3164,0,0,0.732,0.999,0.731,121818400,0.730,107446100,0.729,75897900,0.728,59350400,0.727,28440000,0.732,26435100,0.733,95891000,0.734,82736000,0.735,48522300,0.736,38758900
sh513130,09:36:03,1764898567493,09:37:06,1764898566405,0.732,0.7313,0.0957,5560.95,0.9082,3.1227,0,0,0.732,1.001,0.731,121818400,0.730,107446100,0.729,75897900,0.728,59350400,0.727,28440000,0.732,26435100,0.733,95891000,0.734,82736000,0.735,48522300,0.736,38758900
sh513130,09:36:06,1764898568494,09:37:08,1764898568457,0.732,0.732,0.0,5562.01,0.9082,2.6509,40800,29865,0.732,1.001,0.731,121774500,0.730,108453900,0.729,76868900,0.728,60057100,0.727,28380200,0.732,54918200,0.733,89719800,0.734,84617700,0.735,48524300,0.736,38758900
sh513130,09:36:06,1764898569498,09:37:08,1764898568457,0.732,0.732,0.0,5562.01,0.9082,6.5822,0,0,0.732,1.003,0.731,121774500,0.730,108453900,0.729,76868900,0.728,60057100,0.727,28380200,0.732,54918200,0.733,89719800,0.734,84617700,0.735,48524300,0.736,38758900
sh513130,09:36:06,1764898570505,09:37:10,1764898570494,0.732,0.732,0.0,5562.68,0.9082,5.8329,0,0,0.732,1.007,0.731,121774500,0.730,108453900,0.729,76868900,0.728,60057100,0.727,28380200,0.732,54918200,0.733,89719800,0.734,84617700,0.735,48524300,0.736,38758900
sh513130,09:36:06,1764898571505,09:37:10,1764898570494,0.732,0.732,0.0,5562.68,0.9082,5.6084,0,0,0.732,1.001,0.731,121774500,0.730,108453900,0.729,76868900,0.728,60057100,0.727,28380200,0.732,54918200,0.733,89719800,0.734,84617700,0.735,48524300,0.736,38758900
sh513130,09:36:09,1764898572505,09:37:12,1764898572467,0.732,0.732,0.0,5563.52,0.9082,5.9694,475000,347632,0.7319,1.0,0.731,123106500,0.730,109505800,0.729,75915200,0.728,60112200,0.727,28630200,0.732,20254100,0.733,98119800,0.734,86183300,0.735,48074300,0.736,38758900
sh513130,09:36:09,1764898573506,09:37:12,1764898572467,0.732,0.732,0.0,5563.52,0.9082,5.0829,0,0,0.732,1.001,0.731,123106500,0.730,109505800,0.729,75915200,0.728,60112200,0.727,28630200,0.732,20254100,0.733,98119800,0.734,86183300,0.735,48074300,0.736,38758900
sh513130,09:36:12,1764898574508,09:37:14,1764898574506,0.732,0.732,0.0,5564.27,0.9082,4.614,18885400,13824083,0.732,1.002,0.732,47954600,0.731,121804500,0.730,109411800,0.729,74015200,0.728,60222200,0.733,99119800,0.734,88245000,0.735,53274300,0.736,38915900,0.737,23003400
sh513130,09:36:12,1764898575512,09:37:14,1764898574639,0.732,0.732,0.0,5564.27,0.9082,4.4153,0,0,0.732,1.004,0.732,47954600,0.731,121804500,0.730,109411800,0.729,74015200,0.728,60222200,0.733,99119800,0.734,88245000,0.735,53274300,0.736,38915900,0.737,23003400
sh513130,09:36:15,1764898576512,09:37:16,1764898576493,0.732,0.7319,0.0137,5563.86,0.9082,3.6191,707600,517963,0.732,1.0,0.732,45874300,0.731,121830200,0.730,109668100,0.729,75718700,0.728,60570100,0.733,99809200,0.734,88222300,0.735,53274300,0.736,38915900,0.737,23003400
sh513130,09:36:15,1764898577517,09:37:16,1764898576820,0.732,0.7319,0.0137,5563.86,0.9082,3.403,0,0,0.732,1.005,0.732,45874300,0.731,121830200,0.730,109668100,0.729,75718700,0.728,60570100,0.733,99809200,0.734,88222300,0.735,53274300,0.736,38915900,0.737,23003400
sh513130,09:36:15,1764898578520,09:37:18,1764898578444,0.732,0.7319,0.0137,5564.38,0.9082,3.2454,0,0,0.732,1.003,0.732,45874300,0.731,121830200,0.730,109668100,0.729,75718700,0.728,60570100,0.733,99809200,0.734,88222300,0.735,53274300,0.736,38915900,0.737,23003400
sh513130,09:36:15,1764898579523,09:37:18,1764898578993,0.732,0.7319,0.0137,5564.38,0.9082,4.2608,0,0,0.732,1.003,0.732,45874300,0.731,121830200,0.730,109668100,0.729,75718700,0.728,60570100,0.733,99809200,0.734,88222300,0.735,53274300,0.736,38915900,0.737,23003400
sh513130,09:36:18,1764898580523,09:37:20,1764898580489,0.732,0.7319,0.0137,5564.09,0.9082,3.5189,105300,77080,0.732,1.0,0.732,47916500,0.731,122042300,0.730,111830500,0.729,65806000,0.728,60570100,0.733,91923300,0.734,89038500,0.735,52302300,0.736,38915900,0.737,23003400
sh513130,09:36:18,1764898581527,09:37:20,1764898581248,0.732,0.7319,0.0137,5564.09,0.9082,3.1358,0,0,0.732,1.005,0.732,47916500,0.731,122042300,0.730,111830500,0.729,65806000,0.728,60570100,0.733,91923300,0.734,89038500,0.735,52302300,0.736,38915900,0.737,23003400
