symbol,tx_server_time,tx_local_time,bd_server_time,bd_local_time,price,iopv,premium_rate,index_price,fx_rate,sentiment,tick_vol,tick_amt,tick_vwap,interval_s,bp1,bv1,bp2,bv2,bp3,bv3,bp4,bv4,bp5,bv5,sp1,sv1,sp2,sv2,sp3,sv3,sp4,sv4,sp5,sv5,idx_delay_ms,fut_delay_ms,data_flags
sh513130,09:30:03,1766539807641,09:31:06,1766539806792,0.719,0.7182,0.1114,5501.64,0.9032,2.6988,0,0,0.719,0.0,0.718,13757400,0.717,23101000,0.716,31230100,0.715,31630900,0.714,19468400,0.719,15822000,0.720,29657700,0.721,44847700,0.722,29296900,0.723,34588400,849,0,1
sh513130,09:30:06,1766539808626,09:31:06,1766539808504,0.719,0.7182,0.1114,5501.64,0.9032,1.6464,774300,556691,0.719,0.985,0.718,16924400,0.717,24179400,0.716,33596900,0.715,34612400,0.714,20633900,0.719,14636800,0.720,31592900,0.721,46295000,0.722,31283900,0.723,36407400,121,0,0
sh513130,09:30:06,1766539809626,09:31:08,1766539808740,0.719,0.7182,0.1114,5503.85,0.9032,4.7783,0,0,0.719,1.0,0.718,16924400,0.717,24179400,0.716,33596900,0.715,34612400,0.714,20633900,0.719,14636800,0.720,31592900,0.721,46295000,0.722,31283900,0.723,36407400,885,0,0
sh513130,09:30:06,1766539810631,09:31:08,1766539808740,0.719,0.7182,0.1114,5503.85,0.9032,3.2738,0,0,0.719,1.005,0.718,16924400,0.717,24179400,0.716,33596900,0.715,34612400,0.714,20633900,0.719,14636800,0.720,31592900,0.721,46295000,0.722,31283900,0.723,36407400,1891,0,0
sh513130,09:30:06,1766539811628,09:31:10,1766539810829,0.719,0.7182,0.1114,5504.27,0.9032,3.2129,0,0,0.719,0.997,0.718,16924400,0.717,24179400,0.716,33596900,0.715,34612400,0.714,20633900,0.719,14636800,0.720,31592900,0.721,46295000,0.722,31283900,0.723,36407400,798,0,0
sh513130,09:30:09,1766539812632,09:31:10,1766539810829,0.719,0.7182,0.1114,5504.27,0.9032,3.3231,11439100,8224465,0.719,1.005,0.718,21089100,0.717,29096300,0.716,38892200,0.715,40443100,0.714,22715500,0.719,4860100,0.720,31166700,0.721,46941800,0.722,37105700,0.723,38899100,1802,0,0
sh513130,09:30:09,1766539813627,09:31:12,1766539812905,0.719,0.7182,0.1114,5502.9,0.9032,3.1298,0,0,0.719,0.994,0.718,21089100,0.717,29096300,0.716,38892200,0.715,40443100,0.714,22715500,0.719,4860100,0.720,31166700,0.721,46941800,0.722,37105700,0.723,38899100,721,0,0
sh513130,09:30:09,1766539814631,09:31:12,1766539812905,0.719,0.7182,0.1114,5502.9,0.9032,4.9477,0,0,0.719,1.004,0.718,21089100,0.717,29096300,0.716,38892200,0.715,40443100,0.714,22715500,0.719,4860100,0.720,31166700,0.721,46941800,0.722,37105700,0.723,38899100,1725,0,0
sh513130,09:30:12,1766539815622,09:31:14,1766539815091,0.719,0.7202,-0.1666,5503.76,0.9032,2.2491,6969200,5010834,0.719,0.991,0.719,2766600,0.718,29163700,0.717,30798700,0.716,38372000,0.715,37446800,0.720,31882000,0.721,48036600,0.722,37868700,0.723,41566900,0.724,33338200,531,0,0
sh513130,09:30:12,1766539816621,09:31:14,1766539815091,0.719,0.7202,-0.1666,5503.76,0.9032,2.2057,0,0,0.719,0.998,0.719,2766600,0.718,29163700,0.717,30798700,0.716,38372000,0.715,37446800,0.720,31882000,0.721,48036600,0.722,37868700,0.723,41566900,0.724,33338200,1529,0,0
sh513130,09:30:15,1766539817633,09:31:16,1766539817274,0.719,0.7202,-0.1666,5502.81,0.9032,1.4012,617400,443912,0.719,1.013,0.719,233500,0.718,30353900,0.717,31579000,0.716,38559700,0.715,35645400,0.720,32374200,0.721,48337600,0.722,38258200,0.723,42070200,0.724,34695200,359,0,0
sh513130,09:30:15,1766539818623,09:31:16,1766539817274,0.719,0.7202,-0.1666,5502.81,0.9032,0.5231,0,0,0.719,0.989,0.719,233500,0.718,30353900,0.717,31579000,0.716,38559700,0.715,35645400,0.720,32374200,0.721,48337600,0.722,38258200,0.723,42070200,0.724,34695200,1348,0,0
sh513130,09:30:15,1766539819623,09:31:18,1766539819452,0.719,0.7202,-0.1666,5504.3,0.9032,0.9347,0,0,0.719,1.001,0.719,233500,0.718,30353900,0.717,31579000,0.716,38559700,0.715,35645400,0.720,32374200,0.721,48337600,0.722,38258200,0.723,42070200,0.724,34695200,170,0,0
sh513130,09:30:18,1766539820632,09:31:18,1766539819452,0.72,0.7202,-0.0278,5504.3,0.9032,0.9161,313600,225482,0.719,1.009,0.719,4218600,0.718,31677100,0.717,31029900,0.716,38980500,0.715,37027400,0.720,33089400,0.721,49563400,0.722,38435900,0.723,44586700,0.724,36021400,1179,0,0
sh513130,09:30:18,1766539821624,09:31:20,1766539820719,0.72,0.7202,-0.0278,5505.54,0.9032,2.1594,0,0,0.72,0.991,0.719,4218600,0.718,31677100,0.717,31029900,0.716,38980500,0.715,37027400,0.720,33089400,0.721,49563400,0.722,38435900,0.723,44586700,0.724,36021400,904,0,0
sh513130,09:30:18,1766539822626,09:31:20,1766539821639,0.72,0.7202,-0.0278,5505.54,0.9032,2.6427,0,0,0.72,1.003,0.719,4218600,0.718,31677100,0.717,31029900,0.716,38980500,0.715,37027400,0.720,33089400,0.721,49563400,0.722,38435900,0.723,44586700,0.724,36021400,987,0,0
sh513130,09:30:21,1766539823622,09:31:22,1766539822766,0.719,0.7202,-0.1666,5502.44,0.9032,3.7674,794400,571186,0.719,0.996,0.719,20994700,0.718,30177000,0.717,35222500,0.716,38630500,0.715,35372400,0.720,34842900,0.721,50013400,0.722,41126900,0.723,48925400,0.724,33487600,856,0,0
sh513130,09:30:21,1766539824628,09:31:22,1766539823832,0.719,0.7202,-0.1666,5502.44,0.9032,3.4399,0,0,0.719,1.005,0.719,20994700,0.718,30177000,0.717,35222500,0.716,38630500,0.715,35372400,0.720,34842900,0.721,50013400,0.722,41126900,0.723,48925400,0.724,33487600,795,0,0
sh513130,09:30:21,1766539825620,09:31:24,1766539824811,0.719,0.7202,-0.1666,5501.76,0.9032,3.2533,0,0,0.719,0.992,0.719,20994700,0.718,30177000,0.717,35222500,0.716,38630500,0.715,35372400,0.720,34842900,0.721,50013400,0.722,41126900,0.723,48925400,0.724,33487600,808,0,0
sh513130,09:30:24,1766539826622,09:31:24,1766539826012,0.719,0.7202,-0.1666,5501.76,0.9032,2.473,847200,609147,0.719,1.002,0.719,22780500,0.718,31113100,0.717,37046900,0.716,40975700,0.715,35542300,0.720,36475900,0.721,50117400,0.722,41233300,0.723,49648800,0.724,33845500,609,0,0
sh513130,09:30:24,1766539827621,09:31:26,1766539827001,0.719,0.7202,-0.1666,5500.53,0.9032,2.2606,0,0,0.719,0.999,0.719,22780500,0.718,31113100,0.717,37046900,0.716,40975700,0.715,35542300,0.720,36475900,0.721,50117400,0.722,41233300,0.723,49648800,0.724,33845500,619,0,0
sh513130,09:30:24,1766539828624,09:31:26,1766539828202,0.719,0.7202,-0.1666,5500.53,0.9032,3.208,0,0,0.719,1.003,0.719,22780500,0.718,31113100,0.717,37046900,0.716,40975700,0.715,35542300,0.720,36475900,0.721,50117400,0.722,41233300,0.723,49648800,0.724,33845500,422,0,0
sh513130,09:30:27,1766539829620,09:31:28,1766539828794,0.719,0.7202,-0.1666,5501.53,0.9032,2.8684,1468600,1056062,0.7191,0.995,0.719,15121200,0.718,35538900,0.717,37028800,0.716,41398900,0.715,36599700,0.720,37420300,0.721,58285400,0.722,42351400,0.723,48709700,0.724,34998700,825,0,0
sh513130,09:30:27,1766539830621,09:31:28,1766539830402,0.719,0.7202,-0.1666,5501.53,0.9032,2.8325,0,0,0.719,1.001,0.719,15121200,0.718,35538900,0.717,37028800,0.716,41398900,0.715,36599700,0.720,37420300,0.721,58285400,0.722,42351400,0.723,48709700,0.724,34998700,218,0,0
sh513130,09:30:30,1766539831633,09:31:30,1766539830785,0.719,0.7202,-0.1666,5503.68,0.9032,4.5695,1355000,974802,0.7194,1.013,0.719,5401000,0.718,36266500,0.717,36975000,0.716,40928000,0.715,36075900,0.720,37607900,0.721,58960300,0.722,43028100,0.723,48997500,0.724,35702300,848,0,0
sh513130,09:30:30,1766539832630,09:31:30,1766539832582,0.719,0.7202,-0.1666,5503.68,0.9032,2.6245,0,0,0.719,0.997,0.719,5401000,0.718,36266500,0.717,36975000,0.716,40928000,0.715,36075900,0.720,37607900,0.721,58960300,0.722,43028100,0.723,48997500,0.724,35702300,47,0,0
sh513130,09:30:30,1766539833622,09:31:32,1766539832797,0.719,0.7202,-0.1666,5502.55,0.9032,1.3909,0,0,0.719,0.992,0.719,5401000,0.718,36266500,0.717,36975000,0.716,40928000,0.715,36075900,0.720,37607900,0.721,58960300,0.722,43028100,0.723,48997500,0.724,35702300,824,0,0
sh513130,09:30:30,1766539834630,09:31:32,1766539832797,0.719,0.7202,-0.1666,5502.55,0.9032,1.3776,0,0,0.719,1.007,0.719,5401000,0.718,36266500,0.717,36975000,0.716,40928000,0.715,36075900,0.720,37607900,0.721,58960300,0.722,43028100,0.723,48997500,0.724,35702300,1832,0,0
sh513130,09:30:33,1766539835621,09:31:34,1766539834786,0.719,0.7195,-0.0695,5502.3,0.9032,4.8833,4237000,3046440,0.719,0.991,0.719,5620800,0.718,46696200,0.717,46970900,0.716,41030600,0.715,36098500,0.720,38886900,0.721,59391700,0.722,40145000,0.723,46158500,0.724,35820300,835,0,0
sh513130,09:30:33,1766539836627,09:31:34,1766539834786,0.719,0.7195,-0.0695,5502.3,0.9032,4.8016,0,0,0.719,1.006,0.719,5620800,0.718,46696200,0.717,46970900,0.716,41030600,0.715,36098500,0.720,38886900,0.721,59391700,0.722,40145000,0.723,46158500,0.724,35820300,1841,0,0
sh513130,09:30:33,1766539837631,09:31:36,1766539836988,0.719,0.7195,-0.0695,5503.6,0.9032,4.9618,0,0,0.719,1.003,0.719,5620800,0.718,46696200,0.717,46970900,0.716,41030600,0.715,36098500,0.720,38886900,0.721,59391700,0.722,40145000,0.723,46158500,0.724,35820300,642,0,0
sh513130,09:30:36,1766539838630,09:31:36,1766539836988,0.72,0.7195,0.0695,5503.6,0.9032,4.136,1959100,1409246,0.7193,0.999,0.719,4243200,0.718,46022500,0.717,49913000,0.716,41045600,0.715,36100500,0.720,38823500,0.721,59537200,0.722,40803300,0.723,47168500,0.724,35983400,1641,0,0
sh513130,09:30:36,1766539839610,09:31:38,1766539839171,0.72,0.7195,0.0695,5503.34,0.9032,3.6291,0,0,0.72,0.981,0.719,4243200,0.718,46022500,0.717,49913000,0.716,41045600,0.715,36100500,0.720,38823500,0.721,59537200,0.722,40803300,0.723,47168500,0.724,35983400,439,0,0
sh513130,09:30:39,1766539840602,09:31:38,1766539839171,0.72,0.7195,0.0695,5503.34,0.9032,3.5629,125700,90382,0.719,0.991,0.719,7286200,0.718,46122500,0.717,49913000,0.716,41186300,0.715,36101500,0.720,40169200,0.721,59552200,0.722,41358500,0.723,47380300,0.724,36138900,1430,0,0
sh513130,09:30:39,1766539841600,09:31:40,1766539841350,0.72,0.7195,0.0695,5504.96,0.9032,3.0554,0,0,0.72,0.998,0.719,7286200,0.718,46122500,0.717,49913000,0.716,41186300,0.715,36101500,0.720,40169200,0.721,59552200,0.722,41358500,0.723,47380300,0.724,36138900,249,0,0
sh513130,09:30:39,1766539842602,09:31:40,1766539841350,0.72,0.7195,0.0695,5504.96,0.9032,3.0287,0,0,0.72,1.002,0.719,7286200,0.718,46122500,0.717,49913000,0.716,41186300,0.715,36101500,0.720,40169200,0.721,59552200,0.722,41358500,0.723,47380300,0.724,36138900,1251,0,0
sh513130,09:30:39,1766539843603,09:31:42,1766539843541,0.72,0.7195,0.0695,5506.11,0.9032,4.4797,0,0,0.72,1.001,0.719,7286200,0.718,46122500,0.717,49913000,0.716,41186300,0.715,36101500,0.720,40169200,0.721,59552200,0.722,41358500,0.723,47380300,0.724,36138900,62,0,0
sh513130,09:30:42,1766539844606,09:31:42,1766539843541,0.72,0.7195,0.0695,5506.11,0.9032,4.4022,945500,680540,0.7198,1.002,0.719,18404700,0.718,60955700,0.717,64568300,0.716,48806300,0.715,36101500,0.720,40180400,0.721,61708600,0.722,44508500,0.723,49502700,0.724,36238900,1065,0,0
sh513130,09:30:42,1766539845593,09:31:44,1766539844732,0.72,0.7195,0.0695,5505.01,0.9032,4.8625,0,0,0.72,0.988,0.719,18404700,0.718,60955700,0.717,64568300,0.716,48806300,0.715,36101500,0.720,40180400,0.721,61708600,0.722,44508500,0.723,49502700,0.724,36238900,861,0,0
sh513130,09:30:42,1766539846590,09:31:44,1766539845737,0.72,0.7195,0.0695,5505.01,0.9032,4.863,0,0,0.72,0.997,0.719,18404700,0.718,60955700,0.717,64568300,0.716,48806300,0.715,36101500,0.720,40180400,0.721,61708600,0.722,44508500,0.723,49502700,0.724,36238900,853,0,0
sh513130,09:30:42,1766539847598,09:31:46,1766539846845,0.72,0.7195,0.0695,5506.06,0.9032,4.0179,0,0,0.72,1.007,0.719,18404700,0.718,60955700,0.717,64568300,0.716,48806300,0.715,36101500,0.720,40180400,0.721,61708600,0.722,44508500,0.723,49502700,0.724,36238900,752,0,0
sh513130,09:30:45,1766539848584,09:31:46,1766539847930,0.719,0.7195,-0.0695,5506.06,0.9032,2.8562,316200,227411,0.7192,0.987,0.719,28329000,0.718,61063100,0.717,64806400,0.716,41238300,0.715,36108500,0.720,43770300,0.721,62726800,0.722,43508500,0.723,47548300,0.724,36544100,654,0,0
sh513130,09:30:45,1766539849584,09:31:48,1766539848747,0.719,0.7195,-0.0695,5504.24,0.9032,2.698,0,0,0.719,0.999,0.719,28329000,0.718,61063100,0.717,64806400,0.716,41238300,0.715,36108500,0.720,43770300,0.721,62726800,0.722,43508500,0.723,47548300,0.724,36544100,836,0,0
sh513130,09:30:48,1766539850584,09:31:48,1766539850129,0.72,0.7202,-0.0278,5504.24,0.9032,2.5612,304900,219455,0.7198,1.001,0.719,53052900,0.718,62154000,0.717,63796600,0.716,33858300,0.715,36128500,0.720,41744300,0.721,62454300,0.722,44161400,0.723,50538300,0.724,36528200,455,0,0
sh513130,09:30:48,1766539851581,09:31:50,1766539850796,0.72,0.7202,-0.0278,5505.47,0.9032,2.318,0,0,0.72,0.996,0.719,53052900,0.718,62154000,0.717,63796600,0.716,33858300,0.715,36128500,0.720,41744300,0.721,62454300,0.722,44161400,0.723,50538300,0.724,36528200,784,0,0
sh513130,09:30:48,1766539852582,09:31:50,1766539852345,0.72,0.7202,-0.0278,5505.47,0.9032,1.7756,0,0,0.72,1.002,0.719,53052900,0.718,62154000,0.717,63796600,0.716,33858300,0.715,36128500,0.720,41744300,0.721,62454300,0.722,44161400,0.723,50538300,0.724,36528200,236,0,0
sh513130,09:30:51,1766539853578,09:31:52,1766539853454,0.72,0.7202,-0.0278,5504.2,0.9032,3.0171,15100,10865,0.7195,0.995,0.719,45919200,0.718,62312700,0.717,63796600,0.716,41238300,0.715,36218600,0.720,44170800,0.721,62523800,0.722,45340900,0.723,48638300,0.724,36513200,123,0,0
sh513130,09:30:51,1766539854567,09:31:52,1766539854549,0.72,0.7202,-0.0278,5504.2,0.9032,2.8166,0,0,0.72,0.99,0.719,45919200,0.718,62312700,0.717,63796600,0.716,41238300,0.715,36218600,0.720,44170800,0.721,62523800,0.722,45340900,0.723,48638300,0.724,36513200,18,0,0
sh513130,09:30:51,1766539855555,09:31:54,1766539854774,0.72,0.7202,-0.0278,5503.05,0.9032,2.6384,0,0,0.72,0.988,0.719,45919200,0.718,62312700,0.717,63796600,0.716,41238300,0.715,36218600,0.720,44170800,0.721,62523800,0.722,45340900,0.723,48638300,0.724,36513200,780,0,0
sh513130,09:30:54,1766539856556,09:31:54,1766539854774,0.72,0.7202,-0.0278,5503.05,0.9032,6.3318,626400,450881,0.7198,1.001,0.719,52357500,0.718,62662700,0.717,63789600,0.716,34858300,0.715,36278600,0.720,45491800,0.721,62509100,0.722,45340900,0.723,48701100,0.724,36518200,1782,0,0
sh513130,09:30:54,1766539857571,09:31:56,1766539856747,0.72,0.7202,-0.0278,5502.54,0.9032,6.2783,0,0,0.72,1.015,0.719,52357500,0.718,62662700,0.717,63789600,0.716,34858300,0.715,36278600,0.720,45491800,0.721,62509100,0.722,45340900,0.723,48701100,0.724,36518200,823,0,0
sh513130,09:30:54,1766539858572,09:31:56,1766539856747,0.72,0.7202,-0.0278,5502.54,0.9032,5.6176,0,0,0.72,1.001,0.719,52357500,0.718,62662700,0.717,63789600,0.716,34858300,0.715,36278600,0.720,45491800,0.721,62509100,0.722,45340900,0.723,48701100,0.724,36518200,1824,0,0
sh513130,09:30:57,1766539859563,09:31:58,1766539858940,0.72,0.7202,-0.0278,5503.55,0.9032,5.53,1004700,723298,0.7199,0.991,0.719,46686400,0.718,62667700,0.717,63797600,0.716,41233900,0.715,36278600,0.720,49980200,0.721,59197500,0.722,45458100,0.723,46706300,0.724,36658600,623,0,0
sh513130,09:30:57,1766539860561,09:31:58,1766539858940,0.72,0.7202,-0.0278,5503.55,0.9032,5.4124,0,0,0.72,0.997,0.719,46686400,0.718,62667700,0.717,63797600,0.716,41233900,0.715,36278600,0.720,49980200,0.721,59197500,0.722,45458100,0.723,46706300,0.724,36658600,1620,0,0
sh513130,09:30:57,1766539861558,09:32:00,1766539861147,0.72,0.7202,-0.0278,5503.57,0.9032,5.3261,0,0,0.72,0.997,0.719,46686400,0.718,62667700,0.717,63797600,0.716,41233900,0.715,36278600,0.720,49980200,0.721,59197500,0.722,45458100,0.723,46706300,0.724,36658600,410,0,0
sh513130,09:31:00,1766539862569,09:32:00,1766539861147,0.72,0.7202,-0.0278,5503.57,0.9032,4.6638,690800,496776,0.7191,1.011,0.719,46397500,0.718,62595100,0.717,63797600,0.716,41233900,0.715,36378600,0.720,52409500,0.721,59240400,0.722,45616700,0.723,46906300,0.724,36658600,1421,0,0
sh513130,09:31:00,1766539863561,09:32:02,1766539863345,0.72,0.7202,-0.0278,5503.03,0.9032,4.1681,0,0,0.72,0.992,0.719,46397500,0.718,62595100,0.717,63797600,0.716,41233900,0.715,36378600,0.720,52409500,0.721,59240400,0.722,45616700,0.723,46906300,0.724,36658600,214,0,0
sh513130,09:31:03,1766539864546,09:32:02,1766539863345,0.72,0.7202,-0.0278,5503.03,0.9032,4.4121,535200,385332,0.72,0.986,0.719,32426600,0.718,62620100,0.717,63792200,0.716,56230700,0.715,36402200,0.720,51857900,0.721,59351600,0.722,46121700,0.723,46906300,0.724,36658600,1200,0,0
sh513130,09:31:00,1766539865549,09:32:04,1766539865541,0.72,0.7202,-0.0278,5501.31,0.9032,4.3355,0,0,0.72,1.003,0.719,46397500,0.718,62595100,0.717,63797600,0.716,41233900,0.715,36378600,0.720,52409500,0.721,59240400,0.722,45616700,0.723,46906300,0.724,36658600,8,0,1
sh513130,09:31:03,1766539866548,09:32:04,1766539865541,0.72,0.7202,-0.0278,5501.31,0.9032,4.6164,535200,385332,0.72,0.999,0.719,32426600,0.718,62620100,0.717,63792200,0.716,56230700,0.715,36402200,0.720,51857900,0.721,59351600,0.722,46121700,0.723,46906300,0.724,36658600,1007,0,0
sh513130,09:31:03,1766539867530,09:32:06,1766539866824,0.72,0.7202,-0.0278,5500.79,0.9032,4.7674,0,0,0.72,0.982,0.719,32426600,0.718,62620100,0.717,63792200,0.716,56230700,0.715,36402200,0.720,51857900,0.721,59351600,0.722,46121700,0.723,46906300,0.724,36658600,706,0,0
sh513130,09:31:06,1766539868539,09:32:06,1766539867738,0.72,0.7202,-0.0278,5500.79,0.9032,3.8213,580600,418018,0.72,1.009,0.719,33504300,0.718,62768700,0.717,63792200,0.716,56185100,0.715,36544400,0.720,51527900,0.721,59381500,0.722,46697800,0.723,46919400,0.724,36644100,801,0,0
sh513130,09:31:06,1766539869524,09:32:08,1766539868816,0.72,0.7202,-0.0278,5502.46,0.9032,4.0216,0,0,0.72,0.985,0.719,33504300,0.718,62768700,0.717,63792200,0.716,56185100,0.715,36544400,0.720,51527900,0.721,59381500,0.722,46697800,0.723,46919400,0.724,36644100,708,0,0
sh513130,09:31:09,1766539870521,09:32:08,1766539869939,0.719,0.7202,-0.1666,5502.46,0.9032,3.9588,1746800,1256196,0.7191,0.997,0.719,32100100,0.718,61514900,0.717,62802200,0.716,56185100,0.715,36550800,0.720,51970100,0.721,59401300,0.722,45817800,0.723,46011700,0.724,36689100,581,0,0
sh513130,09:31:06,1766539871514,09:32:10,1766539870741,0.72,0.7202,-0.0278,5502.27,0.9032,2.9274,0,0,0.72,0.994,0.719,33504300,0.718,62768700,0.717,63792200,0.716,56185100,0.715,36544400,0.720,51527900,0.721,59381500,0.722,46697800,0.723,46919400,0.724,36644100,773,0,1
sh513130,09:31:09,1766539872513,09:32:10,1766539872126,0.719,0.7202,-0.1666,5502.27,0.9032,5.9586,1746800,1256196,0.7191,0.999,0.719,32100100,0.718,61514900,0.717,62802200,0.716,56185100,0.715,36550800,0.720,51970100,0.721,59401300,0.722,45817800,0.723,46011700,0.724,36689100,387,0,0
sh513130,09:31:09,1766539873513,09:32:12,1766539872777,0.719,0.7202,-0.1666,5502.68,0.9032,7.569,0,0,0.719,1.0,0.719,32100100,0.718,61514900,0.717,62802200,0.716,56185100,0.715,36550800,0.720,51970100,0.721,59401300,0.722,45817800,0.723,46011700,0.724,36689100,736,0,0
sh513130,09:31:12,1766539874504,09:32:12,1766539874315,0.72,0.7202,-0.0278,5502.68,0.9032,7.4833,586900,422528,0.7199,0.991,0.719,43227500,0.718,61594900,0.717,62802200,0.716,41214900,0.715,36553800,0.720,52366300,0.721,60488200,0.722,45838500,0.723,46040000,0.724,37356700,189,0,0
sh513130,09:31:12,1766539875508,09:32:14,1766539874713,0.72,0.7202,-0.0278,5505.94,0.9032,6.1716,0,0,0.72,1.004,0.719,43227500,0.718,61594900,0.717,62802200,0.716,41214900,0.715,36553800,0.720,52366300,0.721,60488200,0.722,45838500,0.723,46040000,0.724,37356700,794,0,0
sh513130,09:31:12,1766539876502,09:32:14,1766539874713,0.72,0.7202,-0.0278,5505.94,0.9032,5.2118,0,0,0.72,0.995,0.719,43227500,0.718,61594900,0.717,62802200,0.716,41214900,0.715,36553800,0.720,52366300,0.721,60488200,0.722,45838500,0.723,46040000,0.724,37356700,1789,0,0
sh513130,09:31:15,1766539877507,09:32:16,1766539876768,0.719,0.7202,-0.1666,5505.05,0.9032,4.6441,125500,90265,0.7192,1.005,0.719,52035800,0.718,62759300,0.717,62782200,0.716,33834900,0.715,36553800,0.720,48267900,0.721,59092300,0.722,46830500,0.723,49100500,0.724,37442700,739,0,0
sh513130,09:31:15,1766539878509,09:32:16,1766539876768,0.719,0.7202,-0.1666,5505.05,0.9032,4.7776,0,0,0.719,1.001,0.719,52035800,0.718,62759300,0.717,62782200,0.716,33834900,0.715,36553800,0.720,48267900,0.721,59092300,0.722,46830500,0.723,49100500,0.724,37442700,1740,0,0
sh513130,09:31:15,1766539879501,09:32:18,1766539878813,0.719,0.7202,-0.1666,5505.87,0.9032,4.7227,0,0,0.719,0.992,0.719,52035800,0.718,62759300,0.717,62782200,0.716,33834900,0.715,36553800,0.720,48267900,0.721,59092300,0.722,46830500,0.723,49100500,0.724,37442700,687,0,0
sh513130,09:31:18,1766539880505,09:32:18,1766539878813,0.719,0.72,-0.1389,5505.87,0.9032,5.0093,342700,246533,0.7194,1.004,0.719,52916700,0.718,62759300,0.717,62688800,0.716,33834900,0.715,36553800,0.720,45549800,0.721,62622700,0.722,47833400,0.723,49120500,0.724,38039500,1691,0,0
sh513130,09:31:18,1766539881501,09:32:20,1766539880903,0.719,0.72,-0.1389,5505.76,0.9032,4.5068,0,0,0.719,0.996,0.719,52916700,0.718,62759300,0.717,62688800,0.716,33834900,0.715,36553800,0.720,45549800,0.721,62622700,0.722,47833400,0.723,49120500,0.724,38039500,597,0,0
sh513130,09:31:18,1766539882498,09:32:20,1766539880903,0.719,0.72,-0.1389,5505.76,0.9032,3.2095,0,0,0.719,0.997,0.719,52916700,0.718,62759300,0.717,62688800,0.716,33834900,0.715,36553800,0.720,45549800,0.721,62622700,0.722,47833400,0.723,49120500,0.724,38039500,1594,0,0
sh513130,09:31:21,1766539883502,09:32:22,1766539883095,0.72,0.72,0.0,5506.56,0.9032,5.3923,162300,116840,0.7199,1.004,0.719,54620500,0.718,62760400,0.717,62744700,0.716,33834900,0.715,36553800,0.720,46642600,0.721,62675300,0.722,46931400,0.723,49134500,0.724,39146000,406,0,0
sh513130,09:31:21,1766539884498,09:32:22,1766539883095,0.72,0.72,0.0,5506.56,0.9032,5.605,0,0,0.72,0.995,0.719,54620500,0.718,62760400,0.717,62744700,0.716,33834900,0.715,36553800,0.720,46642600,0.721,62675300,0.722,46931400,0.723,49134500,0.724,39146000,1402,0,0
sh513130,09:31:21,1766539885504,09:32:24,1766539885291,0.72,0.72,0.0,5507.83,0.9032,5.5174,0,0,0.72,1.006,0.719,54620500,0.718,62760400,0.717,62744700,0.716,33834900,0.715,36553800,0.720,46642600,0.721,62675300,0.722,46931400,0.723,49134500,0.724,39146000,213,0,0
sh513130,09:31:24,1766539886506,09:32:24,1766539885291,0.719,0.72,-0.1389,5507.83,0.9032,5.12,26400,18984,0.7191,1.002,0.719,57110100,0.718,64003700,0.717,62729700,0.716,33834900,0.715,36554800,0.720,47667100,0.721,63453500,0.722,46945300,0.723,49154600,0.724,39745800,1214,0,0
sh513130,09:31:24,1766539887498,09:32:26,1766539887481,0.719,0.72,-0.1389,5508.77,0.9032,4.5182,0,0,0.719,0.992,0.719,57110100,0.718,64003700,0.717,62729700,0.716,33834900,0.715,36554800,0.720,47667100,0.721,63453500,0.722,46945300,0.723,49154600,0.724,39745800,16,0,0
sh513130,09:31:24,1766539888486,09:32:26,1766539887481,0.719,0.72,-0.1389,5508.77,0.9032,4.445,0,0,0.719,0.989,0.719,57110100,0.718,64003700,0.717,62729700,0.716,33834900,0.715,36554800,0.720,47667100,0.721,63453500,0.722,46945300,0.723,49154600,0.724,39745800,1005,0,0
sh513130,09:31:27,1766539889476,09:32:28,1766539888799,0.72,0.72,0.0,5508.68,0.9032,5.5568,50008300,36005330,0.72,0.99,0.719,59321600,0.718,63956700,0.717,62819900,0.716,33793600,0.715,36553800,0.721,60992400,0.722,49468700,0.723,49357200,0.724,39782100,0.725,27811200,677,0,0
sh513130,09:31:27,1766539890473,09:32:28,1766539889677,0.72,0.72,0.0,5508.68,0.9032,5.3467,0,0,0.72,0.997,0.719,59321600,0.718,63956700,0.717,62819900,0.716,33793600,0.715,36553800,0.721,60992400,0.722,49468700,0.723,49357200,0.724,39782100,0.725,27811200,795,0,0
sh513130,09:31:27,1766539891467,09:32:30,1766539890814,0.72,0.72,0.0,5509.13,0.9032,5.2609,0,0,0.72,0.994,0.719,59321600,0.718,63956700,0.717,62819900,0.716,33793600,0.715,36553800,0.721,60992400,0.722,49468700,0.723,49357200,0.724,39782100,0.725,27811200,652,0,0
sh513130,09:31:27,1766539892464,09:32:30,1766539891871,0.72,0.72,0.0,5509.13,0.9032,4.3963,0,0,0.72,0.998,0.719,59321600,0.718,63956700,0.717,62819900,0.716,33793600,0.715,36553800,0.721,60992400,0.722,49468700,0.723,49357200,0.724,39782100,0.725,27811200,593,0,0
sh513130,09:31:30,1766539893471,09:32:32,1766539892759,0.72,0.72,0.0,5512.59,0.9032,4.3198,1095900,789048,0.72,1.006,0.720,62549000,0.719,59930700,0.718,61905000,0.717,30252200,0.716,33875400,0.721,63475900,0.722,49579900,0.723,49448200,0.724,39923200,0.725,27811200,711,0,0
sh513130,09:31:30,1766539894475,09:32:32,1766539894064,0.72,0.72,0.0,5512.59,0.9032,8.4927,0,0,0.72,1.005,0.720,62549000,0.719,59930700,0.718,61905000,0.717,30252200,0.716,33875400,0.721,63475900,0.722,49579900,0.723,49448200,0.724,39923200,0.725,27811200,411,0,0
sh513130,09:31:30,1766539895470,09:32:34,1766539894759,0.72,0.72,0.0,5512.05,0.9032,8.4213,0,0,0.72,0.995,0.720,62549000,0.719,59930700,0.718,61905000,0.717,30252200,0.716,33875400,0.721,63475900,0.722,49579900,0.723,49448200,0.724,39923200,0.725,27811200,710,0,0
sh513130,09:31:33,1766539896475,09:32:34,1766539896259,0.72,0.7207,-0.0971,5512.05,0.9032,7.1804,2893500,2085923,0.7209,1.005,0.720,66225200,0.719,60215600,0.718,60915900,0.717,30727700,0.716,33875400,0.721,59088100,0.722,49920800,0.723,49682400,0.724,41954200,0.725,27813300,216,0,0
sh513130,09:31:33,1766539897476,09:32:36,1766539896754,0.72,0.7207,-0.0971,5512.82,0.9032,6.1083,0,0,0.72,1.001,0.720,66225200,0.719,60215600,0.718,60915900,0.717,30727700,0.716,33875400,0.721,59088100,0.722,49920800,0.723,49682400,0.724,41954200,0.725,27813300,722,0,0
sh513130,09:31:33,1766539898473,09:32:36,1766539898464,0.72,0.7207,-0.0971,5512.82,0.9032,5.2708,0,0,0.72,0.997,0.720,66225200,0.719,60215600,0.718,60915900,0.717,30727700,0.716,33875400,0.721,59088100,0.722,49920800,0.723,49682400,0.724,41954200,0.725,27813300,9,0,0
sh513130,09:31:36,1766539899460,09:32:38,1766539898798,0.72,0.7207,-0.0971,5514.35,0.9032,3.3633,962200,692785,0.72,0.987,0.720,69605300,0.719,60586600,0.718,60960100,0.717,30757700,0.716,37265400,0.721,56246000,0.722,57044300,0.723,57352800,0.724,47954200,0.725,29094900,661,0,0
sh513130,09:31:36,1766539900458,09:32:38,1766539898798,0.72,0.7207,-0.0971,5514.35,0.9032,2.732,0,0,0.72,0.998,0.720,69605300,0.719,60586600,0.718,60960100,0.717,30757700,0.716,37265400,0.721,56246000,0.722,57044300,0.723,57352800,0.724,47954200,0.725,29094900,1659,0,0
sh513130,09:31:36,1766539901447,09:32:40,1766539900767,0.72,0.7207,-0.0971,5514.8,0.9032,2.1322,0,0,0.72,0.989,0.720,69605300,0.719,60586600,0.718,60960100,0.717,30757700,0.716,37265400,0.721,56246000,0.722,57044300,0.723,57352800,0.724,47954200,0.725,29094900,679,0,0
sh513130,09:31:39,1766539902453,09:32:40,1766539900767,0.72,0.7206,-0.0833,5514.8,0.9032,1.8323,3534400,2547853,0.7209,1.006,0.720,74964700,0.719,59723500,0.718,60573300,0.717,30767700,0.716,37249400,0.721,48836800,0.722,59856600,0.723,56362800,0.724,48030200,0.725,30610500,1685,0,0
sh513130,09:31:42,1766539903448,09:32:42,1766539902852,0.721,0.7213,-0.0416,5515.11,0.9032,1.5394,5745400,4142185,0.721,0.995,0.720,78003300,0.719,59690100,0.718,60601700,0.717,30767700,0.716,37269400,0.721,48374400,0.722,56943700,0.723,57126000,0.724,48157900,0.725,31210300,596,0,0
sh513130,09:31:42,1766539904443,09:32:42,1766539902852,0.721,0.7213,-0.0416,5515.11,0.9032,2.1985,0,0,0.721,0.995,0.720,78003300,0.719,59690100,0.718,60601700,0.717,30767700,0.716,37269400,0.721,48374400,0.722,56943700,0.723,57126000,0.724,48157900,0.725,31210300,1591,0,0
sh513130,09:31:42,1766539905441,09:32:44,1766539905071,0.721,0.7213,-0.0416,5514.72,0.9032,2.3947,0,0,0.721,0.998,0.720,78003300,0.719,59690100,0.718,60601700,0.717,30767700,0.716,37269400,0.721,48374400,0.722,56943700,0.723,57126000,0.724,48157900,0.725,31210300,370,0,0
sh513130,09:31:42,1766539906424,09:32:44,1766539905071,0.721,0.7213,-0.0416,5514.72,0.9032,2.5831,0,0,0.721,0.983,0.720,78003300,0.719,59690100,0.718,60601700,0.717,30767700,0.716,37269400,0.721,48374400,0.722,56943700,0.723,57126000,0.724,48157900,0.725,31210300,1352,0,0
sh513130,09:31:45,1766539907445,09:32:46,1766539907271,0.72,0.7213,-0.1802,5515.83,0.9032,2.3765,2127900,1534117,0.721,1.021,0.720,79067500,0.719,60206600,0.718,61816200,0.717,30766300,0.716,37324400,0.721,41437000,0.722,60467600,0.723,57144000,0.724,48922900,0.725,31331800,173,0,0
sh513130,09:31:45,1766539908424,09:32:46,1766539907271,0.72,0.7213,-0.1802,5515.83,0.9032,2.3307,0,0,0.72,0.979,0.720,79067500,0.719,60206600,0.718,61816200,0.717,30766300,0.716,37324400,0.721,41437000,0.722,60467600,0.723,57144000,0.724,48922900,0.725,31331800,1152,0,0
sh513130,09:31:45,1766539909414,09:32:48,1766539908743,0.72,0.7213,-0.1802,5517.02,0.9032,2.1571,0,0,0.72,0.99,0.720,79067500,0.719,60206600,0.718,61816200,0.717,30766300,0.716,37324400,0.721,41437000,0.722,60467600,0.723,57144000,0.724,48922900,0.725,31331800,670,0,0
sh513130,09:31:48,1766539910390,09:32:48,1766539909487,0.72,0.7213,-0.1802,5517.02,0.9032,1.7076,233900,168408,0.72,0.976,0.720,79090800,0.719,60219600,0.718,62014100,0.717,30786300,0.716,37324400,0.721,42071900,0.722,60497600,0.723,57174000,0.724,49142700,0.725,33052500,902,0,0
sh513130,09:31:48,1766539911389,09:32:50,1766539910795,0.72,0.7213,-0.1802,5517.03,0.9032,1.2399,0,0,0.72,0.999,0.720,79090800,0.719,60219600,0.718,62014100,0.717,30786300,0.716,37324400,0.721,42071900,0.722,60497600,0.723,57174000,0.724,49142700,0.725,33052500,593,0,0
sh513130,09:31:48,1766539912398,09:32:50,1766539911687,0.72,0.7213,-0.1802,5517.03,0.9032,0.9317,0,0,0.72,1.009,0.720,79090800,0.719,60219600,0.718,62014100,0.717,30786300,0.716,37324400,0.721,42071900,0.722,60497600,0.723,57174000,0.724,49142700,0.725,33052500,709,0,0
sh513130,09:31:51,1766539913394,09:32:52,1766539912935,0.721,0.7213,-0.0416,5518.24,0.9032,0.9101,3460800,2494189,0.7207,0.996,0.720,78168500,0.719,60250600,0.718,61902800,0.717,30802600,0.716,37326400,0.721,40002300,0.722,60675600,0.723,57743400,0.724,49312100,0.725,33052500,458,0,0
sh513130,09:31:51,1766539914404,09:32:52,1766539913878,0.721,0.7213,-0.0416,5518.24,0.9032,2.0163,0,0,0.721,1.01,0.720,78168500,0.719,60250600,0.718,61902800,0.717,30802600,0.716,37326400,0.721,40002300,0.722,60675600,0.723,57743400,0.724,49312100,0.725,33052500,525,0,0
sh513130,09:31:51,1766539915393,09:32:54,1766539914776,0.721,0.7213,-0.0416,5518.38,0.9032,5.5286,0,0,0.721,0.989,0.720,78168500,0.719,60250600,0.718,61902800,0.717,30802600,0.716,37326400,0.721,40002300,0.722,60675600,0.723,57743400,0.724,49312100,0.725,33052500,616,0,0
sh513130,09:31:54,1766539916376,09:32:54,1766539916072,0.721,0.7213,-0.0416,5518.38,0.9032,5.4415,2316300,1669031,0.7206,0.983,0.720,77703400,0.719,60267800,0.718,61897200,0.717,30717600,0.716,37343100,0.721,38956000,0.722,57872200,0.723,60700300,0.724,49472000,0.725,33158100,303,0,0
sh513130,09:31:54,1766539917382,09:32:56,1766539916773,0.721,0.7213,-0.0416,5517.98,0.9032,4.5424,0,0,0.721,1.006,0.720,77703400,0.719,60267800,0.718,61897200,0.717,30717600,0.716,37343100,0.721,38956000,0.722,57872200,0.723,60700300,0.724,49472000,0.725,33158100,607,0,0
sh513130,09:31:54,1766539918379,09:32:56,1766539918272,0.721,0.7213,-0.0416,5517.98,0.9032,3.9692,0,0,0.721,0.997,0.720,77703400,0.719,60267800,0.718,61897200,0.717,30717600,0.716,37343100,0.721,38956000,0.722,57872200,0.723,60700300,0.724,49472000,0.725,33158100,107,0,0
sh513130,09:31:57,1766539919383,09:32:58,1766539918789,0.721,0.7213,-0.0416,5517.71,0.9032,3.2699,41395500,29846077,0.721,1.004,0.721,16041700,0.720,79739900,0.719,58344500,0.718,62057800,0.717,30708300,0.722,60663900,0.723,60878500,0.724,52566500,0.725,33459200,0.726,35811700,593,0,0
sh513130,09:31:57,1766539920376,09:32:58,1766539918789,0.721,0.7213,-0.0416,5517.71,0.9032,3.098,0,0,0.721,0.993,0.721,16041700,0.720,79739900,0.719,58344500,0.718,62057800,0.717,30708300,0.722,60663900,0.723,60878500,0.724,52566500,0.725,33459200,0.726,35811700,1587,0,0
sh513130,09:32:00,1766539921378,09:33:00,1766539920791,0.721,0.7213,-0.0416,5517.05,0.9032,2.2938,255100,183927,0.721,1.002,0.721,34334700,0.720,88472300,0.719,56349500,0.718,51666700,0.717,30688200,0.722,60912400,0.723,61230700,0.724,52602600,0.725,33585800,0.726,35811700,587,0,0
sh513130,09:32:00,1766539922370,09:33:00,1766539920791,0.721,0.7213,-0.0416,5517.05,0.9032,1.8586,0,0,0.721,0.992,0.721,34334700,0.720,88472300,0.719,56349500,0.718,51666700,0.717,30688200,0.722,60912400,0.723,61230700,0.724,52602600,0.725,33585800,0.726,35811700,1579,0,0
sh513130,09:32:00,1766539923373,09:33:02,1766539922811,0.721,0.7213,-0.0416,5516.89,0.9032,2.2799,0,0,0.721,1.002,0.721,34334700,0.720,88472300,0.719,56349500,0.718,51666700,0.717,30688200,0.722,60912400,0.723,61230700,0.724,52602600,0.725,33585800,0.726,35811700,562,0,0
sh513130,09:32:00,1766539924375,09:33:02,1766539923711,0.721,0.7213,-0.0416,5516.89,0.9032,3.0691,0,0,0.721,1.002,0.721,34334700,0.720,88472300,0.719,56349500,0.718,51666700,0.717,30688200,0.722,60912400,0.723,61230700,0.724,52602600,0.725,33585800,0.726,35811700,663,0,0
sh513130,09:32:00,1766539925381,09:33:04,1766539924870,0.721,0.7213,-0.0416,5517.71,0.9032,3.2097,0,0,0.721,1.007,0.721,34334700,0.720,88472300,0.719,56349500,0.718,51666700,0.717,30688200,0.722,60912400,0.723,61230700,0.724,52602600,0.725,33585800,0.726,35811700,511,0,0
sh513130,09:32:03,1766539926371,09:33:04,1766539924870,0.722,0.722,0.0,5517.71,0.9032,3.3929,711200,512784,0.721,0.99,0.721,40880500,0.720,80103900,0.719,56378800,0.718,53470900,0.717,30645100,0.722,62568700,0.723,60486600,0.724,52602200,0.725,33589900,0.726,35811800,1500,0,0
sh513130,09:32:03,1766539927375,09:33:06,1766539927070,0.722,0.722,0.0,5516.5,0.9032,3.0176,0,0,0.722,1.005,0.721,40880500,0.720,80103900,0.719,56378800,0.718,53470900,0.717,30645100,0.722,62568700,0.723,60486600,0.724,52602200,0.725,33589900,0.726,35811800,304,0,0
sh513130,09:32:06,1766539928371,09:33:06,1766539927070,0.721,0.722,-0.1385,5516.5,0.9032,2.9751,292600,210964,0.721,0.995,0.721,46858100,0.720,80144700,0.719,56501900,0.718,53441200,0.717,30649500,0.722,63727000,0.723,60840700,0.724,52901300,0.725,34514700,0.726,35879100,1299,0,0
sh513130,09:32:06,1766539929373,09:33:08,1766539929282,0.721,0.722,-0.1385,5518.94,0.9032,3.3141,0,0,0.721,1.002,0.721,46858100,0.720,80144700,0.719,56501900,0.718,53441200,0.717,30649500,0.722,63727000,0.723,60840700,0.724,52901300,0.725,34514700,0.726,35879100,90,0,0
sh513130,09:32:06,1766539930365,09:33:08,1766539929282,0.721,0.722,-0.1385,5518.94,0.9032,2.9398,0,0,0.721,0.992,0.721,46858100,0.720,80144700,0.719,56501900,0.718,53441200,0.717,30649500,0.722,63727000,0.723,60840700,0.724,52901300,0.725,34514700,0.726,35879100,1082,0,0
sh513130,09:32:09,1766539931359,09:33:10,1766539930798,0.721,0.7213,-0.0416,5518.46,0.9032,2.5679,217400,156777,0.7211,0.994,0.721,48853900,0.720,80278800,0.719,59537800,0.718,52878800,0.717,30649500,0.722,64282300,0.723,61026700,0.724,52874000,0.725,34617600,0.726,35932200,560,0,0
sh513130,09:32:09,1766539932353,09:33:10,1766539931488,0.721,0.7213,-0.0416,5518.46,0.9032,2.213,0,0,0.721,0.994,0.721,48853900,0.720,80278800,0.719,59537800,0.718,52878800,0.717,30649500,0.722,64282300,0.723,61026700,0.724,52874000,0.725,34617600,0.726,35932200,864,0,0
sh513130,09:32:09,1766539933346,09:33:12,1766539932822,0.721,0.7213,-0.0416,5517.46,0.9032,2.5002,0,0,0.721,0.993,0.721,48853900,0.720,80278800,0.719,59537800,0.718,52878800,0.717,30649500,0.722,64282300,0.723,61026700,0.724,52874000,0.725,34617600,0.726,35932200,523,0,0
sh513130,09:32:12,1766539934339,09:33:12,1766539933686,0.721,0.7215,-0.0693,5517.46,0.9032,2.4556,187200,135076,0.7216,0.994,0.721,64020300,0.720,80361500,0.719,59610400,0.718,37990100,0.717,30649500,0.722,64988100,0.723,61697400,0.724,52943800,0.725,34663100,0.726,36001000,652,0,0
sh513130,09:32:12,1766539935346,09:33:14,1766539934780,0.721,0.7215,-0.0693,5520.35,0.9032,0.2573,0,0,0.721,1.007,0.721,64020300,0.720,80361500,0.719,59610400,0.718,37990100,0.717,30649500,0.722,64988100,0.723,61697400,0.724,52943800,0.725,34663100,0.726,36001000,566,0,0
sh513130,09:32:12,1766539936337,09:33:14,1766539935886,0.721,0.7215,-0.0693,5520.35,0.9032,4.0161,0,0,0.721,0.991,0.721,64020300,0.720,80361500,0.719,59610400,0.718,37990100,0.717,30649500,0.722,64988100,0.723,61697400,0.724,52943800,0.725,34663100,0.726,36001000,451,0,0
sh513130,09:32:15,1766539937335,09:33:16,1766539936794,0.721,0.7215,-0.0693,5521.25,0.9032,4.4048,711000,512819,0.7213,0.998,0.721,65008100,0.720,80965600,0.719,59796600,0.718,37859500,0.717,30644500,0.722,60636400,0.723,65969400,0.724,52997000,0.725,34660700,0.726,36051000,540,0,0
sh513130,09:32:15,1766539938339,09:33:16,1766539938087,0.721,0.7215,-0.0693,5521.25,0.9032,3.7288,0,0,0.721,1.004,0.721,65008100,0.720,80965600,0.719,59796600,0.718,37859500,0.717,30644500,0.722,60636400,0.723,65969400,0.724,52997000,0.725,34660700,0.726,36051000,251,0,0
sh513130,09:32:15,1766539939347,09:33:18,1766539938783,0.721,0.7215,-0.0693,5520.87,0.9032,2.9693,0,0,0.721,1.009,0.721,65008100,0.720,80965600,0.719,59796600,0.718,37859500,0.717,30644500,0.722,60636400,0.723,65969400,0.724,52997000,0.725,34660700,0.726,36051000,564,0,0
sh513130,09:32:18,1766539940354,09:33:18,1766539940279,0.722,0.7215,0.0693,5520.87,0.9032,2.4201,303600,218945,0.7212,1.007,0.721,68422200,0.720,81100000,0.719,59554800,0.718,37773200,0.717,30722400,0.722,67219900,0.723,62787500,0.724,53123100,0.725,34736500,0.726,36059000,74,0,0
sh513130,09:32:18,1766539941342,09:33:20,1766539940820,0.722,0.7215,0.0693,5520.17,0.9032,2.2063,0,0,0.722,0.988,0.721,68422200,0.720,81100000,0.719,59554800,0.718,37773200,0.717,30722400,0.722,67219900,0.723,62787500,0.724,53123100,0.725,34736500,0.726,36059000,521,0,0
sh513130,09:32:18,1766539942351,09:33:20,1766539940820,0.722,0.7215,0.0693,5520.17,0.9032,2.4932,0,0,0.722,1.009,0.721,68422200,0.720,81100000,0.719,59554800,0.718,37773200,0.717,30722400,0.722,67219900,0.723,62787500,0.724,53123100,0.725,34736500,0.726,36059000,1530,0,0
sh513130,09:32:18,1766539943345,09:33:22,1766539942789,0.722,0.7215,0.0693,5519.79,0.9032,2.4453,0,0,0.722,0.994,0.721,68422200,0.720,81100000,0.719,59554800,0.718,37773200,0.717,30722400,0.722,67219900,0.723,62787500,0.724,53123100,0.725,34736500,0.726,36059000,556,0,0
sh513130,09:32:21,1766539944339,09:33:22,1766539942789,0.721,0.7215,-0.0693,5519.79,0.9032,3.1084,848100,612245,0.7219,0.994,0.721,66170900,0.720,80948400,0.719,59783400,0.718,37500400,0.717,30732400,0.722,67536500,0.723,64280800,0.724,53173100,0.725,34750500,0.726,36051200,1550,0,0
sh513130,09:32:21,1766539945352,09:33:24,1766539944748,0.721,0.7215,-0.0693,5519.53,0.9032,4.1527,0,0,0.721,1.013,0.721,66170900,0.720,80948400,0.719,59783400,0.718,37500400,0.717,30732400,0.722,67536500,0.723,64280800,0.724,53173100,0.725,34750500,0.726,36051200,603,0,0
sh513130,09:32:21,1766539946351,09:33:24,1766539944748,0.721,0.7215,-0.0693,5519.53,0.9032,3.2486,0,0,0.721,0.999,0.721,66170900,0.720,80948400,0.719,59783400,0.718,37500400,0.717,30732400,0.722,67536500,0.723,64280800,0.724,53173100,0.725,34750500,0.726,36051200,1602,0,0
sh513130,09:32:21,1766539947338,09:33:26,1766539946863,0.721,0.7215,-0.0693,5518.5,0.9032,3.7624,0,0,0.721,0.987,0.721,66170900,0.720,80948400,0.719,59783400,0.718,37500400,0.717,30732400,0.722,67536500,0.723,64280800,0.724,53173100,0.725,34750500,0.726,36051200,474,0,0
sh513130,09:32:24,1766539948345,09:33:26,1766539946863,0.722,0.7215,0.0693,5518.5,0.9032,3.731,498500,359691,0.7215,1.008,0.721,50694800,0.720,81629100,0.719,59793400,0.718,52476300,0.717,30742400,0.722,67702700,0.723,64913800,0.724,53655200,0.725,35182300,0.726,36066900,1482,0,0
sh513130,09:32:27,1766539949341,09:33:28,1766539949056,0.721,0.7222,-0.1662,5518.48,0.9032,3.0661,250700,180849,0.7214,0.995,0.721,50553500,0.720,82215800,0.719,59806000,0.718,52468300,0.717,30742400,0.722,68309900,0.723,65138600,0.724,53721000,0.725,35410100,0.726,36282300,284,0,0
sh513130,09:32:27,1766539950351,09:33:28,1766539949056,0.721,0.7222,-0.1662,5518.48,0.9032,2.5772,0,0,0.721,1.01,0.721,50553500,0.720,82215800,0.719,59806000,0.718,52468300,0.717,30742400,0.722,68309900,0.723,65138600,0.724,53721000,0.725,35410100,0.726,36282300,1294,0,0
sh513130,09:32:27,1766539951342,09:33:30,1766539951274,0.721,0.7222,-0.1662,5518.11,0.9032,1.4421,0,0,0.721,0.991,0.721,50553500,0.720,82215800,0.719,59806000,0.718,52468300,0.717,30742400,0.722,68309900,0.723,65138600,0.724,53721000,0.725,35410100,0.726,36282300,67,0,0
sh513130,09:32:27,1766539952343,09:33:30,1766539951274,0.721,0.7222,-0.1662,5518.11,0.9032,1.4342,0,0,0.721,1.001,0.721,50553500,0.720,82215800,0.719,59806000,0.718,52468300,0.717,30742400,0.722,68309900,0.723,65138600,0.724,53721000,0.725,35410100,0.726,36282300,1069,0,0
sh513130,09:32:30,1766539953338,09:33:32,1766539952764,0.721,0.7222,-0.1662,5518.16,0.9032,1.4763,1432300,1032787,0.7211,0.995,0.721,48833000,0.720,67736000,0.719,59835000,0.718,53270100,0.717,30742400,0.722,70296900,0.723,65666300,0.724,53722000,0.725,35868800,0.726,36412500,574,0,0
sh513130,09:32:30,1766539954341,09:33:32,1766539953464,0.721,0.7222,-0.1662,5518.16,0.9032,0.7904,0,0,0.721,1.002,0.721,48833000,0.720,67736000,0.719,59835000,0.718,53270100,0.717,30742400,0.722,70296900,0.723,65666300,0.724,53722000,0.725,35868800,0.726,36412500,876,0,0
sh513130,09:32:33,1766539955346,09:33:34,1766539954714,0.721,0.7222,-0.1662,5517.71,0.9032,0.7747,233600,168483,0.7212,1.006,0.721,48077300,0.720,68068300,0.719,59854500,0.718,53136700,0.717,30742400,0.722,70744800,0.723,66913100,0.724,54422200,0.725,36131700,0.726,36535800,631,0,0
sh513130,09:32:33,1766539956346,09:33:34,1766539955653,0.721,0.7222,-0.1662,5517.71,0.9032,0.2864,0,0,0.721,0.999,0.721,48077300,0.720,68068300,0.719,59854500,0.718,53136700,0.717,30742400,0.722,70744800,0.723,66913100,0.724,54422200,0.725,36131700,0.726,36535800,692,0,0
sh513130,09:32:33,1766539957345,09:33:36,1766539956813,0.721,0.7222,-0.1662,5516.73,0.9032,0.532,0,0,0.721,1.0,0.721,48077300,0.720,68068300,0.719,59854500,0.718,53136700,0.717,30742400,0.722,70744800,0.723,66913100,0.724,54422200,0.725,36131700,0.726,36535800,532,0,0
sh513130,09:32:33,1766539958340,09:33:36,1766539957850,0.721,0.7222,-0.1662,5516.73,0.9032,1.8204,0,0,0.721,0.995,0.721,48077300,0.720,68068300,0.719,59854500,0.718,53136700,0.717,30742400,0.722,70744800,0.723,66913100,0.724,54422200,0.725,36131700,0.726,36535800,490,0,0
sh513130,09:32:36,1766539959340,09:33:38,1766539958970,0.722,0.7222,-0.0277,5517.91,0.9032,1.6733,855000,616570,0.7211,1.0,0.721,64160800,0.720,69568300,0.719,59836800,0.718,52366900,0.717,30242400,0.722,71282400,0.723,67204300,0.724,54545600,0.725,36321600,0.726,36555200,369,0,0
sh513130,09:32:36,1766539960348,09:33:38,1766539960038,0.722,0.7222,-0.0277,5517.91,0.9032,1.6545,0,0,0.722,1.008,0.721,64160800,0.720,69568300,0.719,59836800,0.718,52366900,0.717,30242400,0.722,71282400,0.723,67204300,0.724,54545600,0.725,36321600,0.726,36555200,309,0,0
sh513130,09:32:39,1766539961343,09:33:40,1766539960817,0.722,0.7222,-0.0277,5518.8,0.9032,2.0599,284100,205039,0.7217,0.994,0.721,64391400,0.720,70199900,0.719,59748500,0.718,52256300,0.717,30242400,0.722,71335200,0.723,67284800,0.724,54899200,0.725,37471600,0.726,36624900,525,0,0
sh513130,09:32:39,1766539962348,09:33:40,1766539962225,0.722,0.7222,-0.0277,5518.8,0.9032,1.7891,0,0,0.722,1.006,0.721,64391400,0.720,70199900,0.719,59748500,0.718,52256300,0.717,30242400,0.722,71335200,0.723,67284800,0.724,54899200,0.725,37471600,0.726,36624900,123,0,0
sh513130,09:32:39,1766539963340,09:33:42,1766539962797,0.722,0.7222,-0.0277,5518.83,0.9032,1.486,0,0,0.722,0.992,0.721,64391400,0.720,70199900,0.719,59748500,0.718,52256300,0.717,30242400,0.722,71335200,0.723,67284800,0.724,54899200,0.725,37471600,0.726,36624900,543,0,0
sh513130,09:32:42,1766539964343,09:33:42,1766539962797,0.722,0.7222,-0.0277,5518.83,0.9032,1.2787,859300,619612,0.7211,1.003,0.721,66524200,0.720,69430500,0.719,59834500,0.718,52251300,0.717,30242400,0.722,72122800,0.723,68344800,0.724,54938800,0.725,37557100,0.726,36776600,1546,0,0
sh513130,09:32:42,1766539965340,09:33:44,1766539964787,0.722,0.7222,-0.0277,5518.25,0.9032,2.242,0,0,0.722,0.997,0.721,66524200,0.720,69430500,0.719,59834500,0.718,52251300,0.717,30242400,0.722,72122800,0.723,68344800,0.724,54938800,0.725,37557100,0.726,36776600,553,0,0
sh513130,09:32:42,1766539966345,09:33:44,1766539964787,0.722,0.7222,-0.0277,5518.25,0.9032,2.1987,0,0,0.722,1.005,0.721,66524200,0.720,69430500,0.719,59834500,0.718,52251300,0.717,30242400,0.722,72122800,0.723,68344800,0.724,54938800,0.725,37557100,0.726,36776600,1557,0,0
sh513130,09:32:42,1766539967342,09:33:46,1766539966758,0.722,0.7222,-0.0277,5518.52,0.9032,1.4945,0,0,0.722,0.997,0.721,66524200,0.720,69430500,0.719,59834500,0.718,52251300,0.717,30242400,0.722,72122800,0.723,68344800,0.724,54938800,0.725,37557100,0.726,36776600,583,0,0
sh513130,09:32:45,1766539968352,09:33:46,1766539966758,0.721,0.7222,-0.1662,5518.52,0.9032,2.3936,626800,452478,0.7219,1.01,0.721,68130300,0.720,70562800,0.719,59869500,0.718,51985300,0.717,30262400,0.722,72561900,0.723,67500800,0.724,55285900,0.725,38024400,0.726,37281500,1593,0,0
sh513130,09:32:45,1766539969342,09:33:48,1766539968854,0.721,0.7222,-0.1662,5518.32,0.9032,1.8502,0,0,0.721,0.99,0.721,68130300,0.720,70562800,0.719,59869500,0.718,51985300,0.717,30262400,0.722,72561900,0.723,67500800,0.724,55285900,0.725,38024400,0.726,37281500,487,0,0
sh513130,09:32:48,1766539970348,09:33:48,1766539968854,0.722,0.7222,-0.0277,5518.32,0.9032,2.7151,216600,156296,0.7216,1.006,0.721,68049600,0.720,70535800,0.719,60759400,0.718,51957400,0.717,30272400,0.722,72775300,0.723,69186900,0.724,55395900,0.725,38094400,0.726,37272000,1493,0,0
sh513130,09:32:48,1766539971341,09:33:50,1766539971044,0.722,0.7222,-0.0277,5518.22,0.9032,2.2478,0,0,0.722,0.993,0.721,68049600,0.720,70535800,0.719,60759400,0.718,51957400,0.717,30272400,0.722,72775300,0.723,69186900,0.724,55395900,0.725,38094400,0.726,37272000,295,0,0
sh513130,09:32:48,1766539972346,09:33:50,1766539971044,0.722,0.7222,-0.0277,5518.22,0.9032,0.8687,0,0,0.722,1.006,0.721,68049600,0.720,70535800,0.719,60759400,0.718,51957400,0.717,30272400,0.722,72775300,0.723,69186900,0.724,55395900,0.725,38094400,0.726,37272000,1300,0,0
sh513130,09:32:51,1766539973340,09:33:52,1766539973230,0.722,0.7222,-0.0277,5517.66,0.9032,0.8531,523200,377609,0.7217,0.994,0.721,58331500,0.720,70040500,0.719,61629600,0.718,52038400,0.717,30272400,0.722,74113200,0.723,68471600,0.724,55431100,0.725,38431700,0.726,37284000,110,0,0
sh513130,09:32:51,1766539974344,09:33:52,1766539973230,0.722,0.7222,-0.0277,5517.66,0.9032,2.5082,0,0,0.722,1.003,0.721,58331500,0.720,70040500,0.719,61629600,0.718,52038400,0.717,30272400,0.722,74113200,0.723,68471600,0.724,55431100,0.725,38431700,0.726,37284000,1114,0,0
sh513130,09:32:54,1766539975346,09:33:54,1766539974734,0.722,0.7222,-0.0277,5517.35,0.9032,1.8113,235000,169556,0.7215,1.002,0.721,83859800,0.720,70200200,0.719,61614100,0.718,37127500,0.717,29793100,0.722,75753800,0.723,69513000,0.724,55611200,0.725,40199200,0.726,37594500,612,0,0
sh513130,09:32:54,1766539976342,09:33:54,1766539975425,0.722,0.7222,-0.0277,5517.35,0.9032,1.4144,0,0,0.722,0.996,0.721,83859800,0.720,70200200,0.719,61614100,0.718,37127500,0.717,29793100,0.722,75753800,0.723,69513000,0.724,55611200,0.725,40199200,0.726,37594500,916,0,0
sh513130,09:32:54,1766539977338,09:33:56,1766539976713,0.722,0.7222,-0.0277,5519.71,0.9032,1.8987,0,0,0.722,0.997,0.721,83859800,0.720,70200200,0.719,61614100,0.718,37127500,0.717,29793100,0.722,75753800,0.723,69513000,0.724,55611200,0.725,40199200,0.726,37594500,625,0,0
sh513130,09:32:54,1766539978340,09:33:56,1766539977632,0.722,0.7222,-0.0277,5519.71,0.9032,2.1657,0,0,0.722,1.002,0.721,83859800,0.720,70200200,0.719,61614100,0.718,37127500,0.717,29793100,0.722,75753800,0.723,69513000,0.724,55611200,0.725,40199200,0.726,37594500,708,0,0
sh513130,09:32:57,1766539979347,09:33:58,1766539978792,0.721,0.7222,-0.1662,5519.86,0.9032,2.2838,276100,199172,0.7214,1.007,0.721,85316500,0.720,71190300,0.719,62481000,0.718,37407900,0.717,29793100,0.722,72689900,0.723,73041900,0.724,55679400,0.725,40109200,0.726,37671600,555,0,0
sh513130,09:32:57,1766539980350,09:33:58,1766539979824,0.721,0.7222,-0.1662,5519.86,0.9032,2.3025,0,0,0.721,1.003,0.721,85316500,0.720,71190300,0.719,62481000,0.718,37407900,0.717,29793100,0.722,72689900,0.723,73041900,0.724,55679400,0.725,40109200,0.726,37671600,526,0,0
sh513130,09:32:57,1766539981340,09:34:00,1766539980773,0.721,0.7222,-0.1662,5520.42,0.9032,2.2263,0,0,0.721,0.99,0.721,85316500,0.720,71190300,0.719,62481000,0.718,37407900,0.717,29793100,0.722,72689900,0.723,73041900,0.724,55679400,0.725,40109200,0.726,37671600,567,0,0
sh513130,09:32:57,1766539982342,09:34:00,1766539982020,0.721,0.7222,-0.1662,5520.42,0.9032,2.2306,0,0,0.721,1.002,0.721,85316500,0.720,71190300,0.719,62481000,0.718,37407900,0.717,29793100,0.722,72689900,0.723,73041900,0.724,55679400,0.725,40109200,0.726,37671600,321,0,0
sh513130,09:33:00,1766539983346,09:34:02,1766539982830,0.722,0.7222,-0.0277,5517.15,0.9032,2.451,1328700,958280,0.7212,1.004,0.721,88464700,0.720,71664000,0.719,63360900,0.718,37417900,0.717,29863600,0.722,75113600,0.723,73391900,0.724,57659500,0.725,42638700,0.726,37712800,515,0,0
sh513130,09:33:00,1766539984352,09:34:02,1766539984227,0.722,0.7222,-0.0277,5517.15,0.9032,-1.1679,0,0,0.722,1.006,0.721,88464700,0.720,71664000,0.719,63360900,0.718,37417900,0.717,29863600,0.722,75113600,0.723,73391900,0.724,57659500,0.725,42638700,0.726,37712800,124,0,0
sh513130,09:33:03,1766539985334,09:34:04,1766539984778,0.722,0.7222,-0.0277,5518.84,0.9032,3.1699,88300,63700,0.7214,0.982,0.721,87445800,0.720,72047100,0.719,64370900,0.718,37460800,0.717,29863700,0.722,77172500,0.723,70268900,0.724,57715500,0.725,43089400,0.726,37714800,555,0,0
sh513130,09:33:03,1766539986337,09:34:04,1766539984778,0.722,0.7222,-0.0277,5518.84,0.9032,4.2421,0,0,0.722,1.003,0.721,87445800,0.720,72047100,0.719,64370900,0.718,37460800,0.717,29863700,0.722,77172500,0.723,70268900,0.724,57715500,0.725,43089400,0.726,37714800,1558,0,0
sh513130,09:33:03,1766539987336,09:34:06,1766539986723,0.722,0.7222,-0.0277,5519.2,0.9032,4.1894,0,0,0.722,0.999,0.721,87445800,0.720,72047100,0.719,64370900,0.718,37460800,0.717,29863700,0.722,77172500,0.723,70268900,0.724,57715500,0.725,43089400,0.726,37714800,613,0,0
sh513130,09:33:03,1766539988325,09:34:06,1766539986723,0.722,0.7222,-0.0277,5519.2,0.9032,3.5403,0,0,0.722,0.989,0.721,87445800,0.720,72047100,0.719,64370900,0.718,37460800,0.717,29863700,0.722,77172500,0.723,70268900,0.724,57715500,0.725,43089400,0.726,37714800,1602,0,0
sh513130,09:33:06,1766539989328,09:34:08,1766539988748,0.722,0.7222,-0.0277,5519.25,0.9032,3.2582,92800,66992,0.7219,1.003,0.721,87591700,0.720,72134300,0.719,65250800,0.718,37437900,0.717,29833100,0.722,81386100,0.723,70365800,0.724,57593100,0.725,43138800,0.726,37714800,579,0,0
sh513130,09:33:06,1766539990320,09:34:08,1766539988748,0.722,0.7222,-0.0277,5519.25,0.9032,3.3925,0,0,0.722,0.992,0.721,87591700,0.720,72134300,0.719,65250800,0.718,37437900,0.717,29833100,0.722,81386100,0.723,70365800,0.724,57593100,0.725,43138800,0.726,37714800,1571,0,0
sh513130,09:33:06,1766539991313,09:34:10,1766539990804,0.722,0.7222,-0.0277,5517.62,0.9032,1.588,0,0,0.722,0.993,0.721,87591700,0.720,72134300,0.719,65250800,0.718,37437900,0.717,29833100,0.722,81386100,0.723,70365800,0.724,57593100,0.725,43138800,0.726,37714800,509,0,0
sh513130,09:33:09,1766539992316,09:34:10,1766539990804,0.721,0.7222,-0.1662,5517.62,0.9032,1.5568,237900,171761,0.722,1.003,0.721,86569000,0.720,72139900,0.719,65939300,0.718,37498600,0.717,29833900,0.722,84029000,0.723,70373600,0.724,57930900,0.725,43895700,0.726,38323900,1511,0,0
sh513130,09:33:09,1766539993315,09:34:12,1766539992994,0.721,0.7222,-0.1662,5517.51,0.9032,1.2114,0,0,0.721,0.999,0.721,86569000,0.720,72139900,0.719,65939300,0.718,37498600,0.717,29833900,0.722,84029000,0.723,70373600,0.724,57930900,0.725,43895700,0.726,38323900,321,0,0
sh513130,09:33:12,1766539994310,09:34:12,1766539992994,0.722,0.7222,-0.0277,5517.51,0.9032,2.4059,92600,66828,0.7217,0.995,0.721,72853700,0.720,72074200,0.719,65522500,0.718,53379800,0.717,29835900,0.722,86276800,0.723,73725900,0.724,58016500,0.725,40930700,0.726,38613500,1316,0,0
sh513130,09:33:12,1766539995314,09:34:14,1766539995182,0.722,0.7222,-0.0277,5517.65,0.9032,2.6833,0,0,0.722,1.004,0.721,72853700,0.720,72074200,0.719,65522500,0.718,53379800,0.717,29835900,0.722,86276800,0.723,73725900,0.724,58016500,0.725,40930700,0.726,38613500,132,0,0
sh513130,09:33:12,1766539996318,09:34:14,1766539995182,0.722,0.7222,-0.0277,5517.65,0.9032,2.6322,0,0,0.722,1.004,0.721,72853700,0.720,72074200,0.719,65522500,0.718,53379800,0.717,29835900,0.722,86276800,0.723,73725900,0.724,58016500,0.725,40930700,0.726,38613500,1136,0,0
sh513130,09:33:15,1766539997319,09:34:16,1766539996724,0.722,0.7222,-0.0277,5517.36,0.9032,5.0792,130100,93877,0.7216,1.001,0.721,60167300,0.720,80739600,0.719,65523700,0.718,54261000,0.717,29845900,0.722,87566600,0.723,74936600,0.724,58068100,0.725,40992000,0.726,38717600,594,0,0
sh513130,09:33:15,1766539998322,09:34:16,1766539997365,0.722,0.7222,-0.0277,5517.36,0.9032,4.8283,0,0,0.722,1.003,0.721,60167300,0.720,80739600,0.719,65523700,0.718,54261000,0.717,29845900,0.722,87566600,0.723,74936600,0.724,58068100,0.725,40992000,0.726,38717600,956,0,0
sh513130,09:33:15,1766539999336,09:34:18,1766539998780,0.722,0.7222,-0.0277,5517.2,0.9032,5.4648,0,0,0.722,1.015,0.721,60167300,0.720,80739600,0.719,65523700,0.718,54261000,0.717,29845900,0.722,87566600,0.723,74936600,0.724,58068100,0.725,40992000,0.726,38717600,555,0,0
sh513130,09:33:18,1766540000325,09:34:18,1766539999557,0.722,0.7222,-0.0277,5517.2,0.9032,4.9819,262100,189001,0.7211,0.989,0.721,57360600,0.720,81582900,0.719,68493700,0.718,54261000,0.717,29925900,0.722,88174900,0.723,74209600,0.724,58178300,0.725,41129000,0.726,38879800,767,0,0
sh513130,09:33:18,1766540001328,09:34:20,1766540000748,0.722,0.7222,-0.0277,5517.01,0.9032,4.8666,0,0,0.722,1.003,0.721,57360600,0.720,81582900,0.719,68493700,0.718,54261000,0.717,29925900,0.722,88174900,0.723,74209600,0.724,58178300,0.725,41129000,0.726,38879800,579,0,0
sh513130,09:33:18,1766540002333,09:34:20,1766540001759,0.722,0.7222,-0.0277,5517.01,0.9032,5.4617,0,0,0.722,1.005,0.721,57360600,0.720,81582900,0.719,68493700,0.718,54261000,0.717,29925900,0.722,88174900,0.723,74209600,0.724,58178300,0.725,41129000,0.726,38879800,573,0,0
sh513130,09:33:21,1766540003326,09:34:22,1766540002751,0.721,0.7222,-0.1662,5516.05,0.9032,4.7475,321500,232057,0.7218,0.993,0.721,56330900,0.720,81575700,0.719,69513700,0.718,55152400,0.717,29925900,0.722,88588800,0.723,75370800,0.724,58721500,0.725,41175900,0.726,38998800,574,0,0
sh513130,09:33:21,1766540004323,09:34:22,1766540003952,0.721,0.7222,-0.1662,5516.05,0.9032,4.6671,0,0,0.721,0.997,0.721,56330900,0.720,81575700,0.719,69513700,0.718,55152400,0.717,29925900,0.722,88588800,0.723,75370800,0.724,58721500,0.725,41175900,0.726,38998800,371,0,0
sh513130,09:33:21,1766540005323,09:34:24,1766540004751,0.721,0.7222,-0.1662,5515.96,0.9032,7.3355,0,0,0.721,1.0,0.721,56330900,0.720,81575700,0.719,69513700,0.718,55152400,0.717,29925900,0.722,88588800,0.723,75370800,0.724,58721500,0.725,41175900,0.726,38998800,571,0,0
sh513130,09:33:21,1766540006326,09:34:24,1766540006137,0.721,0.7222,-0.1662,5515.96,0.9032,6.404,0,0,0.721,1.003,0.721,56330900,0.720,81575700,0.719,69513700,0.718,55152400,0.717,29925900,0.722,88588800,0.723,75370800,0.724,58721500,0.725,41175900,0.726,38998800,188,0,0
sh513130,09:33:24,1766540007373,09:34:26,1766540006720,0.722,0.7222,-0.0277,5516.21,0.9032,6.3136,947700,683499,0.7212,1.047,0.721,46741400,0.720,83576400,0.719,69513700,0.718,55311600,0.717,30525700,0.722,88653800,0.723,75901800,0.724,58828200,0.725,41373700,0.726,38985100,652,0,0
sh513130,09:33:24,1766540008335,09:34:26,1766540008327,0.722,0.7222,-0.0277,5516.21,0.9032,5.7453,0,0,0.722,0.962,0.721,46741400,0.720,83576400,0.719,69513700,0.718,55311600,0.717,30525700,0.722,88653800,0.723,75901800,0.724,58828200,0.725,41373700,0.726,38985100,8,0,0
sh513130,09:33:27,1766540009338,09:34:28,1766540008801,0.721,0.7215,-0.0693,5515.73,0.9032,5.697,220000,158623,0.721,1.003,0.721,62844200,0.720,83839900,0.719,69909800,0.718,56192800,0.717,30535700,0.722,90059200,0.723,77170400,0.724,60051200,0.725,41450800,0.726,39008900,536,0,0
sh513130,09:33:27,1766540010345,09:34:28,1766540008801,0.721,0.7215,-0.0693,5515.73,0.9032,4.7702,0,0,0.721,1.007,0.721,62844200,0.720,83839900,0.719,69909800,0.718,56192800,0.717,30535700,0.722,90059200,0.723,77170400,0.724,60051200,0.725,41450800,0.726,39008900,1544,0,0
sh513130,09:33:30,1766540011338,09:34:30,1766540010725,0.721,0.7215,-0.0693,5515.19,0.9032,4.5675,1695200,1223257,0.7216,0.993,0.721,41337000,0.720,83859900,0.719,68809800,0.718,57550300,0.717,30535700,0.722,89410000,0.723,78366000,0.724,60214100,0.725,41735000,0.726,39023900,613,0,0
sh513130,09:33:30,1766540012340,09:34:30,1766540010725,0.721,0.7215,-0.0693,5515.19,0.9032,4.2033,0,0,0.721,1.002,0.721,41337000,0.720,83859900,0.719,68809800,0.718,57550300,0.717,30535700,0.722,89410000,0.723,78366000,0.724,60214100,0.725,41735000,0.726,39023900,1615,0,0
sh513130,09:33:30,1766540013340,09:34:32,1766540012797,0.721,0.7215,-0.0693,5514.9,0.9032,5.7855,0,0,0.721,1.0,0.721,41337000,0.720,83859900,0.719,68809800,0.718,57550300,0.717,30535700,0.722,89410000,0.723,78366000,0.724,60214100,0.725,41735000,0.726,39023900,543,0,0
sh513130,09:33:30,1766540014344,09:34:32,1766540012797,0.721,0.7215,-0.0693,5514.9,0.9032,6.2191,0,0,0.721,1.004,0.721,41337000,0.720,83859900,0.719,68809800,0.718,57550300,0.717,30535700,0.722,89410000,0.723,78366000,0.724,60214100,0.725,41735000,0.726,39023900,1547,0,0
sh513130,09:33:33,1766540015340,09:34:34,1766540014982,0.721,0.7215,-0.0693,5516.62,0.9032,6.129,559800,403615,0.721,0.996,0.721,43446100,0.720,83965900,0.719,69790400,0.718,58145300,0.717,30595700,0.722,89782500,0.723,78536800,0.724,60321200,0.725,42036900,0.726,39023900,358,0,0
sh513130,09:33:33,1766540016339,09:34:34,1766540014982,0.721,0.7215,-0.0693,5516.62,0.9032,6.0609,0,0,0.721,0.999,0.721,43446100,0.720,83965900,0.719,69790400,0.718,58145300,0.717,30595700,0.722,89782500,0.723,78536800,0.724,60321200,0.725,42036900,0.726,39023900,1357,0,0
sh513130,09:33:33,1766540017344,09:34:36,1766540017187,0.721,0.7215,-0.0693,5514.95,0.9032,4.7664,0,0,0.721,1.005,0.721,43446100,0.720,83965900,0.719,69790400,0.718,58145300,0.717,30595700,0.722,89782500,0.723,78536800,0.724,60321200,0.725,42036900,0.726,39023900,156,0,0
sh513130,09:33:36,1766540018342,09:34:36,1766540017187,0.721,0.7215,-0.0693,5514.95,0.9032,4.0944,1648900,1189064,0.7211,0.998,0.721,45479800,0.720,84066900,0.719,69793400,0.718,58145300,0.717,30578400,0.722,90359800,0.723,80198500,0.724,60264200,0.725,42595000,0.726,39065300,1154,0,0
sh513130,09:33:36,1766540019341,09:34:38,1766540018713,0.721,0.7215,-0.0693,5515.2,0.9032,4.265,0,0,0.721,1.0,0.721,45479800,0.720,84066900,0.719,69793400,0.718,58145300,0.717,30578400,0.722,90359800,0.723,80198500,0.724,60264200,0.725,42595000,0.726,39065300,628,0,0
sh513130,09:33:36,1766540020354,09:34:38,1766540019381,0.721,0.7215,-0.0693,5515.2,0.9032,3.9514,0,0,0.721,1.013,0.721,45479800,0.720,84066900,0.719,69793400,0.718,58145300,0.717,30578400,0.722,90359800,0.723,80198500,0.724,60264200,0.725,42595000,0.726,39065300,973,0,0
sh513130,09:33:39,1766540021348,09:34:40,1766540020793,0.721,0.7215,-0.0693,5515.7,0.9032,5.5493,1926300,1388904,0.721,0.993,0.721,28592100,0.720,85104400,0.719,68883400,0.718,57689500,0.717,30622100,0.722,91994500,0.723,80541600,0.724,60177000,0.725,43156000,0.726,39210000,555,0,0
sh513130,09:33:39,1766540022349,09:34:40,1766540021567,0.721,0.7215,-0.0693,5515.7,0.9032,5.4882,0,0,0.721,1.001,0.721,28592100,0.720,85104400,0.719,68883400,0.718,57689500,0.717,30622100,0.722,91994500,0.723,80541600,0.724,60177000,0.725,43156000,0.726,39210000,782,0,0
sh513130,09:33:39,1766540023340,09:34:42,1766540022772,0.721,0.7215,-0.0693,5517.16,0.9032,4.8107,0,0,0.721,0.991,0.721,28592100,0.720,85104400,0.719,68883400,0.718,57689500,0.717,30622100,0.722,91994500,0.723,80541600,0.724,60177000,0.725,43156000,0.726,39210000,567,0,0
sh513130,09:33:42,1766540024341,09:34:42,1766540023764,0.721,0.7215,-0.0693,5517.16,0.9032,4.4106,1463900,1055538,0.721,1.001,0.721,53043400,0.720,76695000,0.719,68883400,0.718,57677500,0.717,30622100,0.722,93642500,0.723,80491600,0.724,60775400,0.725,43161800,0.726,39254200,576,0,0
sh513130,09:33:42,1766540025340,09:34:44,1766540024740,0.721,0.7215,-0.0693,5515.53,0.9032,4.3727,0,0,0.721,0.999,0.721,53043400,0.720,76695000,0.719,68883400,0.718,57677500,0.717,30622100,0.722,93642500,0.723,80491600,0.724,60775400,0.725,43161800,0.726,39254200,599,0,0
sh513130,09:33:42,1766540026345,09:34:44,1766540025973,0.721,0.7215,-0.0693,5515.53,0.9032,3.8328,0,0,0.721,1.005,0.721,53043400,0.720,76695000,0.719,68883400,0.718,57677500,0.717,30622100,0.722,93642500,0.723,80491600,0.724,60775400,0.725,43161800,0.726,39254200,372,0,0
sh513130,09:33:42,1766540027342,09:34:46,1766540026732,0.721,0.7215,-0.0693,5515.57,0.9032,5.4944,0,0,0.721,0.997,0.721,53043400,0.720,76695000,0.719,68883400,0.718,57677500,0.717,30622100,0.722,93642500,0.723,80491600,0.724,60775400,0.725,43161800,0.726,39254200,610,0,0
sh513130,09:33:45,1766540028347,09:34:46,1766540028181,0.721,0.7215,-0.0693,5515.57,0.9032,4.9492,8623600,6217666,0.721,1.005,0.721,14750600,0.720,85114200,0.719,67893400,0.718,57734700,0.717,30551100,0.722,94606400,0.723,81278100,0.724,60820600,0.725,43429900,0.726,39290200,166,0,0
sh513130,09:33:45,1766540029341,09:34:48,1766540028744,0.721,0.7215,-0.0693,5515.51,0.9032,4.1634,0,0,0.721,0.994,0.721,14750600,0.720,85114200,0.719,67893400,0.718,57734700,0.717,30551100,0.722,94606400,0.723,81278100,0.724,60820600,0.725,43429900,0.726,39290200,596,0,0
sh513130,09:33:45,1766540030344,09:34:48,1766540028744,0.721,0.7215,-0.0693,5515.51,0.9032,3.9114,0,0,0.721,1.003,0.721,14750600,0.720,85114200,0.719,67893400,0.718,57734700,0.717,30551100,0.722,94606400,0.723,81278100,0.724,60820600,0.725,43429900,0.726,39290200,1599,0,0
sh513130,09:33:48,1766540031346,09:34:50,1766540030802,0.721,0.7215,-0.0693,5515.41,0.9032,3.8906,16101700,11609272,0.721,1.002,0.720,86501400,0.719,71383400,0.718,58129200,0.717,31435500,0.716,37676200,0.721,7304200,0.722,93330300,0.723,80306800,0.724,61859500,0.725,43966000,544,0,0
sh513130,09:33:48,1766540032348,09:34:50,1766540030802,0.721,0.7215,-0.0693,5515.41,0.9032,3.3153,0,0,0.721,1.002,0.720,86501400,0.719,71383400,0.718,58129200,0.717,31435500,0.716,37676200,0.721,7304200,0.722,93330300,0.723,80306800,0.724,61859500,0.725,43966000,1546,0,0
sh513130,09:33:48,1766540033340,09:34:52,1766540032760,0.721,0.7215,-0.0693,5513.71,0.9032,3.3553,0,0,0.721,0.993,0.720,86501400,0.719,71383400,0.718,58129200,0.717,31435500,0.716,37676200,0.721,7304200,0.722,93330300,0.723,80306800,0.724,61859500,0.725,43966000,580,0,0
sh513130,09:33:51,1766540034347,09:34:52,1766540032760,0.721,0.7215,-0.0693,5513.71,0.9032,3.1091,12281700,8855082,0.721,1.007,0.720,87432800,0.719,70604900,0.718,58529700,0.717,30658100,0.716,37676200,0.721,5010400,0.722,95515000,0.723,81706800,0.724,61025600,0.725,43939000,1587,0,0
sh513130,09:33:51,1766540035341,09:34:54,1766540034777,0.721,0.7215,-0.0693,5514.3,0.9032,3.8519,0,0,0.721,0.993,0.720,87432800,0.719,70604900,0.718,58529700,0.717,30658100,0.716,37676200,0.721,5010400,0.722,95515000,0.723,81706800,0.724,61025600,0.725,43939000,564,0,0
sh513130,09:33:54,1766540036342,09:34:54,1766540034777,0.72,0.7215,-0.2079,5514.3,0.9032,3.7825,149200,107552,0.7209,1.001,0.720,86882600,0.719,70915800,0.718,59529700,0.717,31540500,0.716,37676200,0.721,11155900,0.722,93019000,0.723,81676800,0.724,58642400,0.725,44019800,1564,0,0
sh513130,09:33:54,1766540037339,09:34:56,1766540036964,0.72,0.7215,-0.2079,5514.44,0.9032,2.1627,0,0,0.72,0.998,0.720,86882600,0.719,70915800,0.718,59529700,0.717,31540500,0.716,37676200,0.721,11155900,0.722,93019000,0.723,81676800,0.724,58642400,0.725,44019800,375,0,0
sh513130,09:33:54,1766540038344,09:34:56,1766540036964,0.72,0.7215,-0.2079,5514.44,0.9032,2.1077,0,0,0.72,1.004,0.720,86882600,0.719,70915800,0.718,59529700,0.717,31540500,0.716,37676200,0.721,11155900,0.722,93019000,0.723,81676800,0.724,58642400,0.725,44019800,1380,0,0
sh513130,09:33:57,1766540039347,09:34:58,1766540039154,0.721,0.7215,-0.0693,5514.48,0.9032,1.5964,6622300,4774633,0.721,1.003,0.721,16493600,0.720,86084700,0.719,71935300,0.718,59534500,0.717,30664100,0.722,92335600,0.723,82147700,0.724,58190200,0.725,44067800,0.726,41514800,193,0,0
sh513130,09:33:57,1766540040350,09:34:58,1766540039154,0.721,0.7215,-0.0693,5514.48,0.9032,1.6358,0,0,0.721,1.003,0.721,16493600,0.720,86084700,0.719,71935300,0.718,59534500,0.717,30664100,0.722,92335600,0.723,82147700,0.724,58190200,0.725,44067800,0.726,41514800,1196,0,0
sh513130,09:33:57,1766540041344,09:35:00,1766540040832,0.721,0.7215,-0.0693,5514.85,0.9032,1.9142,0,0,0.721,0.994,0.721,16493600,0.720,86084700,0.719,71935300,0.718,59534500,0.717,30664100,0.722,92335600,0.723,82147700,0.724,58190200,0.725,44067800,0.726,41514800,512,0,0
sh513130,09:33:57,1766540042341,09:35:00,1766540041351,0.721,0.7215,-0.0693,5514.85,0.9032,2.5633,0,0,0.721,0.997,0.721,16493600,0.720,86084700,0.719,71935300,0.718,59534500,0.717,30664100,0.722,92335600,0.723,82147700,0.724,58190200,0.725,44067800,0.726,41514800,989,0,0
sh513130,09:34:00,1766540043340,09:35:02,1766540042769,0.721,0.7215,-0.0693,5514.41,0.9032,2.7318,562500,405562,0.721,1.0,0.721,26932800,0.720,87186000,0.719,71979300,0.718,59138600,0.717,30664100,0.722,94037300,0.723,82078900,0.724,59064000,0.725,44085600,0.726,41714800,571,0,0
sh513130,09:34:00,1766540044346,09:35:02,1766540043711,0.721,0.7215,-0.0693,5514.41,0.9032,3.8429,0,0,0.721,1.005,0.721,26932800,0.720,87186000,0.719,71979300,0.718,59138600,0.717,30664100,0.722,94037300,0.723,82078900,0.724,59064000,0.725,44085600,0.726,41714800,634,0,0
sh513130,09:34:03,1766540045340,09:35:04,1766540044870,0.721,0.7215,-0.0693,5513.51,0.9032,3.921,6317500,4554885,0.721,0.995,0.720,86120800,0.719,70979300,0.718,59538600,0.717,30674200,0.716,37647100,0.721,31469000,0.722,94039700,0.723,81658300,0.724,48355600,0.725,44093100,470,0,0
sh513130,09:34:03,1766540046346,09:35:04,1766540045772,0.721,0.7215,-0.0693,5513.51,0.9032,3.3835,0,0,0.721,1.005,0.720,86120800,0.719,70979300,0.718,59538600,0.717,30674200,0.716,37647100,0.721,31469000,0.722,94039700,0.723,81658300,0.724,48355600,0.725,44093100,574,0,0
sh513130,09:34:03,1766540047340,09:35:06,1766540046818,0.721,0.7215,-0.0693,5514.19,0.9032,3.1155,0,0,0.721,0.994,0.720,86120800,0.719,70979300,0.718,59538600,0.717,30674200,0.716,37647100,0.721,31469000,0.722,94039700,0.723,81658300,0.724,48355600,0.725,44093100,522,0,0
sh513130,09:34:06,1766540048342,09:35:06,1766540047969,0.721,0.7215,-0.0693,5514.19,0.9032,2.6331,7254000,5230134,0.721,1.002,0.721,34636300,0.720,86458900,0.719,72908100,0.718,59543100,0.717,30674200,0.722,98276200,0.723,81819300,0.724,57345600,0.725,43889700,0.726,41829000,372,0,0
sh513130,09:34:06,1766540049350,09:35:08,1766540048733,0.721,0.7215,-0.0693,5514.95,0.9032,5.0571,0,0,0.721,1.009,0.721,34636300,0.720,86458900,0.719,72908100,0.718,59543100,0.717,30674200,0.722,98276200,0.723,81819300,0.724,57345600,0.725,43889700,0.726,41829000,617,0,0
sh513130,09:34:06,1766540050345,09:35:08,1766540050170,0.721,0.7215,-0.0693,5514.95,0.9032,4.615,0,0,0.721,0.995,0.721,34636300,0.720,86458900,0.719,72908100,0.718,59543100,0.717,30674200,0.722,98276200,0.723,81819300,0.724,57345600,0.725,43889700,0.726,41829000,175,0,0
sh513130,09:34:09,1766540051345,09:35:10,1766540050778,0.721,0.7215,-0.0693,5514.62,0.9032,4.5361,909000,655389,0.721,1.0,0.721,34821000,0.720,86609100,0.719,72803100,0.718,59143100,0.717,30674200,0.722,99275800,0.723,82350200,0.724,58341800,0.725,44084600,0.726,41829000,567,0,0
sh513130,09:34:06,1766540052343,09:35:10,1766540050778,0.721,0.7215,-0.0693,5514.62,0.9032,4.458,0,0,0.721,0.999,0.721,34636300,0.720,86458900,0.719,72908100,0.718,59543100,0.717,30674200,0.722,98276200,0.723,81819300,0.724,57345600,0.725,43889700,0.726,41829000,1565,0,1
sh513130,09:34:09,1766540053349,09:35:12,1766540052802,0.721,0.7215,-0.0693,5516.15,0.9032,5.3469,909000,655389,0.721,1.005,0.721,34821000,0.720,86609100,0.719,72803100,0.718,59143100,0.717,30674200,0.722,99275800,0.723,82350200,0.724,58341800,0.725,44084600,0.726,41829000,546,0,0
sh513130,09:34:12,1766540054341,09:35:12,1766540052802,0.721,0.7215,-0.0693,5516.15,0.9032,5.0257,950600,685425,0.721,0.992,0.721,44645100,0.720,78240600,0.719,72803100,0.718,59161600,0.717,30674200,0.722,100089300,0.723,82405800,0.724,59236300,0.725,44202600,0.726,42139000,1538,0,0
sh513130,09:34:12,1766540055350,09:35:14,1766540054780,0.721,0.7215,-0.0693,5514.35,0.9032,4.936,0,0,0.721,1.009,0.721,44645100,0.720,78240600,0.719,72803100,0.718,59161600,0.717,30674200,0.722,100089300,0.723,82405800,0.724,59236300,0.725,44202600,0.726,42139000,569,0,0
sh513130,09:34:12,1766540056338,09:35:14,1766540054780,0.721,0.7215,-0.0693,5514.35,0.9032,5.7662,0,0,0.721,0.988,0.721,44645100,0.720,78240600,0.719,72803100,0.718,59161600,0.717,30674200,0.722,100089300,0.723,82405800,0.724,59236300,0.725,44202600,0.726,42139000,1558,0,0
sh513130,09:34:15,1766540057339,09:35:16,1766540056770,0.721,0.7215,-0.0693,5515.61,0.9032,5.6604,408900,295026,0.7215,1.001,0.721,45975100,0.720,77287300,0.719,72803100,0.718,59161600,0.717,30674200,0.722,101115200,0.723,82405800,0.724,60110400,0.725,44226600,0.726,42160000,568,0,0
sh513130,09:34:15,1766540058352,09:35:16,1766540056770,0.721,0.7215,-0.0693,5515.61,0.9032,4.5215,0,0,0.721,1.013,0.721,45975100,0.720,77287300,0.719,72803100,0.718,59161600,0.717,30674200,0.722,101115200,0.723,82405800,0.724,60110400,0.725,44226600,0.726,42160000,1581,0,0
sh513130,09:34:15,1766540059339,09:35:18,1766540058965,0.721,0.7215,-0.0693,5516.53,0.9032,4.4097,0,0,0.721,0.987,0.721,45975100,0.720,77287300,0.719,72803100,0.718,59161600,0.717,30674200,0.722,101115200,0.723,82405800,0.724,60110400,0.725,44226600,0.726,42160000,374,0,0
sh513130,09:34:18,1766540060341,09:35:18,1766540058965,0.721,0.7215,-0.0693,5516.53,0.9032,5.1696,162300,117052,0.7212,1.002,0.721,49678900,0.720,77313100,0.719,71893900,0.718,59189800,0.717,30674200,0.722,100990500,0.723,82408000,0.724,61018800,0.725,44254400,0.726,42143500,1376,0,0
sh513130,09:34:18,1766540061347,09:35:20,1766540061169,0.721,0.7215,-0.0693,5516.48,0.9032,5.1206,0,0,0.721,1.006,0.721,49678900,0.720,77313100,0.719,71893900,0.718,59189800,0.717,30674200,0.722,100990500,0.723,82408000,0.724,61018800,0.725,44254400,0.726,42143500,178,0,0
sh513130,09:34:18,1766540062352,09:35:20,1766540061169,0.721,0.7215,-0.0693,5516.48,0.9032,6.2767,0,0,0.721,1.005,0.721,49678900,0.720,77313100,0.719,71893900,0.718,59189800,0.717,30674200,0.722,100990500,0.723,82408000,0.724,61018800,0.725,44254400,0.726,42143500,1183,0,0
sh513130,09:34:21,1766540063339,09:35:22,1766540062806,0.722,0.7215,0.0693,5515.04,0.9032,5.0058,69500,50112,0.721,0.986,0.721,53938900,0.720,82326800,0.719,76880100,0.718,59194800,0.717,30676200,0.722,107261300,0.723,87645100,0.724,66892700,0.725,44309300,0.726,42129700,533,0,0
sh513130,09:34:21,1766540064353,09:35:22,1766540063364,0.722,0.7215,0.0693,5515.04,0.9032,5.6886,0,0,0.722,1.014,0.721,53938900,0.720,82326800,0.719,76880100,0.718,59194800,0.717,30676200,0.722,107261300,0.723,87645100,0.724,66892700,0.725,44309300,0.726,42129700,989,0,0
sh513130,09:34:21,1766540065341,09:35:24,1766540064793,0.722,0.7215,0.0693,5515.04,0.9032,6.0581,0,0,0.722,0.988,0.721,53938900,0.720,82326800,0.719,76880100,0.718,59194800,0.717,30676200,0.722,107261300,0.723,87645100,0.724,66892700,0.725,44309300,0.726,42129700,547,0,0
sh513130,09:34:21,1766540066340,09:35:24,1766540065586,0.722,0.7215,0.0693,5515.04,0.9032,5.4966,0,0,0.722,0.999,0.721,53938900,0.720,82326800,0.719,76880100,0.718,59194800,0.717,30676200,0.722,107261300,0.723,87645100,0.724,66892700,0.725,44309300,0.726,42129700,753,0,0
sh513130,09:34:24,1766540067346,09:35:26,1766540066771,0.722,0.7215,0.0693,5514.05,0.9032,5.4904,179900,129758,0.7213,1.006,0.721,37074400,0.720,90849300,0.719,77958600,0.718,59274700,0.717,30757100,0.722,108257600,0.723,87867100,0.724,67538200,0.725,44353200,0.726,42174600,574,0,0
sh513130,09:34:27,1766540068351,09:35:26,1766540067779,0.721,0.7215,-0.0693,5514.05,0.9032,4.6856,1560000,1125915,0.7217,1.005,0.721,34231700,0.720,90959300,0.719,78027600,0.718,59274700,0.717,30757100,0.722,107671400,0.723,87850600,0.724,67540600,0.725,44554200,0.726,42174600,572,0,0
sh513130,09:34:27,1766540069340,09:35:28,1766540068807,0.721,0.7215,-0.0693,5514.84,0.9032,3.8762,0,0,0.721,0.989,0.721,34231700,0.720,90959300,0.719,78027600,0.718,59274700,0.717,30757100,0.722,107671400,0.723,87850600,0.724,67540600,0.725,44554200,0.726,42174600,533,0,0
sh513130,09:34:27,1766540070346,09:35:28,1766540069970,0.721,0.7215,-0.0693,5514.84,0.9032,1.7886,0,0,0.721,1.006,0.721,34231700,0.720,90959300,0.719,78027600,0.718,59274700,0.717,30757100,0.722,107671400,0.723,87850600,0.724,67540600,0.725,44554200,0.726,42174600,376,0,0
sh513130,09:34:27,1766540071339,09:35:30,1766540070732,0.721,0.7215,-0.0693,5514.74,0.9032,2.1472,0,0,0.721,0.992,0.721,34231700,0.720,90959300,0.719,78027600,0.718,59274700,0.717,30757100,0.722,107671400,0.723,87850600,0.724,67540600,0.725,44554200,0.726,42174600,606,0,0
sh513130,09:34:30,1766540072340,09:35:30,1766540072156,0.722,0.7215,0.0693,5514.74,0.9032,2.1056,51500,37145,0.7213,1.001,0.721,32074500,0.720,90664200,0.719,78027600,0.718,59274700,0.717,30757100,0.722,107961100,0.723,87933500,0.724,67931200,0.725,44589200,0.726,42174700,183,0,0
sh513130,09:34:30,1766540073339,09:35:32,1766540072780,0.722,0.7215,0.0693,5514.6,0.9032,2.512,0,0,0.722,0.999,0.721,32074500,0.720,90664200,0.719,78027600,0.718,59274700,0.717,30757100,0.722,107961100,0.723,87933500,0.724,67931200,0.725,44589200,0.726,42174700,558,0,0
sh513130,09:34:30,1766540074345,09:35:32,1766540074340,0.722,0.7215,0.0693,5514.6,0.9032,2.5328,0,0,0.722,1.006,0.721,32074500,0.720,90664200,0.719,78027600,0.718,59274700,0.717,30757100,0.722,107961100,0.723,87933500,0.724,67931200,0.725,44589200,0.726,42174700,5,0,0
sh513130,09:34:33,1766540075339,09:35:34,1766540074759,0.721,0.7215,-0.0693,5513.9,0.9032,3.2277,517300,372975,0.721,0.994,0.721,28006800,0.720,90664200,0.719,78027600,0.718,59281700,0.717,30757100,0.722,108346500,0.723,88363200,0.724,68137200,0.725,44777900,0.726,42424900,579,0,0
sh513130,09:34:33,1766540076346,09:35:34,1766540074759,0.721,0.7215,-0.0693,5513.9,0.9032,3.2477,0,0,0.721,1.007,0.721,28006800,0.720,90664200,0.719,78027600,0.718,59281700,0.717,30757100,0.722,108346500,0.723,88363200,0.724,68137200,0.725,44777900,0.726,42424900,1586,0,0
sh513130,09:34:33,1766540077343,09:35:36,1766540076794,0.721,0.7215,-0.0693,5513.91,0.9032,2.7696,0,0,0.721,0.997,0.721,28006800,0.720,90664200,0.719,78027600,0.718,59281700,0.717,30757100,0.722,108346500,0.723,88363200,0.724,68137200,0.725,44777900,0.726,42424900,548,0,0
sh513130,09:34:36,1766540078341,09:35:36,1766540076794,0.722,0.7215,0.0693,5513.91,0.9032,2.7293,48400,34929,0.7217,0.998,0.721,22097300,0.720,90677200,0.719,77756600,0.718,64328200,0.717,30752900,0.722,110938000,0.723,89665200,0.724,68207200,0.725,44895500,0.726,42424900,1546,0,0
sh513130,09:34:36,1766540079348,09:35:38,1766540078741,0.722,0.7215,0.0693,5513.33,0.9032,2.6774,0,0,0.722,1.007,0.721,22097300,0.720,90677200,0.719,77756600,0.718,64328200,0.717,30752900,0.722,110938000,0.723,89665200,0.724,68207200,0.725,44895500,0.726,42424900,606,0,0
sh513130,09:34:36,1766540080348,09:35:38,1766540078741,0.722,0.7215,0.0693,5513.33,0.9032,2.5279,0,0,0.722,1.0,0.721,22097300,0.720,90677200,0.719,77756600,0.718,64328200,0.717,30752900,0.722,110938000,0.723,89665200,0.724,68207200,0.725,44895500,0.726,42424900,1606,0,0
sh513130,09:34:39,1766540081343,09:35:40,1766540080945,0.721,0.7215,-0.0693,5513.09,0.9032,2.688,15672400,11299799,0.721,0.995,0.720,90356800,0.719,76766800,0.718,64788200,0.717,31635300,0.716,37829800,0.721,23989400,0.722,111291900,0.723,89693700,0.724,62272200,0.725,44955500,396,0,0
sh513130,09:34:39,1766540082341,09:35:40,1766540080945,0.721,0.7215,-0.0693,5513.09,0.9032,2.6368,0,0,0.721,0.999,0.720,90356800,0.719,76766800,0.718,64788200,0.717,31635300,0.716,37829800,0.721,23989400,0.722,111291900,0.723,89693700,0.724,62272200,0.725,44955500,1394,0,0
sh513130,09:34:39,1766540083339,09:35:42,1766540083157,0.721,0.7215,-0.0693,5512.07,0.9032,3.1416,0,0,0.721,0.997,0.720,90356800,0.719,76766800,0.718,64788200,0.717,31635300,0.716,37829800,0.721,23989400,0.722,111291900,0.723,89693700,0.724,62272200,0.725,44955500,181,0,0
sh513130,09:34:42,1766540084341,09:35:42,1766540083157,0.721,0.7216,-0.0831,5512.07,0.9032,2.6871,807600,582280,0.721,1.003,0.720,89369900,0.719,76761800,0.718,65778200,0.717,32521200,0.716,37829800,0.721,38983100,0.722,109750300,0.723,89773900,0.724,51924600,0.725,44959500,1184,0,0
sh513130,09:34:42,1766540085339,09:35:44,1766540084890,0.721,0.7216,-0.0831,5512.54,0.9032,4.8585,0,0,0.721,0.998,0.720,89369900,0.719,76761800,0.718,65778200,0.717,32521200,0.716,37829800,0.721,38983100,0.722,109750300,0.723,89773900,0.724,51924600,0.725,44959500,449,0,0
sh513130,09:34:42,1766540086344,09:35:44,1766540085353,0.721,0.7216,-0.0831,5512.54,0.9032,3.864,0,0,0.721,1.005,0.720,89369900,0.719,76761800,0.718,65778200,0.717,32521200,0.716,37829800,0.721,38983100,0.722,109750300,0.723,89773900,0.724,51924600,0.725,44959500,991,0,0
sh513130,09:34:45,1766540087345,09:35:46,1766540086836,0.721,0.7216,-0.0831,5512.53,0.9032,3.7945,3100000,2235100,0.721,1.0,0.720,90372300,0.719,76962200,0.718,65935700,0.717,33393600,0.716,37829800,0.721,17949700,0.722,112822500,0.723,89112300,0.724,59947400,0.725,44771900,508,0,0
sh513130,09:34:45,1766540088345,09:35:46,1766540087547,0.721,0.7216,-0.0831,5512.53,0.9032,4.0244,0,0,0.721,1.001,0.720,90372300,0.719,76962200,0.718,65935700,0.717,33393600,0.716,37829800,0.721,17949700,0.722,112822500,0.723,89112300,0.724,59947400,0.725,44771900,798,0,0
sh513130,09:34:45,1766540089346,09:35:48,1766540088728,0.721,0.7216,-0.0831,5512.32,0.9032,3.7855,0,0,0.721,1.0,0.720,90372300,0.719,76962200,0.718,65935700,0.717,33393600,0.716,37829800,0.721,17949700,0.722,112822500,0.723,89112300,0.724,59947400,0.725,44771900,617,0,0
sh513130,09:34:45,1766540090340,09:35:48,1766540089745,0.721,0.7216,-0.0831,5512.32,0.9032,3.5067,0,0,0.721,0.994,0.720,90372300,0.719,76962200,0.718,65935700,0.717,33393600,0.716,37829800,0.721,17949700,0.722,112822500,0.723,89112300,0.724,59947400,0.725,44771900,595,0,0
sh513130,09:34:48,1766540091346,09:35:50,1766540090819,0.721,0.7216,-0.0831,5511.86,0.9032,3.4439,1468800,1058663,0.7208,1.006,0.720,88108700,0.719,71952200,0.718,65935700,0.717,35276000,0.716,37833400,0.721,37771200,0.722,109758200,0.723,89137400,0.724,51953500,0.725,44824900,527,0,0
sh513130,09:34:48,1766540092348,09:35:50,1766540091941,0.721,0.7216,-0.0831,5511.86,0.9032,3.1488,0,0,0.721,1.002,0.720,88108700,0.719,71952200,0.718,65935700,0.717,35276000,0.716,37833400,0.721,37771200,0.722,109758200,0.723,89137400,0.724,51953500,0.725,44824900,406,0,0
sh513130,09:34:51,1766540093344,09:35:52,1766540092778,0.721,0.7216,-0.0831,5511.88,0.9032,3.1026,30100,21702,0.721,0.996,0.720,88013000,0.719,71953200,0.718,66054800,0.717,35158400,0.716,38052100,0.721,38166800,0.722,110007400,0.723,89216400,0.724,47025600,0.725,44512000,566,0,0
sh513130,09:34:51,1766540094340,09:35:52,1766540094137,0.721,0.7216,-0.0831,5511.88,0.9032,3.1848,0,0,0.721,0.996,0.720,88013000,0.719,71953200,0.718,66054800,0.717,35158400,0.716,38052100,0.721,38166800,0.722,110007400,0.723,89216400,0.724,47025600,0.725,44512000,203,0,0
sh513130,09:34:51,1766540095338,09:35:54,1766540094789,0.721,0.7216,-0.0831,5512.18,0.9032,3.1253,0,0,0.721,0.998,0.720,88013000,0.719,71953200,0.718,66054800,0.717,35158400,0.716,38052100,0.721,38166800,0.722,110007400,0.723,89216400,0.724,47025600,0.725,44512000,549,0,0
sh513130,09:34:51,1766540096341,09:35:54,1766540096330,0.721,0.7216,-0.0831,5512.18,0.9032,2.7483,0,0,0.721,1.004,0.720,88013000,0.719,71953200,0.718,66054800,0.717,35158400,0.716,38052100,0.721,38166800,0.722,110007400,0.723,89216400,0.724,47025600,0.725,44512000,11,0,0
sh513130,09:34:54,1766540097342,09:35:56,1766540096714,0.72,0.7216,-0.2217,5512.49,0.9032,3.5889,102100,73602,0.7209,1.0,0.720,87756100,0.719,71953200,0.718,66336300,0.717,35746400,0.716,38052100,0.721,39888600,0.722,108777800,0.723,89214800,0.724,47106200,0.725,44512000,627,0,0
sh513130,09:34:54,1766540098346,09:35:56,1766540096714,0.72,0.7216,-0.2217,5512.49,0.9032,3.2396,0,0,0.72,1.004,0.720,87756100,0.719,71953200,0.718,66336300,0.717,35746400,0.716,38052100,0.721,39888600,0.722,108777800,0.723,89214800,0.724,47106200,0.725,44512000,1631,0,0
sh513130,09:34:57,1766540099335,09:35:58,1766540098795,0.721,0.7216,-0.0831,5511.67,0.9032,3.0189,222100,160056,0.7206,0.989,0.720,64296000,0.719,72093100,0.718,66359400,0.717,58126400,0.716,38022100,0.721,47619500,0.722,109141300,0.723,89221600,0.724,47236200,0.725,44518400,540,0,0
sh513130,09:34:57,1766540100322,09:35:58,1766540098795,0.721,0.7216,-0.0831,5511.67,0.9032,3.4118,0,0,0.721,0.987,0.720,64296000,0.719,72093100,0.718,66359400,0.717,58126400,0.716,38022100,0.721,47619500,0.722,109141300,0.723,89221600,0.724,47236200,0.725,44518400,1527,0,0
sh513130,09:34:57,1766540101333,09:36:00,1766540100725,0.721,0.7216,-0.0831,5511.35,0.9032,2.9803,0,0,0.721,1.011,0.720,64296000,0.719,72093100,0.718,66359400,0.717,58126400,0.716,38022100,0.721,47619500,0.722,109141300,0.723,89221600,0.724,47236200,0.725,44518400,608,0,0
sh513130,09:34:57,1766540102329,09:36:00,1766540100725,0.721,0.7216,-0.0831,5511.35,0.9032,2.913,0,0,0.721,0.995,0.720,64296000,0.719,72093100,0.718,66359400,0.717,58126400,0.716,38022100,0.721,47619500,0.722,109141300,0.723,89221600,0.724,47236200,0.725,44518400,1604,0,0
sh513130,09:35:00,1766540103327,09:36:02,1766540102936,0.721,0.7216,-0.0831,5511.99,0.9032,2.6977,692900,498926,0.7201,0.998,0.720,65684300,0.719,73130300,0.718,66360000,0.717,43926400,0.716,38032100,0.721,49988300,0.722,112974200,0.723,89253700,0.724,44337900,0.725,44523400,390,0,0
sh513130,09:35:00,1766540104337,09:36:02,1766540103711,0.721,0.7216,-0.0831,5511.99,0.9032,2.0329,0,0,0.721,1.01,0.720,65684300,0.719,73130300,0.718,66360000,0.717,43926400,0.716,38032100,0.721,49988300,0.722,112974200,0.723,89253700,0.724,44337900,0.725,44523400,625,0,0
sh513130,09:35:03,1766540105334,09:36:04,1766540105135,0.721,0.7216,-0.0831,5511.07,0.9032,2.8099,114000,82190,0.721,0.997,0.720,70487300,0.719,73143500,0.718,66555400,0.717,58896400,0.716,38045100,0.721,48305800,0.722,108512900,0.723,88470500,0.724,44225300,0.725,44598400,198,0,0
sh513130,09:35:03,1766540106339,09:36:04,1766540105135,0.721,0.7216,-0.0831,5511.07,0.9032,2.7862,0,0,0.721,1.005,0.720,70487300,0.719,73143500,0.718,66555400,0.717,58896400,0.716,38045100,0.721,48305800,0.722,108512900,0.723,88470500,0.724,44225300,0.725,44598400,1203,0,0
sh513130,09:35:03,1766540107357,09:36:06,1766540107345,0.721,0.7216,-0.0831,5510.5,0.9032,4.3585,0,0,0.721,1.018,0.720,70487300,0.719,73143500,0.718,66555400,0.717,58896400,0.716,38045100,0.721,48305800,0.722,108512900,0.723,88470500,0.724,44225300,0.725,44598400,12,0,0
sh513130,09:35:06,1766540108339,09:36:06,1766540107345,0.721,0.7216,-0.0831,5510.5,0.9032,3.7246,12200,8797,0.7211,0.982,0.720,92493800,0.719,73137400,0.718,67635400,0.717,37516400,0.716,38045100,0.721,51834300,0.722,107947400,0.723,89450500,0.724,44210300,0.725,44698400,993,0,0
sh513130,09:35:06,1766540109343,09:36:08,1766540108760,0.721,0.7216,-0.0831,5509.52,0.9032,3.6848,0,0,0.721,1.004,0.720,92493800,0.719,73137400,0.718,67635400,0.717,37516400,0.716,38045100,0.721,51834300,0.722,107947400,0.723,89450500,0.724,44210300,0.725,44698400,582,0,0
sh513130,09:35:06,1766540110344,09:36:08,1766540109549,0.721,0.7216,-0.0831,5509.52,0.9032,3.2037,0,0,0.721,1.002,0.720,92493800,0.719,73137400,0.718,67635400,0.717,37516400,0.716,38045100,0.721,51834300,0.722,107947400,0.723,89450500,0.724,44210300,0.725,44698400,794,0,0
sh513130,09:35:06,1766540111345,09:36:10,1766540110830,0.721,0.7216,-0.0831,5509.52,0.9032,2.8025,0,0,0.721,1.0,0.720,92493800,0.719,73137400,0.718,67635400,0.717,37516400,0.716,38045100,0.721,51834300,0.722,107947400,0.723,89450500,0.724,44210300,0.725,44698400,514,0,0
sh513130,09:35:09,1766540112342,09:36:10,1766540111742,0.721,0.7209,0.0139,5509.52,0.9032,3.1041,143200,103182,0.7205,0.998,0.720,63371600,0.719,81587500,0.718,67713400,0.717,56896400,0.716,38045100,0.721,54424400,0.722,108501200,0.723,89373100,0.724,44210300,0.725,44700200,600,0,0
sh513130,09:35:09,1766540113342,09:36:12,1766540112720,0.721,0.7209,0.0139,5509.28,0.9032,3.1465,0,0,0.721,0.999,0.720,63371600,0.719,81587500,0.718,67713400,0.717,56896400,0.716,38045100,0.721,54424400,0.722,108501200,0.723,89373100,0.724,44210300,0.725,44700200,621,0,0
sh513130,09:35:12,1766540114339,09:36:12,1766540113947,0.72,0.7209,-0.1248,5509.28,0.9032,5.5349,55200,39752,0.7201,0.998,0.720,68844200,0.719,81587500,0.718,68703400,0.717,51516400,0.716,38045100,0.721,56259400,0.722,107502200,0.723,90597100,0.724,44232300,0.725,44731200,392,0,0
sh513130,09:35:12,1766540115347,09:36:14,1766540114798,0.72,0.7209,-0.1248,5509.58,0.9032,4.5797,0,0,0.72,1.008,0.720,68844200,0.719,81587500,0.718,68703400,0.717,51516400,0.716,38045100,0.721,56259400,0.722,107502200,0.723,90597100,0.724,44232300,0.725,44731200,549,0,0
sh513130,09:35:12,1766540116344,09:36:14,1766540116155,0.72,0.7209,-0.1248,5509.58,0.9032,4.5601,0,0,0.72,0.997,0.720,68844200,0.719,81587500,0.718,68703400,0.717,51516400,0.716,38045100,0.721,56259400,0.722,107502200,0.723,90597100,0.724,44232300,0.725,44731200,189,0,0
sh513130,09:35:12,1766540117348,09:36:16,1766540116770,0.72,0.7209,-0.1248,5509.29,0.9032,4.3504,0,0,0.72,1.003,0.720,68844200,0.719,81587500,0.718,68703400,0.717,51516400,0.716,38045100,0.721,56259400,0.722,107502200,0.723,90597100,0.724,44232300,0.725,44731200,578,0,0
sh513130,09:35:15,1766540118353,09:36:16,1766540118350,0.72,0.7209,-0.1248,5509.29,0.9032,4.7742,75400,54290,0.72,1.006,0.720,68852800,0.719,81607500,0.718,68696500,0.717,51523300,0.716,37959100,0.721,59269800,0.722,107558200,0.723,92068900,0.724,44232300,0.725,44518200,3,0,0
sh513130,09:35:15,1766540119342,09:36:18,1766540118778,0.72,0.7209,-0.1248,5507.78,0.9032,4.2273,0,0,0.72,0.989,0.720,68852800,0.719,81607500,0.718,68696500,0.717,51523300,0.716,37959100,0.721,59269800,0.722,107558200,0.723,92068900,0.724,44232300,0.725,44518200,564,0,0
sh513130,09:35:18,1766540120341,09:36:18,1766540118778,0.721,0.7209,0.0139,5507.78,0.9032,3.6067,811500,584380,0.7201,0.999,0.720,68246800,0.719,81643000,0.718,68807000,0.717,51512400,0.716,37959100,0.721,60150900,0.722,107417100,0.723,92910600,0.724,44283300,0.725,44498500,1563,0,0
sh513130,09:35:18,1766540121344,09:36:20,1766540120761,0.721,0.7209,0.0139,5507.81,0.9032,4.8599,0,0,0.721,1.002,0.720,68246800,0.719,81643000,0.718,68807000,0.717,51512400,0.716,37959100,0.721,60150900,0.722,107417100,0.723,92910600,0.724,44283300,0.725,44498500,582,0,0
sh513130,09:35:18,1766540122340,09:36:20,1766540120761,0.721,0.7209,0.0139,5507.81,0.9032,3.8956,0,0,0.721,0.996,0.720,68246800,0.719,81643000,0.718,68807000,0.717,51512400,0.716,37959100,0.721,60150900,0.722,107417100,0.723,92910600,0.724,44283300,0.725,44498500,1578,0,0
sh513130,09:35:21,1766540123343,09:36:22,1766540122785,0.72,0.7209,-0.1248,5509.17,0.9032,4.8553,162100,116762,0.7203,1.004,0.720,92776800,0.719,73284500,0.718,68766400,0.717,36495700,0.716,37959100,0.721,60195800,0.722,107373300,0.723,93661400,0.724,44283300,0.725,44808500,558,0,0
sh513130,09:35:21,1766540124352,09:36:22,1766540122785,0.72,0.7209,-0.1248,5509.17,0.9032,5.4023,0,0,0.72,1.009,0.720,92776800,0.719,73284500,0.718,68766400,0.717,36495700,0.716,37959100,0.721,60195800,0.722,107373300,0.723,93661400,0.724,44283300,0.725,44808500,1567,0,0
sh513130,09:35:21,1766540125336,09:36:24,1766540124942,0.72,0.7209,-0.1248,5509.02,0.9032,5.0203,0,0,0.72,0.984,0.720,92776800,0.719,73284500,0.718,68766400,0.717,36495700,0.716,37959100,0.721,60195800,0.722,107373300,0.723,93661400,0.724,44283300,0.725,44808500,393,0,0
sh513130,09:35:24,1766540126340,09:36:24,1766540124942,0.721,0.7209,0.0139,5509.02,0.9032,4.9373,7758400,5593223,0.7209,1.004,0.720,93714100,0.719,74273600,0.718,67776400,0.717,36475700,0.716,37889100,0.721,23358000,0.722,110999100,0.723,92969400,0.724,52817400,0.725,44813900,1397,0,0
sh513130,09:35:24,1766540127338,09:36:26,1766540127146,0.721,0.7209,0.0139,5512.15,0.9032,4.1991,0,0,0.721,0.999,0.720,93714100,0.719,74273600,0.718,67776400,0.717,36475700,0.716,37889100,0.721,23358000,0.722,110999100,0.723,92969400,0.724,52817400,0.725,44813900,192,0,0
sh513130,09:35:24,1766540128346,09:36:26,1766540127146,0.721,0.7209,0.0139,5512.15,0.9032,5.9484,0,0,0.721,1.008,0.720,93714100,0.719,74273600,0.718,67776400,0.717,36475700,0.716,37889100,0.721,23358000,0.722,110999100,0.723,92969400,0.724,52817400,0.725,44813900,1200,0,0
sh513130,09:35:27,1766540129339,09:36:28,1766540129333,0.721,0.7209,0.0139,5513.27,0.9032,7.3764,24109800,17383166,0.721,0.992,0.721,70096100,0.720,86772500,0.719,73273600,0.718,59406600,0.717,31456200,0.722,112781600,0.723,89032200,0.724,58477400,0.725,44777300,0.726,41263900,5,0,0
sh513130,09:35:27,1766540130352,09:36:28,1766540129333,0.721,0.7209,0.0139,5513.27,0.9032,5.862,0,0,0.721,1.014,0.721,70096100,0.720,86772500,0.719,73273600,0.718,59406600,0.717,31456200,0.722,112781600,0.723,89032200,0.724,58477400,0.725,44777300,0.726,41263900,1018,0,0
sh513130,09:35:30,1766540131350,09:36:30,1766540130818,0.721,0.7209,0.0139,5513.19,0.9032,5.0954,1942500,1400543,0.721,0.998,0.721,69900900,0.720,87194800,0.719,74305500,0.718,59006600,0.717,31461200,0.722,110279700,0.723,88932200,0.724,61447400,0.725,44696800,0.726,41783900,532,0,0
sh513130,09:35:30,1766540132341,09:36:30,1766540131534,0.721,0.7209,0.0139,5513.19,0.9032,4.6346,0,0,0.721,0.991,0.721,69900900,0.720,87194800,0.719,74305500,0.718,59006600,0.717,31461200,0.722,110279700,0.723,88932200,0.724,61447400,0.725,44696800,0.726,41783900,806,0,0
sh513130,09:35:30,1766540133341,09:36:32,1766540132807,0.721,0.7209,0.0139,5514.34,0.9032,4.5555,0,0,0.721,1.0,0.721,69900900,0.720,87194800,0.719,74305500,0.718,59006600,0.717,31461200,0.722,110279700,0.723,88932200,0.724,61447400,0.725,44696800,0.726,41783900,533,0,0
sh513130,09:35:30,1766540134352,09:36:32,1766540133736,0.721,0.7209,0.0139,5514.34,0.9032,5.0553,0,0,0.721,1.011,0.721,69900900,0.720,87194800,0.719,74305500,0.718,59006600,0.717,31461200,0.722,110279700,0.723,88932200,0.724,61447400,0.725,44696800,0.726,41783900,615,0,0
sh513130,09:35:33,1766540135338,09:36:34,1766540134796,0.721,0.7215,-0.0693,5515.34,0.9032,4.7137,1681800,1213578,0.7216,0.985,0.721,76069200,0.720,87162800,0.719,74467500,0.718,53927700,0.717,31461200,0.722,109366800,0.723,88932200,0.724,61443300,0.725,45152300,0.726,41823900,541,0,0
sh513130,09:35:33,1766540136353,09:36:34,1766540135935,0.721,0.7215,-0.0693,5515.34,0.9032,4.5668,0,0,0.721,1.015,0.721,76069200,0.720,87162800,0.719,74467500,0.718,53927700,0.717,31461200,0.722,109366800,0.723,88932200,0.724,61443300,0.725,45152300,0.726,41823900,417,0,0
sh513130,09:35:33,1766540137342,09:36:36,1766540136780,0.721,0.7215,-0.0693,5514.93,0.9032,3.9978,0,0,0.721,0.99,0.721,76069200,0.720,87162800,0.719,74467500,0.718,53927700,0.717,31461200,0.722,109366800,0.723,88932200,0.724,61443300,0.725,45152300,0.726,41823900,562,0,0
sh513130,09:35:36,1766540138341,09:36:36,1766540138129,0.721,0.7215,-0.0693,5514.93,0.9032,3.9726,174900,126103,0.721,0.999,0.721,80749800,0.720,87568600,0.719,75347400,0.718,53927700,0.717,31461200,0.722,109473800,0.723,89002700,0.724,61483000,0.725,45099500,0.726,41923900,211,0,0
sh513130,09:35:36,1766540139340,09:36:38,1766540138806,0.721,0.7215,-0.0693,5515.25,0.9032,3.2959,0,0,0.721,0.999,0.721,80749800,0.720,87568600,0.719,75347400,0.718,53927700,0.717,31461200,0.722,109473800,0.723,89002700,0.724,61483000,0.725,45099500,0.726,41923900,532,0,0
sh513130,09:35:36,1766540140347,09:36:38,1766540140330,0.721,0.7215,-0.0693,5515.25,0.9032,3.5252,0,0,0.721,1.007,0.721,80749800,0.720,87568600,0.719,75347400,0.718,53927700,0.717,31461200,0.722,109473800,0.723,89002700,0.724,61483000,0.725,45099500,0.726,41923900,17,0,0
sh513130,09:35:39,1766540141336,09:36:40,1766540140821,0.721,0.7215,-0.0693,5514.81,0.9032,3.0924,426400,307504,0.7212,0.99,0.721,72157700,0.720,96090300,0.719,76227300,0.718,53927700,0.717,31461200,0.722,110304100,0.723,89085900,0.724,61517600,0.725,45099500,0.726,41943900,515,0,0
sh513130,09:35:39,1766540142324,09:36:40,1766540140821,0.721,0.7215,-0.0693,5514.81,0.9032,3.9623,0,0,0.721,0.988,0.721,72157700,0.720,96090300,0.719,76227300,0.718,53927700,0.717,31461200,0.722,110304100,0.723,89085900,0.724,61517600,0.725,45099500,0.726,41943900,1503,0,0
sh513130,09:35:39,1766540143337,09:36:42,1766540142756,0.721,0.7215,-0.0693,5515.44,0.9032,3.9546,0,0,0.721,1.013,0.721,72157700,0.720,96090300,0.719,76227300,0.718,53927700,0.717,31461200,0.722,110304100,0.723,89085900,0.724,61517600,0.725,45099500,0.726,41943900,580,0,0
sh513130,09:35:42,1766540144340,09:36:42,1766540142756,0.721,0.7215,-0.0693,5515.44,0.9032,3.5217,2132400,1539485,0.7219,1.003,0.721,72097300,0.720,96641300,0.719,77121000,0.718,53998200,0.717,31481500,0.722,109364200,0.723,89301500,0.724,62512100,0.725,45145100,0.726,42006900,1583,0,0
sh513130,09:35:42,1766540145340,09:36:44,1766540144751,0.721,0.7215,-0.0693,5515.55,0.9032,3.5193,0,0,0.721,1.0,0.721,72097300,0.720,96641300,0.719,77121000,0.718,53998200,0.717,31481500,0.722,109364200,0.723,89301500,0.724,62512100,0.725,45145100,0.726,42006900,588,0,0
sh513130,09:35:42,1766540146339,09:36:44,1766540144751,0.721,0.7215,-0.0693,5515.55,0.9032,5.2426,0,0,0.721,0.999,0.721,72097300,0.720,96641300,0.719,77121000,0.718,53998200,0.717,31481500,0.722,109364200,0.723,89301500,0.724,62512100,0.725,45145100,0.726,42006900,1588,0,0
sh513130,09:35:42,1766540147337,09:36:46,1766540146924,0.721,0.7215,-0.0693,5515.87,0.9032,4.2017,0,0,0.721,0.998,0.721,72097300,0.720,96641300,0.719,77121000,0.718,53998200,0.717,31481500,0.722,109364200,0.723,89301500,0.724,62512100,0.725,45145100,0.726,42006900,412,0,0
sh513130,09:35:45,1766540148343,09:36:46,1766540146924,0.722,0.7215,0.0693,5515.87,0.9032,4.3157,1939800,1398637,0.721,1.006,0.721,72139600,0.720,94319500,0.719,78711500,0.718,53998200,0.717,31566200,0.722,109348400,0.723,89654900,0.724,62512100,0.725,45145100,0.726,42006900,1419,0,0
sh513130,09:35:45,1766540149343,09:36:48,1766540149126,0.722,0.7215,0.0693,5515.36,0.9032,3.5381,0,0,0.722,1.0,0.721,72139600,0.720,94319500,0.719,78711500,0.718,53998200,0.717,31566200,0.722,109348400,0.723,89654900,0.724,62512100,0.725,45145100,0.726,42006900,217,0,0
sh513130,09:35:48,1766540150342,09:36:48,1766540149126,0.721,0.7215,-0.0693,5515.36,0.9032,3.5227,185700,133897,0.721,0.999,0.721,95777500,0.720,86936600,0.719,77745000,0.718,38998200,0.717,31579200,0.722,108142600,0.723,90185600,0.724,62547000,0.725,45103100,0.726,41989500,1216,0,0
sh513130,09:35:48,1766540151344,09:36:50,1766540150836,0.721,0.7215,-0.0693,5515.45,0.9032,3.4022,0,0,0.721,1.002,0.721,95777500,0.720,86936600,0.719,77745000,0.718,38998200,0.717,31579200,0.722,108142600,0.723,90185600,0.724,62547000,0.725,45103100,0.726,41989500,508,0,0
sh513130,09:35:48,1766540152339,09:36:50,1766540151351,0.721,0.7215,-0.0693,5515.45,0.9032,2.9192,0,0,0.721,0.995,0.721,95777500,0.720,86936600,0.719,77745000,0.718,38998200,0.717,31579200,0.722,108142600,0.723,90185600,0.724,62547000,0.725,45103100,0.726,41989500,988,0,0
sh513130,09:35:48,1766540153336,09:36:52,1766540152815,0.721,0.7215,-0.0693,5515.27,0.9032,2.9703,0,0,0.721,0.997,0.721,95777500,0.720,86936600,0.719,77745000,0.718,38998200,0.717,31579200,0.722,108142600,0.723,90185600,0.724,62547000,0.725,45103100,0.726,41989500,521,0,0
sh513130,09:35:51,1766540154336,09:36:52,1766540153556,0.722,0.7215,0.0693,5515.27,0.9032,2.9369,787700,568720,0.722,1.0,0.721,96918800,0.720,86936600,0.719,77869800,0.718,38998200,0.717,31715800,0.722,108418400,0.723,90172000,0.724,62547100,0.725,45123500,0.726,41989500,778,0,0
sh513130,09:35:51,1766540155331,09:36:54,1766540154777,0.722,0.7215,0.0693,5517.07,0.9032,4.2127,0,0,0.722,0.995,0.721,96918800,0.720,86936600,0.719,77869800,0.718,38998200,0.717,31715800,0.722,108418400,0.723,90172000,0.724,62547100,0.725,45123500,0.726,41989500,553,0,0
sh513130,09:35:54,1766540156326,09:36:54,1766540155754,0.722,0.7215,0.0693,5517.07,0.9032,4.1682,1412800,1019696,0.7218,0.995,0.721,99546400,0.720,86966600,0.719,77870800,0.718,39003200,0.717,31717800,0.722,107401300,0.723,90204300,0.724,62533600,0.725,45129500,0.726,41989500,571,0,0
sh513130,09:35:54,1766540157333,09:36:56,1766540156754,0.722,0.7215,0.0693,5517.44,0.9032,4.8102,0,0,0.722,1.008,0.721,99546400,0.720,86966600,0.719,77870800,0.718,39003200,0.717,31717800,0.722,107401300,0.723,90204300,0.724,62533600,0.725,45129500,0.726,41989500,579,0,0
sh513130,09:35:54,1766540158335,09:36:56,1766540157957,0.722,0.7215,0.0693,5517.44,0.9032,4.6352,0,0,0.722,1.002,0.721,99546400,0.720,86966600,0.719,77870800,0.718,39003200,0.717,31717800,0.722,107401300,0.723,90204300,0.724,62533600,0.725,45129500,0.726,41989500,378,0,0
sh513130,09:35:57,1766540159333,09:36:58,1766540158769,0.721,0.7215,-0.0693,5518.0,0.9032,4.5905,117700,84902,0.7213,0.997,0.721,101547800,0.720,88011500,0.719,76880800,0.718,39615400,0.717,31717800,0.722,103619600,0.723,93660900,0.724,62047800,0.725,45582500,0.726,42001100,563,0,0
sh513130,09:35:57,1766540160325,09:36:58,1766540160152,0.721,0.7215,-0.0693,5518.0,0.9032,4.7457,0,0,0.721,0.993,0.721,101547800,0.720,88011500,0.719,76880800,0.718,39615400,0.717,31717800,0.722,103619600,0.723,93660900,0.724,62047800,0.725,45582500,0.726,42001100,173,0,0
sh513130,09:35:57,1766540161333,09:37:00,1766540160802,0.721,0.7215,-0.0693,5518.51,0.9032,4.4182,0,0,0.721,1.008,0.721,101547800,0.720,88011500,0.719,76880800,0.718,39615400,0.717,31717800,0.722,103619600,0.723,93660900,0.724,62047800,0.725,45582500,0.726,42001100,531,0,0
sh513130,09:35:57,1766540162323,09:37:00,1766540160802,0.721,0.7215,-0.0693,5518.51,0.9032,3.6349,0,0,0.721,0.99,0.721,101547800,0.720,88011500,0.719,76880800,0.718,39615400,0.717,31717800,0.722,103619600,0.723,93660900,0.724,62047800,0.725,45582500,0.726,42001100,1521,0,0
sh513130,09:36:00,1766540163334,09:37:02,1766540162773,0.721,0.7215,-0.0693,5517.33,0.9032,2.5679,2954200,2132615,0.7219,1.011,0.721,104241200,0.720,88043500,0.719,75880800,0.718,39615400,0.717,31721800,0.722,87239700,0.723,93638900,0.724,64997800,0.725,45582700,0.726,42016100,561,0,0
sh513130,09:36:00,1766540164325,09:37:02,1766540163712,0.721,0.7215,-0.0693,5517.33,0.9032,1.5943,0,0,0.721,0.991,0.721,104241200,0.720,88043500,0.719,75880800,0.718,39615400,0.717,31721800,0.722,87239700,0.723,93638900,0.724,64997800,0.725,45582700,0.726,42016100,613,0,0
sh513130,09:36:00,1766540165335,09:37:04,1766540164993,0.721,0.7215,-0.0693,5517.86,0.9032,1.3686,0,0,0.721,1.01,0.721,104241200,0.720,88043500,0.719,75880800,0.718,39615400,0.717,31721800,0.722,87239700,0.723,93638900,0.724,64997800,0.725,45582700,0.726,42016100,342,0,0
sh513130,09:36:03,1766540166322,09:37:04,1766540164993,0.721,0.7222,-0.1662,5517.86,0.9032,1.5844,164600,118791,0.7217,0.987,0.721,103465200,0.720,88043500,0.719,76858600,0.718,39616400,0.717,31719800,0.722,97577400,0.723,90401200,0.724,66102700,0.725,50590600,0.726,42026100,1329,0,0
sh513130,09:36:03,1766540167321,09:37:06,1766540166764,0.721,0.7222,-0.1662,5519.1,0.9032,1.9093,0,0,0.721,0.998,0.721,103465200,0.720,88043500,0.719,76858600,0.718,39616400,0.717,31719800,0.722,97577400,0.723,90401200,0.724,66102700,0.725,50590600,0.726,42026100,555,0,0
sh513130,09:36:06,1766540168309,09:37:06,1766540166764,0.722,0.7222,-0.0277,5519.1,0.9032,1.983,757700,547015,0.7219,0.988,0.721,104470700,0.720,87112800,0.719,75988800,0.718,39616400,0.717,31828400,0.722,96812700,0.723,90521600,0.724,66102700,0.725,50660600,0.726,42034200,1543,0,0
