symbol,tx_server_time,tx_local_time,index_price,fx_rate,sentiment,price,iopv,premium_rate,tick_vol,tick_amt,tick_vwap,bp1,bv1,bp2,bv2,bp3,bv3,bp4,bv4,bp5,bv5,sp1,sv1,sp2,sv2,sp3,sv3,sp4,sv4,sp5,sv5,idx_delay_ms,fut_delay_ms,data_flags
sh513130,09:29:47,1768526990188,,0.893,0.0,0.76,0.7592,0.1054,0,0,0.76,0.760,4830200,0.759,37727400,0.758,22164800,0.757,20836200,0.756,17181100,0.761,18550100,0.762,22540500,0.763,31032700,0.764,26800400,0.765,28446400,99999,99999,1
sh513130,09:29:53,1768526995156,,0.893,0.0,0.76,0.7592,0.1054,0,0,0.76,0.760,4830200,0.759,37727400,0.758,22164800,0.757,20836200,0.756,17181100,0.761,18550100,0.762,22540500,0.763,31032700,0.764,26800400,0.765,28446400,99999,99999,0
sh513130,09:29:59,1768527001144,,0.893,0.0,0.76,0.7592,0.1054,0,0,0.76,0.760,4830200,0.759,37727400,0.758,22164800,0.757,20836200,0.756,17181100,0.761,18550100,0.762,22540500,0.763,31032700,0.764,26800400,0.765,28446400,99999,99999,0
sh513130,09:30:02,1768527004138,,0.893,-0.4277,0.76,0.7592,0.1054,323900,246249,0.7603,0.760,11409400,0.759,42184100,0.758,23265800,0.757,19129600,0.756,18484000,0.761,20452200,0.762,24604200,0.763,27534300,0.764,30269600,0.765,31997900,99999,99999,0
sh513130,09:30:05,1768527007142,5889.82,0.893,1.4904,0.76,0.7592,0.1054,25796100,19626282,0.7608,0.760,16552000,0.759,46355600,0.758,26544400,0.757,22287800,0.756,18655200,0.761,1600600,0.762,26559400,0.763,26826600,0.764,32917600,0.765,39417300,49,99999,0
sh513130,09:30:08,1768527010136,5889.03,0.893,2.2907,0.76,0.7605,-0.0657,10152400,7722724,0.7607,0.760,15270600,0.759,48468100,0.758,28029400,0.757,22570400,0.756,19597100,0.761,20200,0.762,28346900,0.763,23916100,0.764,33238100,0.765,41540500,549,99999,0
sh513130,09:30:11,1768527013113,5887.91,0.893,2.1575,0.76,0.7605,-0.0657,5378700,4088582,0.7601,0.760,15611000,0.759,53434900,0.758,32767100,0.757,27311600,0.756,23095400,0.761,4404500,0.762,28363900,0.763,33053800,0.764,42407400,0.765,39285200,415,99999,0
sh513130,09:30:14,1768527016099,5887.85,0.893,1.3627,0.76,0.7606,-0.0789,9677700,7363223,0.7608,0.760,22646300,0.759,59615200,0.758,30117000,0.757,28674700,0.756,24100500,0.761,818200,0.762,30981200,0.763,34326900,0.764,42806300,0.765,40665900,58,99999,0
sh513130,09:30:17,1768527019101,5890.18,0.893,4.6566,0.761,0.7606,0.0526,6765700,5147525,0.7608,0.761,1353400,0.760,33798900,0.759,60051200,0.758,35762600,0.757,28741900,0.762,36057300,0.763,48115200,0.764,47885100,0.765,41365900,0.766,22320900,439,99999,0
sh513130,09:30:14,1768527020100,5890.18,0.893,5.5866,0.76,0.7606,-0.0789,0,0,0.76,0.760,22646300,0.759,59615200,0.758,30117000,0.757,28674700,0.756,24100500,0.761,818200,0.762,30981200,0.763,34326900,0.764,42806300,0.765,40665900,1437,99999,2
sh513130,09:30:17,1768527021089,5891.79,0.893,3.7624,0.761,0.7606,0.0526,0,0,0.761,0.761,1353400,0.760,33798900,0.759,60051200,0.758,35762600,0.757,28741900,0.762,36057300,0.763,48115200,0.764,47885100,0.765,41365900,0.766,22320900,416,99999,0
sh513130,09:30:20,1768527023084,5894.08,0.893,2.9095,0.761,0.7606,0.0526,5105000,3884657,0.761,0.760,31211000,0.759,64850400,0.758,38838900,0.757,31776900,0.756,23189200,0.761,3937300,0.762,38248800,0.763,51692400,0.764,50363700,0.765,42707800,403,99999,0
sh513130,09:30:23,1768527026087,5889.34,0.893,0.5165,0.76,0.7612,-0.1576,5148300,3915759,0.7606,0.760,30304400,0.759,62143000,0.758,38235500,0.757,31876900,0.756,26190200,0.761,2409900,0.762,37381500,0.763,53196600,0.764,51151400,0.765,42244300,1429,99999,0
sh513130,09:30:26,1768527029099,5887.38,0.893,1.9546,0.76,0.7612,-0.1576,6508500,4950049,0.7606,0.760,24569300,0.759,62210300,0.758,38318700,0.757,31117600,0.756,26259500,0.762,38679300,0.763,53278700,0.764,51571900,0.765,46040900,0.766,22229400,147,99999,0
sh513130,09:30:29,1768527032099,5888.78,0.893,2.9483,0.761,0.7619,-0.1181,8658200,6581896,0.7602,0.760,27121700,0.759,59359300,0.758,37955100,0.757,24658100,0.756,27036200,0.761,1182000,0.762,39740400,0.763,55144600,0.764,51911200,0.765,48539400,981,99999,0
sh513130,09:30:32,1768527035094,5888.84,0.893,2.6585,0.761,0.7605,0.0657,4629500,3521012,0.7606,0.761,143700,0.760,24102900,0.759,57639900,0.758,39691100,0.757,18983100,0.762,38821700,0.763,55272500,0.764,51964200,0.765,49487400,0.766,23320400,387,99999,0
sh513130,09:30:35,1768527038094,5889.39,0.893,2.0072,0.761,0.7605,0.0657,2718700,2067901,0.7606,0.760,29284600,0.759,57691700,0.758,41277000,0.757,19077700,0.756,24496000,0.761,4505600,0.762,38902600,0.763,55660000,0.764,51944900,0.765,47606900,510,99999,0
sh513130,09:30:38,1768527041067,5891.05,0.893,4.9794,0.76,0.7612,-0.1576,3113200,2368683,0.7609,0.760,27230500,0.759,58403200,0.758,39393200,0.757,18088700,0.756,22915100,0.761,4020500,0.762,45188300,0.763,55966300,0.764,51966600,0.765,47883900,412,99999,0
sh513130,09:30:41,1768527043053,5892.78,0.893,4.1991,0.76,0.7612,-0.1576,4036400,3071156,0.7609,0.760,42803800,0.759,61841300,0.758,39567800,0.757,23122800,0.756,21976100,0.761,1466600,0.762,50798900,0.763,56012500,0.764,52528300,0.765,50353400,383,99999,0
sh513130,09:30:44,1768527047049,5893.5,0.893,7.0012,0.76,0.7606,-0.0789,4674700,3555614,0.7606,0.760,42066600,0.759,62841300,0.758,40123600,0.757,23195900,0.756,22260700,0.761,3494600,0.762,52841100,0.763,57865600,0.764,52448000,0.765,50750700,385,99999,0
sh513130,09:30:47,1768527050047,5894.29,0.893,3.7128,0.761,0.7619,-0.1181,7964200,6062201,0.7612,0.761,4168300,0.760,44036900,0.759,61796900,0.758,39135700,0.757,23211600,0.762,42853900,0.763,59940200,0.764,52472700,0.765,56405600,0.766,25168700,1346,99999,0
sh513130,09:30:50,1768527052051,5893.67,0.893,7.4482,0.761,0.7619,-0.1181,2838500,2160218,0.761,0.761,16448100,0.760,46177000,0.759,61787500,0.758,39229600,0.757,19119000,0.762,50915000,0.763,61609600,0.764,52466600,0.765,55656200,0.766,25249700,1357,99999,0
sh513130,09:30:53,1768527056025,5893.49,0.893,6.3167,0.761,0.7619,-0.1181,3324300,2530199,0.7611,0.761,40244500,0.760,47667900,0.759,62797400,0.758,24155600,0.757,19335000,0.762,42571500,0.763,60322200,0.764,52632900,0.765,55698800,0.766,25464700,1200,99999,0
sh513130,09:30:56,1768527058035,5892.42,0.893,5.4786,0.762,0.7619,0.0131,6125100,4661236,0.761,0.761,49701700,0.760,50169200,0.759,51009000,0.758,24671200,0.757,19336200,0.762,43465500,0.763,60881900,0.764,52711700,0.765,55841500,0.766,25931600,1061,99999,0
sh513130,09:30:59,1768527062020,5891.51,0.893,6.0991,0.761,0.7612,-0.0263,11853500,9022797,0.7612,0.761,43267600,0.760,52370100,0.759,53015700,0.758,24691200,0.757,19336200,0.762,41593900,0.763,66542300,0.764,52849800,0.765,57050100,0.766,28945900,737,99999,0
sh513130,09:31:02,1768527065011,5893.12,0.893,7.3546,0.761,0.7612,-0.0263,5543900,4219064,0.761,0.761,25747200,0.760,53220900,0.759,52951600,0.758,30073300,0.757,19145600,0.762,45049500,0.763,67919000,0.764,52878600,0.765,57650600,0.766,29146000,302,99999,0
sh513130,09:31:05,1768527068005,5889.11,0.893,5.996,0.761,0.7612,-0.0263,4944000,3762680,0.7611,0.761,30081900,0.760,69494600,0.759,62861800,0.758,29076400,0.757,19158600,0.762,59909100,0.763,63259400,0.764,53999500,0.765,58026000,0.766,29150000,258,99999,0
sh513130,09:31:08,1768527069996,5893.67,0.893,6.293,0.761,0.7605,0.0657,9162500,6976494,0.7614,0.761,31553800,0.760,63514500,0.759,60795400,0.758,29399200,0.757,18173200,0.762,58451100,0.763,63466300,0.764,54167600,0.765,57900900,0.766,29202500,91,99999,0
sh513130,09:31:11,1768527072986,5893.28,0.893,5.6626,0.761,0.7605,0.0657,1171300,891589,0.7612,0.761,29867100,0.760,64282200,0.759,60776400,0.758,26219000,0.757,18281700,0.762,50945500,0.763,62167100,0.764,54185700,0.765,57985300,0.766,29306500,283,99999,0
sh513130,09:31:14,1768527076984,5891.93,0.893,3.9046,0.761,0.7612,-0.0263,1603200,1220199,0.7611,0.761,37866700,0.760,56351600,0.759,51739400,0.758,27227700,0.757,19311100,0.762,49640400,0.763,61530700,0.764,54301800,0.765,58440700,0.766,29423000,329,99999,0
sh513130,09:31:17,1768527079992,5892.1,0.893,4.3491,0.761,0.7619,-0.1181,45466300,34643255,0.762,0.761,41814200,0.760,57560400,0.759,50000100,0.758,31152200,0.757,19404800,0.762,14863800,0.763,63512000,0.764,54381800,0.765,59468900,0.766,29553500,1205,99999,0
sh513130,09:31:20,1768527082978,5891.77,0.893,3.104,0.761,0.7619,-0.1181,3284400,2501786,0.7617,0.761,45099100,0.760,58293200,0.759,50110200,0.758,30267000,0.757,19467400,0.762,10434100,0.763,64067700,0.764,54937900,0.765,59621400,0.766,30112200,145,99999,0
sh513130,09:31:23,1768527084982,5891.11,0.893,1.9675,0.762,0.7619,0.0131,5339800,4066701,0.7616,0.761,42615800,0.760,57215300,0.759,52090200,0.758,32378000,0.757,19468400,0.762,16383100,0.763,62970100,0.764,55081900,0.765,63416100,0.766,30213200,266,99999,0
sh513130,09:31:26,1768527088990,5889.77,0.893,2.233,0.761,0.7619,-0.1181,2844400,2166265,0.7616,0.761,41596700,0.760,57943800,0.759,53445700,0.758,32548300,0.757,19491400,0.762,29864600,0.763,63186800,0.764,55096900,0.765,63480800,0.766,27691900,322,99999,0
sh513130,09:31:29,1768527091959,5889.98,0.893,2.6972,0.762,0.7619,0.0131,1248700,950894,0.7615,0.761,44751600,0.760,63349700,0.759,54417500,0.758,32549400,0.757,19492000,0.762,35050200,0.763,63616500,0.764,58205900,0.765,64314800,0.766,27816900,494,99999,0
sh513130,09:31:32,1768527093944,5891.06,0.893,5.1717,0.761,0.7612,-0.0263,1952000,1486893,0.7617,0.761,43718900,0.760,63084900,0.759,54352700,0.758,32374400,0.757,19476600,0.762,39275700,0.763,64811400,0.764,58235900,0.765,64235400,0.766,27836900,326,99999,0
sh513130,09:31:35,1768527096959,5892.53,0.893,4.0263,0.761,0.7612,-0.0263,1117000,850340,0.7613,0.761,51481800,0.760,58165300,0.759,53325500,0.758,32516900,0.757,19456600,0.762,21231800,0.763,67390200,0.764,58253100,0.765,64938800,0.766,27901800,241,99999,0
sh513130,09:31:38,1768527100921,5892.33,0.893,6.3302,0.762,0.7612,0.1051,24057900,18331644,0.762,0.762,705100,0.761,60101000,0.760,65918100,0.759,53224700,0.758,32581900,0.763,74390900,0.764,56340100,0.765,64909600,0.766,31021800,0.767,20591700,216,99999,0
sh513130,09:31:41,1768527103910,5890.65,0.893,5.0014,0.762,0.7612,0.1051,2902500,2211677,0.762,0.762,2037100,0.761,63419300,0.760,67817600,0.759,51230700,0.758,32631600,0.763,74421500,0.764,56443600,0.765,64914700,0.766,31021800,0.767,20592000,1241,99999,0
sh513130,09:31:44,1768527106908,5892.54,0.893,3.9831,0.763,0.7618,0.1575,7642200,5823387,0.762,0.762,12345300,0.761,65967000,0.760,68010500,0.759,51213700,0.758,32741500,0.763,72915000,0.764,59413600,0.765,65324500,0.766,28582900,0.767,20592200,236,99999,0
sh513130,09:31:47,1768527109910,5891.72,0.893,4.9715,0.762,0.7618,0.0263,1231700,938683,0.7621,0.762,11884300,0.761,81781700,0.760,78134000,0.759,61678200,0.758,27030700,0.763,70284500,0.764,60440500,0.765,68405200,0.766,28728400,0.767,20684800,1197,99999,0
sh513130,09:31:50,1768527112904,5889.82,0.893,4.2543,0.762,0.7618,0.0263,14691000,11194383,0.762,0.761,79697900,0.760,78244500,0.759,61628200,0.758,29019300,0.757,19556600,0.762,267400,0.763,69777700,0.764,60627200,0.765,68728500,0.766,28764400,247,99999,0
sh513130,09:31:53,1768527115911,5889.67,0.893,2.6927,0.762,0.7618,0.0263,631300,481051,0.762,0.761,73780000,0.760,78277300,0.759,64530700,0.758,32447200,0.757,19588100,0.762,34559000,0.763,66673700,0.764,58630800,0.765,68772400,0.766,28764400,756,99999,0
sh513130,09:31:56,1768527119901,5889.81,0.893,3.7181,0.762,0.7618,0.0263,1935700,1473609,0.7613,0.761,75715300,0.760,78465200,0.759,64470700,0.758,29069900,0.757,19588100,0.762,30705300,0.763,72166400,0.764,58728400,0.765,68773800,0.766,28833200,423,99999,0
sh513130,09:31:59,1768527120902,5887.19,0.893,5.4046,0.761,0.7618,-0.105,641000,488345,0.7618,0.761,51521800,0.760,78815300,0.759,72404100,0.758,42449900,0.757,19588100,0.762,36710200,0.763,67729800,0.764,58729000,0.765,68825700,0.766,28935200,211,99999,0
sh513130,09:32:02,1768527124875,5888.15,0.893,3.5474,0.762,0.7619,0.0131,1178300,897742,0.7619,0.761,58566700,0.760,78899900,0.759,63414100,0.758,32449900,0.757,19588100,0.762,37023000,0.763,68301500,0.764,59284100,0.765,68872300,0.766,29000700,220,99999,0
sh513130,09:32:05,1768527126860,5887.22,0.893,2.9753,0.762,0.7619,0.0131,736600,561100,0.7617,0.761,28834100,0.760,78754300,0.759,71405100,0.758,42529900,0.757,19588100,0.762,48936600,0.763,68721000,0.764,59310600,0.765,59334100,0.766,29758200,167,99999,0
sh513130,09:32:08,1768527130844,5887.36,0.893,1.4144,0.762,0.7612,0.1051,20230600,15395861,0.761,0.761,3125700,0.760,84691700,0.759,72395100,0.758,42529900,0.757,19588100,0.762,50094900,0.763,70761000,0.764,59624100,0.765,56469700,0.766,30104600,133,99999,0
sh513130,09:32:11,1768527132846,5887.9,0.893,2.3259,0.762,0.7612,0.1051,2659300,2024045,0.7611,0.761,40851100,0.760,79059300,0.759,72359800,0.758,42534900,0.757,19588100,0.762,48677100,0.763,73317000,0.764,59664400,0.765,57274100,0.766,29816900,265,99999,0
sh513130,09:32:14,1768527136842,5887.11,0.893,3.9958,0.762,0.7606,0.1841,2224700,1694121,0.7615,0.761,2594200,0.760,84505800,0.759,72359800,0.758,42534900,0.757,19594700,0.762,49053200,0.763,74129100,0.764,59742700,0.765,57527300,0.766,30906900,105,99999,0
sh513130,09:32:17,1768527139856,5889.63,0.893,5.6499,0.761,0.7612,-0.0263,819000,623488,0.7613,0.761,52918700,0.760,78553100,0.759,71354300,0.758,32386100,0.757,19594700,0.762,46708700,0.763,69307300,0.764,59967700,0.765,65798500,0.766,31321600,966,99999,0
sh513130,09:32:20,1768527142843,5890.89,0.893,4.3358,0.762,0.7612,0.1051,844000,642833,0.7617,0.761,68187500,0.760,78834900,0.759,63486900,0.758,27193200,0.757,19595700,0.762,41011000,0.763,76682100,0.764,60127700,0.765,66030500,0.766,31345200,219,99999,0
sh513130,09:32:23,1768527144850,5890.85,0.893,3.6958,0.762,0.7612,0.1051,3993600,3042502,0.7618,0.761,69707900,0.760,78848400,0.759,61580500,0.758,28197100,0.757,19595700,0.762,39882100,0.763,75945300,0.764,60448200,0.765,66044500,0.766,31381800,203,99999,0
sh513130,09:32:26,1768527148835,5889.08,0.893,4.6895,0.762,0.7612,0.1051,1085100,826587,0.7618,0.761,52391400,0.760,78830400,0.759,70570500,0.758,33579600,0.757,19597600,0.762,45455500,0.763,70369200,0.764,60448300,0.765,66449300,0.766,31381800,183,99999,0
sh513130,09:32:29,1768527151836,5889.51,0.893,4.3238,0.761,0.7612,-0.0263,1044100,795302,0.7617,0.761,65849400,0.760,78828100,0.759,63410000,0.758,29973800,0.757,18597600,0.762,40159400,0.763,75677000,0.764,60523300,0.765,66452300,0.766,31393300,7,99999,0
sh513130,09:32:32,1768527154835,5889.66,0.893,4.2262,0.761,0.7619,-0.1181,1224900,933160,0.7618,0.761,64699300,0.760,80813200,0.759,62407700,0.758,33351900,0.757,19675400,0.762,46313700,0.763,70463800,0.764,60336100,0.765,66487600,0.766,31929100,154,99999,0
sh513130,09:32:35,1768527157821,5889.33,0.893,4.6527,0.761,0.7619,-0.1181,715800,545002,0.7614,0.761,68658100,0.760,80788800,0.759,63451600,0.758,30082700,0.757,19680400,0.762,53468000,0.763,76396600,0.764,60231500,0.765,66706200,0.766,32029500,1183,99999,0
sh513130,09:32:38,1768527159807,5889.25,0.893,5.1187,0.761,0.7612,-0.0263,1166900,888144,0.7611,0.761,45260000,0.760,80276500,0.759,71451600,0.758,33462300,0.757,19700400,0.762,59885400,0.763,70898700,0.764,60664500,0.765,66691700,0.766,32041200,1166,99999,0
sh513130,09:32:41,1768527162800,5885.91,0.893,3.3733,0.761,0.7612,-0.0263,721900,549575,0.7613,0.761,5640500,0.760,85750400,0.759,72441600,0.758,43435700,0.757,19700400,0.762,65395200,0.763,74058700,0.764,60674500,0.765,58696100,0.766,32071200,136,99999,0
sh513130,09:32:38,1768527163792,5885.91,0.893,3.4721,0.761,0.7612,-0.0263,0,0,0.761,0.761,45260000,0.760,80276500,0.759,71451600,0.758,33462300,0.757,19700400,0.762,59885400,0.763,70898700,0.764,60664500,0.765,66691700,0.766,32041200,1127,99999,2
sh513130,09:32:41,1768527164786,5884.97,0.893,3.9938,0.761,0.7612,-0.0263,0,0,0.761,0.761,5640500,0.760,85750400,0.759,72441600,0.758,43435700,0.757,19700400,0.762,65395200,0.763,74058700,0.764,60674500,0.765,58696100,0.766,32071200,39,99999,0
sh513130,09:32:44,1768527165788,5884.97,0.893,3.9224,0.761,0.7612,-0.0263,6166600,4692845,0.761,0.760,86683100,0.759,72437200,0.758,43435700,0.757,19700400,0.756,22326100,0.761,18776100,0.762,69552000,0.763,74078000,0.764,48968900,0.765,57794000,1039,99999,0
sh513130,09:32:41,1768527166781,5886.19,0.893,3.8854,0.761,0.7612,-0.0263,0,0,0.761,0.761,5640500,0.760,85750400,0.759,72441600,0.758,43435700,0.757,19700400,0.762,65395200,0.763,74058700,0.764,60674500,0.765,58696100,0.766,32071200,134,99999,2
sh513130,09:32:44,1768527167780,5886.19,0.893,4.0993,0.761,0.7612,-0.0263,0,0,0.761,0.760,86683100,0.759,72437200,0.758,43435700,0.757,19700400,0.756,22326100,0.761,18776100,0.762,69552000,0.763,74078000,0.764,48968900,0.765,57794000,874,99999,0
sh513130,09:32:47,1768527169780,5885.21,0.893,5.166,0.76,0.7612,-0.1576,528200,401923,0.7609,0.760,87098800,0.759,72537200,0.758,43435500,0.757,19700400,0.756,22326100,0.761,5015400,0.762,68296000,0.763,76122500,0.764,49837600,0.765,58027800,716,99999,0
sh513130,09:32:50,1768527171786,5885.18,0.893,4.6606,0.761,0.7612,-0.0263,791800,602090,0.7604,0.760,87364000,0.759,72714200,0.758,43455500,0.757,19700400,0.756,22326100,0.761,8270900,0.762,70025900,0.763,76040600,0.764,51450700,0.765,57271200,564,99999,0
sh513130,09:32:53,1768527175778,5886.33,0.893,5.6861,0.76,0.7606,-0.0789,516800,392947,0.7603,0.760,88197900,0.759,73094200,0.758,43455500,0.757,19700400,0.756,22326100,0.761,29262900,0.762,68631400,0.763,76176900,0.764,52239300,0.765,57410100,254,99999,0
sh513130,09:32:56,1768527177781,5884.06,0.893,7.5578,0.761,0.7606,0.0526,832300,633023,0.7606,0.760,86054200,0.759,74429600,0.758,44703300,0.757,19700400,0.756,23326100,0.761,30569500,0.762,69066500,0.763,77010600,0.764,52302900,0.765,57318100,99,99999,0
sh513130,09:32:59,1768527181776,5884.51,0.893,6.4963,0.761,0.7606,0.0526,15850900,12061703,0.7609,0.761,5214200,0.760,81562100,0.759,74358700,0.758,43693300,0.757,19700400,0.762,68284400,0.763,76885800,0.764,53180300,0.765,57588500,0.766,31507900,1123,99999,0
sh513130,09:33:02,1768527184772,5887.41,0.893,8.2673,0.761,0.7606,0.0526,3665900,2789527,0.7609,0.761,14277900,0.760,83141000,0.759,74384700,0.758,33618300,0.757,19730400,0.762,62497900,0.763,76903200,0.764,53198300,0.765,63864500,0.766,31897900,72,99999,0
sh513130,09:33:05,1768527187760,5886.68,0.893,7.503,0.761,0.7606,0.0526,2938300,2236537,0.7612,0.761,23876600,0.760,78413100,0.759,74484100,0.758,30246200,0.757,19728500,0.762,64386400,0.763,76988200,0.764,53202200,0.765,64008900,0.766,31897900,1123,99999,0
sh513130,09:33:08,1768527190748,5886.46,0.893,7.1786,0.761,0.7612,-0.0263,3744100,2849292,0.761,0.761,5051800,0.760,89124800,0.759,73713000,0.758,28285000,0.757,19753500,0.762,65900800,0.763,77247100,0.764,53245300,0.765,64325100,0.766,31897900,114,99999,0
sh513130,09:33:11,1768527192751,5887.55,0.893,6.3664,0.761,0.7612,-0.0263,3788600,2883223,0.761,0.761,309000,0.760,89071200,0.759,74615300,0.758,40278300,0.757,19753500,0.762,72121700,0.763,77187100,0.764,53340000,0.765,59003700,0.766,30993200,126,99999,0
sh513130,09:33:14,1768527196739,5885.32,0.893,4.156,0.761,0.7612,-0.0263,1401900,1066889,0.761,0.760,89205100,0.759,74625800,0.758,40278300,0.757,19811900,0.756,22293600,0.761,1220200,0.762,70661200,0.763,77414900,0.764,53967800,0.765,62511200,56,99999,0
sh513130,09:33:17,1768527200755,5886.71,0.893,6.299,0.761,0.7612,-0.0263,23500600,17883962,0.761,0.761,15803100,0.760,88836800,0.759,74625800,0.758,40278300,0.757,19811900,0.762,74891300,0.763,77870400,0.764,54065900,0.765,59052200,0.766,31271400,80,99999,0
sh513130,09:33:20,1768527201744,5886.71,0.893,5.0403,0.762,0.7612,0.1051,2659800,2024433,0.7611,0.761,37843700,0.760,90428000,0.759,73545800,0.758,40415500,0.757,19838900,0.762,70555500,0.763,77631000,0.764,54055900,0.765,64872800,0.766,31289100,326,99999,0
sh513130,09:33:23,1768527206711,5886.59,0.893,6.6244,0.762,0.7612,0.1051,3106000,2363721,0.761,0.761,13831300,0.760,91269000,0.759,73571200,0.758,40429300,0.757,19788900,0.762,70788200,0.763,78837300,0.764,54163900,0.765,64908800,0.766,31488600,63,99999,0
sh513130,09:33:26,1768527207712,5886.59,0.893,7.246,0.762,0.7612,0.1051,339800,258614,0.7611,0.761,11827900,0.760,91285700,0.759,74471200,0.758,40451100,0.757,19803900,0.762,78052500,0.763,79084600,0.764,54985700,0.765,59863000,0.766,31506800,1065,99999,0
sh513130,09:33:29,1768527210699,5884.0,0.893,6.2634,0.761,0.7612,-0.0263,12965000,9867446,0.7611,0.760,92174900,0.759,74531200,0.758,40558300,0.757,19874100,0.756,21729900,0.761,20630500,0.762,77343800,0.763,79204700,0.764,54955700,0.765,58962500,23,99999,0
sh513130,09:33:32,1768527213703,5884.48,0.893,4.7582,0.761,0.7606,0.0526,942500,717134,0.7609,0.760,93907600,0.759,74531200,0.758,40579300,0.757,19894100,0.756,21744900,0.761,28910600,0.762,74035200,0.763,79594700,0.764,54975700,0.765,59015900,1084,99999,0
sh513130,09:33:35,1768527217684,5884.09,0.893,3.9687,0.761,0.7606,0.0526,320500,243679,0.7603,0.760,94564200,0.759,74541200,0.758,40589300,0.757,19894100,0.756,21744900,0.761,18502000,0.762,77384300,0.763,79811400,0.764,54612000,0.765,59182800,841,99999,0
sh513130,09:33:38,1768527220672,5884.27,0.893,5.9334,0.761,0.7606,0.0526,479100,364537,0.7609,0.760,97283800,0.759,74520400,0.758,40589300,0.757,19896300,0.756,21742900,0.761,19513300,0.762,80605500,0.763,80081300,0.764,53661000,0.765,59234300,80,99999,0
sh513130,09:33:41,1768527222670,5884.19,0.893,6.6831,0.761,0.7606,0.0526,1225100,932268,0.761,0.760,98302700,0.759,74526300,0.758,40549300,0.757,19896300,0.756,21742900,0.761,22617700,0.762,79347200,0.763,80454600,0.764,53915800,0.765,60176600,12,99999,0
sh513130,09:33:44,1768527225651,5883.47,0.893,5.4024,0.76,0.7606,-0.0789,254600,193626,0.7605,0.760,98643400,0.759,74534300,0.758,40551300,0.757,19896300,0.756,21742900,0.761,24055600,0.762,80936500,0.763,80694000,0.764,54037400,0.765,59175000,563,99999,0
sh513130,09:33:47,1768527229646,5884.19,0.893,5.5567,0.761,0.7606,0.0526,855800,651040,0.7607,0.760,99634800,0.759,74501600,0.758,40546000,0.757,19944300,0.756,21742900,0.761,23919400,0.762,81334200,0.763,80739100,0.764,54118400,0.765,59186100,249,99999,0
sh513130,09:33:50,1768527231638,5884.58,0.893,5.8604,0.761,0.7606,0.0526,27072600,20602233,0.761,0.760,99897700,0.759,76275600,0.758,40605400,0.757,19944300,0.756,21888300,0.761,55100,0.762,81144700,0.763,80549400,0.764,54146000,0.765,59257600,81,99999,0
sh513130,09:33:53,1768527234640,5883.39,0.893,4.8816,0.76,0.7606,-0.0789,313700,238549,0.7604,0.760,100242500,0.759,77119600,0.758,40605400,0.757,19944300,0.756,21898300,0.761,35086900,0.762,86837100,0.763,81951800,0.764,54226500,0.765,56158900,4,99999,0
sh513130,09:33:56,1768527238635,5882.03,0.893,5.8555,0.761,0.7606,0.0526,846200,643345,0.7603,0.760,98586200,0.759,77887400,0.758,41580400,0.757,19946800,0.756,21898300,0.761,49223900,0.762,80412000,0.763,82001000,0.764,54503300,0.765,56197300,49,99999,0
sh513130,09:33:59,1768527241634,5881.74,0.893,5.2373,0.761,0.7612,-0.0263,801400,609447,0.7605,0.760,99388700,0.759,78991100,0.758,41590400,0.757,19947800,0.756,21898300,0.761,43329300,0.762,87528700,0.763,82664600,0.764,54623400,0.765,56001500,948,99999,0
sh513130,09:34:02,1768527244647,5879.95,0.893,5.7647,0.761,0.7606,0.0526,949200,721764,0.7604,0.760,98957900,0.759,79815100,0.758,41622900,0.757,19950800,0.756,21898300,0.761,50321600,0.762,81636800,0.763,82965500,0.764,51639400,0.765,56403600,63,99999,0
sh513130,09:34:05,1768527247659,5879.8,0.893,4.8643,0.76,0.7606,-0.0789,562400,427588,0.7603,0.760,98741100,0.759,80794300,0.758,41623300,0.757,19945800,0.756,21893300,0.761,53474300,0.762,83203300,0.763,83283000,0.764,52229600,0.765,56434900,963,99999,0
sh513130,09:34:08,1768527250654,5879.06,0.893,4.5673,0.76,0.7606,-0.0789,539300,410217,0.7606,0.760,91593700,0.759,87313600,0.758,42653300,0.757,19945800,0.756,21905800,0.761,59715100,0.762,83301000,0.763,83774200,0.764,52227600,0.765,56281200,75,99999,0
sh513130,09:34:11,1768527253662,5879.04,0.893,5.4486,0.761,0.7606,0.0526,707600,537867,0.7601,0.760,98389400,0.759,82537600,0.758,42653300,0.757,19945800,0.756,21905800,0.761,62351100,0.762,83290600,0.763,83894200,0.764,52335600,0.765,56271200,508,99999,0
sh513130,09:34:14,1768527256651,5880.64,0.893,5.5563,0.76,0.7599,0.0132,818900,622620,0.7603,0.760,91416600,0.759,101147400,0.758,47653300,0.757,19945800,0.756,21918800,0.761,64758200,0.762,83890500,0.763,84142800,0.764,52285600,0.765,56172900,65,99999,0
sh513130,09:34:17,1768527259658,5881.18,0.893,6.0918,0.76,0.7606,-0.0789,547500,416425,0.7606,0.760,82044800,0.759,102110400,0.758,54656500,0.757,20947800,0.756,21958800,0.761,65931200,0.762,84182800,0.763,84088000,0.764,52252600,0.765,56221100,32,99999,0
sh513130,09:34:20,1768527262652,5881.56,0.893,4.0745,0.76,0.7606,-0.0789,1113200,846082,0.76,0.760,97331700,0.759,97344400,0.758,46656000,0.757,19970800,0.756,21968800,0.761,66468800,0.762,87012900,0.763,84131300,0.764,52652600,0.765,55979600,82,99999,0
sh513130,09:34:23,1768527264656,5880.39,0.893,5.256,0.76,0.7599,0.0132,1038400,789776,0.7606,0.760,96982800,0.759,98099800,0.758,46686000,0.757,19970800,0.756,21978800,0.761,67649700,0.762,85922600,0.763,84103900,0.764,52743900,0.765,56042700,48,99999,0
sh513130,09:34:26,1768527268669,5878.9,0.893,4.2496,0.761,0.7599,0.1448,752700,572130,0.7601,0.760,70663400,0.759,103956000,0.758,54686000,0.757,20985800,0.756,22026900,0.761,68642900,0.762,85875400,0.763,84235400,0.764,52688400,0.765,56065600,1,99999,0
sh513130,09:34:29,1768527271672,5879.38,0.893,5.2893,0.761,0.7599,0.1448,4771500,3626697,0.7601,0.760,51130200,0.759,103986000,0.758,55511100,0.757,30985800,0.756,22056900,0.761,72795400,0.762,86214500,0.763,83960300,0.764,53008100,0.765,56185600,975,99999,0
sh513130,09:34:32,1768527274674,5878.05,0.893,5.5167,0.76,0.7599,0.0132,1811900,1377066,0.76,0.760,24752400,0.759,104159700,0.758,74499300,0.757,30986800,0.756,22056900,0.761,81032300,0.762,86380500,0.763,84892500,0.764,48618500,0.765,56203600,4,99999,0
sh513130,09:34:35,1768527276671,5878.78,0.893,3.9217,0.76,0.7599,0.0132,3357200,2551515,0.76,0.760,21506500,0.759,104184500,0.758,75344400,0.757,30986800,0.756,22173800,0.761,82518000,0.762,86390700,0.763,85947700,0.764,47616500,0.765,56403600,65,99999,0
sh513130,09:34:38,1768527280675,5877.31,0.893,3.9298,0.761,0.7599,0.1448,7198500,5472016,0.7602,0.760,15459600,0.759,104049700,0.758,76231700,0.757,30989300,0.756,22183800,0.761,79966500,0.762,87735700,0.763,86767900,0.764,47591700,0.765,56448400,43,99999,0
sh513130,09:34:41,1768527283665,5878.67,0.893,4.8643,0.76,0.7599,0.0132,5611100,4264666,0.76,0.760,10688200,0.759,104780600,0.758,77102300,0.757,30994300,0.756,22183800,0.761,81791100,0.762,87570200,0.763,87376200,0.764,47503400,0.765,56533900,325,99999,0
sh513130,09:34:44,1768527286664,5877.85,0.893,2.8501,0.76,0.7599,0.0132,2826500,2148323,0.7601,0.760,11137300,0.759,104640900,0.758,77937400,0.757,30994300,0.756,22183800,0.761,83123400,0.762,87960800,0.763,87441900,0.764,47611400,0.765,56673900,78,99999,0
sh513130,09:34:47,1768527289687,5877.65,0.893,6.6346,0.76,0.7599,0.0132,2564600,1949243,0.7601,0.760,9854000,0.759,104707300,0.758,78764000,0.757,30994300,0.756,22183800,0.761,84451400,0.762,87783900,0.763,87641300,0.764,47611400,0.765,56419900,1010,99999,0
sh513130,09:34:50,1768527292650,5878.4,0.893,5.0972,0.76,0.7599,0.0132,2132300,1621580,0.7605,0.760,42359000,0.759,104667400,0.758,79649100,0.757,30994300,0.756,22183800,0.761,78478400,0.762,87529600,0.763,87685800,0.764,50971400,0.765,53005100,17,99999,0
sh513130,09:34:53,1768527295653,5877.29,0.893,7.017,0.76,0.7599,0.0132,608100,462177,0.76,0.760,28307100,0.759,104661400,0.758,80425700,0.757,30994300,0.756,22183800,0.761,87944700,0.762,86921900,0.763,87716700,0.764,47591400,0.765,53077900,1030,99999,0
sh513130,09:34:56,1768527298673,5878.03,0.893,4.7114,0.76,0.7599,0.0132,773600,588055,0.7602,0.760,16386400,0.759,104671400,0.758,81250900,0.757,30994300,0.756,22287100,0.761,88463200,0.762,86395500,0.763,88029700,0.764,49611400,0.765,52983600,79,99999,0
sh513130,09:34:59,1768527302671,5879.91,0.893,3.9974,0.761,0.7599,0.1448,818100,621884,0.7602,0.760,59676600,0.759,104709600,0.758,82050200,0.757,21015300,0.756,22298100,0.761,83680700,0.762,89301400,0.763,88618300,0.764,52012400,0.765,52878200,96,99999,0
sh513130,09:35:02,1768527304674,5879.85,0.893,4.6895,0.76,0.7599,0.0132,2160000,1641634,0.76,0.760,79946400,0.759,100347200,0.758,67163400,0.757,19955300,0.756,22299300,0.761,85995500,0.762,92288500,0.763,85442100,0.764,52142400,0.765,52909500,7,99999,0
sh513130,09:35:05,1768527306684,5881.3,0.893,3.9307,0.76,0.7599,0.0132,380400,289133,0.7601,0.760,90705500,0.759,109256700,0.758,66918400,0.757,19929100,0.756,22359300,0.761,83538300,0.762,93180600,0.763,82252800,0.764,49208700,0.765,55267800,48,99999,0
sh513130,09:35:02,1768527307694,5881.3,0.893,3.4607,0.76,0.7599,0.0132,0,0,0.76,0.760,79946400,0.759,100347200,0.758,67163400,0.757,19955300,0.756,22299300,0.761,85995500,0.762,92288500,0.763,85442100,0.764,52142400,0.765,52909500,582,99999,2
sh513130,09:35:05,1768527308706,5881.34,0.893,3.397,0.76,0.7599,0.0132,0,0,0.76,0.760,90705500,0.759,109256700,0.758,66918400,0.757,19929100,0.756,22359300,0.761,83538300,0.762,93180600,0.763,82252800,0.764,49208700,0.765,55267800,33,99999,0
sh513130,09:35:08,1768527310707,5882.68,0.893,3.7133,0.761,0.7606,0.0526,1074900,817023,0.7601,0.760,93779200,0.759,109257900,0.758,65928400,0.757,19902900,0.756,22359300,0.761,48462800,0.762,105194000,0.763,99527700,0.764,49228300,0.765,55270900,34,99999,0
sh513130,09:35:11,1768527313727,5883.2,0.893,2.6279,0.761,0.7606,0.0526,43560200,33149189,0.761,0.761,115392300,0.760,91806700,0.759,108226000,0.758,40710100,0.757,19902900,0.762,106207200,0.763,100780800,0.764,53219300,0.765,55111900,0.766,36016100,149,99999,0
sh513130,09:35:14,1768527315733,5882.79,0.893,2.9426,0.761,0.7613,-0.0394,5338200,4062370,0.761,0.761,67215300,0.760,97650100,0.759,108236000,0.758,40710500,0.757,19953000,0.762,107894300,0.763,100928500,0.764,53206800,0.765,55115200,0.766,36046100,1078,99999,0
sh513130,09:35:17,1768527319736,5883.39,0.893,3.4939,0.761,0.7606,0.0526,46051500,35045201,0.761,0.760,102137200,0.759,109415600,0.758,40737100,0.757,19953100,0.756,22424300,0.761,1005100,0.762,104136700,0.763,100953900,0.764,57206800,0.765,55235700,1065,99999,0
sh513130,09:35:20,1768527322712,5883.55,0.893,4.5132,0.761,0.7606,0.0526,2481700,1888586,0.761,0.761,8958200,0.760,104113000,0.759,109382300,0.758,40777100,0.757,20053100,0.762,104297400,0.763,101028500,0.764,57024600,0.765,55205700,0.766,36046400,14,99999,0
sh513130,09:35:23,1768527325715,5883.09,0.893,3.7868,0.761,0.7606,0.0526,4334800,3298781,0.761,0.760,107279200,0.759,109532300,0.758,40732600,0.757,20052900,0.756,22432700,0.761,27299200,0.762,108741900,0.763,99956000,0.764,57043900,0.765,55243300,1004,99999,0
sh513130,09:35:26,1768527327726,5883.22,0.893,6.6498,0.761,0.7606,0.0526,1528600,1163166,0.7609,0.761,14219000,0.760,107008100,0.759,108555000,0.758,38732600,0.757,20052900,0.762,109005700,0.763,100956000,0.764,57102800,0.765,55569400,0.766,36254600,1073,99999,0
sh513130,09:35:29,1768527331740,5883.8,0.893,6.2206,0.761,0.7606,0.0526,1503100,1143947,0.7611,0.761,20343400,0.760,108190800,0.759,108555000,0.758,28732600,0.757,20473000,0.762,108377500,0.763,101696000,0.764,57547200,0.765,55569400,0.766,36367800,892,99999,0
sh513130,09:35:32,1768527334740,5885.9,0.893,5.3949,0.761,0.7612,-0.0263,1030700,784380,0.761,0.761,79343900,0.760,103159500,0.759,88897900,0.758,28734600,0.757,19583000,0.762,110856700,0.763,101680000,0.764,57567200,0.765,55597500,0.766,36397800,54,99999,0
sh513130,09:35:35,1768527337733,5884.59,0.893,3.8092,0.762,0.7612,0.1051,186300,141804,0.7612,0.761,59341800,0.760,103270900,0.759,88949900,0.758,38734600,0.757,19623000,0.762,111531700,0.763,102697300,0.764,57667300,0.765,56259900,0.766,36492300,410,99999,0
sh513130,09:35:38,1768527340730,5886.17,0.893,3.2133,0.762,0.7612,0.1051,431500,328430,0.7611,0.761,78899200,0.760,110250200,0.759,88950900,0.758,28775500,0.757,19623000,0.762,112131100,0.763,103507200,0.764,57652300,0.765,56607900,0.766,36581100,101,99999,0
sh513130,09:35:41,1768527343736,5885.15,0.893,3.6222,0.761,0.7612,-0.0263,3456700,2630623,0.761,0.760,112194600,0.759,89940900,0.758,40771900,0.757,19623000,0.756,21543700,0.761,22226300,0.762,114563700,0.763,103217800,0.764,57652300,0.765,56673700,1051,99999,0
sh513130,09:35:44,1768527346728,5883.01,0.893,6.2415,0.761,0.7612,-0.0263,777400,591602,0.761,0.760,113017600,0.759,90937800,0.758,40788200,0.757,19623000,0.756,21543700,0.761,43872600,0.762,109096700,0.763,95304000,0.764,54682300,0.765,56688300,48,99999,0
sh513130,09:35:47,1768527349734,5880.6,0.893,4.476,0.761,0.7613,-0.0394,507800,386428,0.761,0.760,113843800,0.759,90997800,0.758,40788200,0.757,19623000,0.756,21543700,0.761,68252800,0.762,109034300,0.763,85730400,0.764,50342400,0.765,57169400,1039,99999,0
sh513130,09:35:50,1768527351739,5881.92,0.893,4.0509,0.761,0.7613,-0.0394,1664600,1265530,0.7603,0.760,111770000,0.759,91029700,0.758,41778200,0.757,19623000,0.756,21543700,0.761,73614200,0.762,105432200,0.763,85729600,0.764,50283500,0.765,57086100,1055,99999,0
sh513130,09:35:53,1768527354740,5881.52,0.893,3.9489,0.761,0.7606,0.0526,97500,74189,0.7609,0.760,103717200,0.759,91873700,0.758,49781200,0.757,19623200,0.756,21544300,0.761,79506700,0.762,105528700,0.763,85716900,0.764,45316600,0.765,57267400,96,99999,0
sh513130,09:35:56,1768527358741,5880.39,0.893,5.1384,0.76,0.7606,-0.0789,142500,108421,0.7608,0.760,112344400,0.759,92697700,0.758,41796600,0.757,19623200,0.756,21544300,0.761,79690900,0.762,105403900,0.763,85823300,0.764,45330100,0.765,57274400,46,99999,0
sh513130,09:35:59,1768527361742,5880.23,0.893,3.1716,0.761,0.7606,0.0526,366200,278648,0.7609,0.760,112506200,0.759,93641700,0.758,41796600,0.757,19623200,0.756,21544300,0.761,68839100,0.762,111145900,0.763,86874300,0.764,45343100,0.765,57336900,700,99999,0
sh513130,09:36:02,1768527363752,5880.26,0.893,1.8206,0.761,0.7606,0.0526,1323500,1006919,0.7608,0.760,103718900,0.759,94713800,0.758,48806600,0.757,19618200,0.756,21544300,0.761,81215900,0.762,105846800,0.763,86141300,0.764,45345100,0.765,57554400,538,99999,0
sh513130,09:35:59,1768527364740,5878.42,0.893,1.0817,0.761,0.7606,0.0526,0,0,0.761,0.760,112506200,0.759,93641700,0.758,41796600,0.757,19623200,0.756,21544300,0.761,68839100,0.762,111145900,0.763,86874300,0.764,45343100,0.765,57336900,80,99999,2
sh513130,09:36:02,1768527365738,5878.42,0.893,1.4971,0.761,0.7606,0.0526,0,0,0.761,0.760,103718900,0.759,94713800,0.758,48806600,0.757,19618200,0.756,21544300,0.761,81215900,0.762,105846800,0.763,86141300,0.764,45345100,0.765,57554400,374,99999,0
sh513130,09:36:05,1768527367738,5877.74,0.893,1.2855,0.76,0.7606,-0.0789,519100,394588,0.7601,0.760,60366500,0.759,113136600,0.758,80783900,0.757,19618200,0.756,21544300,0.761,83466100,0.762,106961400,0.763,86059000,0.764,43717900,0.765,57554400,208,99999,0
sh513130,09:36:08,1768527370701,5878.42,0.893,1.896,0.761,0.7606,0.0526,2203400,1674840,0.7601,0.760,88028000,0.759,107550400,0.758,80833900,0.757,19618200,0.756,21544300,0.761,84168800,0.762,107102200,0.763,85739400,0.764,44268700,0.765,57575900,61,99999,0
sh513130,09:36:11,1768527372695,5877.76,0.893,2.7814,0.76,0.7606,-0.0789,604900,459964,0.7604,0.760,50671200,0.759,108085500,0.758,80838900,0.757,29707100,0.756,21544300,0.761,84633700,0.762,107780600,0.763,85742300,0.764,44315200,0.765,57549900,110,99999,0
sh513130,09:36:14,1768527376725,5874.85,0.893,3.1654,0.76,0.7599,0.0132,1530500,1163307,0.7601,0.760,15477700,0.759,115254500,0.758,80842900,0.757,30707100,0.756,21544300,0.761,85913100,0.762,108471300,0.763,85816600,0.764,41046800,0.765,57455400,45,99999,0
sh513130,09:36:17,1768527379723,5876.62,0.893,1.7921,0.76,0.7599,0.0132,24309600,18475436,0.76,0.760,6679000,0.759,121061500,0.758,82832900,0.757,30707100,0.756,21575300,0.761,67891400,0.762,119065300,0.763,71976700,0.764,41044800,0.765,57520100,1075,99999,0
sh513130,09:36:20,1768527382695,5877.17,0.893,5.8465,0.76,0.7599,0.0132,1212200,921592,0.7603,0.760,75211600,0.759,115295500,0.758,81846500,0.757,19707100,0.756,21577600,0.761,69548200,0.762,120250100,0.763,72848200,0.764,41065300,0.765,57405400,55,99999,0
sh513130,09:36:23,1768527384713,5878.11,0.893,6.2879,0.761,0.7599,0.1448,843600,641157,0.76,0.760,35688600,0.759,116424500,0.758,81869900,0.757,19693900,0.756,21577600,0.761,71885300,0.762,120052600,0.763,72772100,0.764,41015300,0.765,57411900,35,99999,0
sh513130,09:36:26,1768527387714,5878.26,0.893,5.0794,0.76,0.7599,0.0132,640100,486682,0.7603,0.760,87819200,0.759,116779000,0.758,80869900,0.757,19695900,0.756,21582600,0.761,73207000,0.762,120548700,0.763,72798500,0.764,41015300,0.765,57377900,758,99999,0
sh513130,09:36:29,1768527390711,5877.7,0.893,3.9037,0.76,0.7599,0.0132,807400,613709,0.7601,0.760,26985700,0.759,122707500,0.758,81705000,0.757,29698900,0.756,21582600,0.761,74001800,0.762,121874500,0.763,72686900,0.764,40987900,0.765,57355900,138,99999,0
sh513130,09:36:32,1768527393706,5876.91,0.893,3.0,0.761,0.7599,0.1448,1225100,931600,0.7604,0.760,17120700,0.759,122605800,0.758,82760900,0.757,30698900,0.756,21582600,0.761,74259100,0.762,121613400,0.763,72556900,0.764,40987900,0.765,57355900,286,99999,0
sh513130,09:36:35,1768527396681,5877.82,0.893,2.6801,0.76,0.7599,0.0132,982100,746913,0.7605,0.760,9423800,0.759,122615800,0.758,82596000,0.757,30698900,0.756,21582600,0.761,76007800,0.762,122863000,0.763,72224600,0.764,40982900,0.765,57387400,1097,99999,0
sh513130,09:36:32,1768527397692,5875.95,0.893,1.4749,0.761,0.7599,0.1448,0,0,0.761,0.760,17120700,0.759,122605800,0.758,82760900,0.757,30698900,0.756,21582600,0.761,74259100,0.762,121613400,0.763,72556900,0.764,40987900,0.765,57355900,899,99999,2
sh513130,09:36:35,1768527398667,5875.32,0.893,1.4458,0.76,0.7599,0.0132,0,0,0.76,0.760,9423800,0.759,122615800,0.758,82596000,0.757,30698900,0.756,21582600,0.761,76007800,0.762,122863000,0.763,72224600,0.764,40982900,0.765,57387400,17,99999,0
sh513130,09:36:38,1768527400664,5875.83,0.893,2.5859,0.76,0.7599,0.0132,7117800,5409531,0.76,0.759,121614300,0.758,85435100,0.757,30725500,0.756,21617200,0.755,31245400,0.760,5492800,0.761,82092900,0.762,119090800,0.763,71165000,0.764,41011300,78,99999,0
sh513130,09:36:41,1768527403679,5875.23,0.893,2.902,0.76,0.7599,0.0132,146300,111158,0.7598,0.759,121736100,0.758,86260200,0.757,30725500,0.756,21617200,0.755,31245500,0.760,60894700,0.761,74934800,0.762,104722900,0.763,69160300,0.764,41145400,1005,99999,0
sh513130,09:36:44,1768527406677,5874.72,0.893,3.1925,0.76,0.7599,0.0132,805300,611978,0.7599,0.759,121696100,0.758,87205100,0.757,30725500,0.756,21617200,0.755,31245500,0.760,63447100,0.761,75452700,0.762,104745000,0.763,69213100,0.764,41102100,85,99999,0
sh513130,09:36:47,1768527409669,5875.09,0.893,2.7687,0.76,0.7599,0.0132,6871800,5222546,0.76,0.759,121747700,0.758,88051500,0.757,30725500,0.756,21623200,0.755,31264700,0.760,56307100,0.761,75262000,0.762,104737400,0.763,69125300,0.764,41216000,1065,99999,0
sh513130,09:36:50,1768527412676,5876.37,0.893,1.6441,0.76,0.7599,0.0132,1087600,826168,0.7596,0.759,121390300,0.758,88901500,0.757,30775500,0.756,24222400,0.755,31319100,0.760,8126000,0.761,83049600,0.762,118834400,0.763,69029300,0.764,41256000,14,99999,0
sh513130,09:36:53,1768527414677,5874.99,0.893,1.4876,0.759,0.7592,-0.0263,12368500,9399757,0.76,0.759,122134800,0.758,89676500,0.757,30748900,0.756,24222400,0.755,31320100,0.760,20115800,0.761,82101100,0.762,120689800,0.763,69036800,0.764,41256000,81,99999,0
sh513130,09:36:56,1768527417676,5873.75,0.893,2.0522,0.759,0.7592,-0.0263,644700,489492,0.7593,0.759,122905200,0.758,90504100,0.757,31928300,0.756,24222400,0.755,32320200,0.760,55519100,0.761,80412200,0.762,105356500,0.763,66030700,0.764,41243600,536,99999,0
sh513130,09:36:59,1768527421661,5872.69,0.893,2.2832,0.76,0.7599,0.0132,375200,284866,0.7592,0.759,122662200,0.758,91351600,0.757,31928300,0.756,24222400,0.755,32320200,0.760,57440500,0.761,80442600,0.762,106280400,0.763,65991000,0.764,41243600,209,99999,0
sh513130,09:37:02,1768527425639,5873.33,0.893,5.0197,0.759,0.7592,-0.0263,233200,177104,0.7595,0.759,122532500,0.758,92153500,0.757,31979900,0.756,24223900,0.755,32321200,0.760,59773500,0.761,80312500,0.762,105484300,0.763,65873100,0.764,41243600,967,99999,0
sh513130,09:37:05,1768527427634,5874.5,0.893,6.8889,0.759,0.7592,-0.0263,408000,309755,0.7592,0.759,122259900,0.758,92948200,0.757,32079900,0.756,24233900,0.755,32367800,0.760,54100200,0.761,81767200,0.762,105192600,0.763,65398400,0.764,41243600,979,99999,0
sh513130,09:37:08,1768527429631,5874.28,0.893,6.6681,0.76,0.7599,0.0132,12693600,9647097,0.76,0.760,3184200,0.759,117707300,0.758,87067800,0.757,31079900,0.756,24233900,0.761,78548900,0.762,112006100,0.763,60159400,0.764,41255500,0.765,57717100,939,99999,0
sh513130,09:37:11,1768527433626,5871.66,0.893,3.4325,0.759,0.7599,-0.1184,7534800,5726235,0.76,0.759,119913000,0.758,88068600,0.757,31946000,0.756,24233900,0.755,32376000,0.760,65978400,0.761,68459100,0.762,98945600,0.763,61153300,0.764,41159700,704,99999,0
sh513130,09:37:14,1768527435624,5872.23,0.893,2.9597,0.759,0.7598,-0.1053,194400,147660,0.7596,0.759,118818000,0.758,88158300,0.757,33762100,0.756,25223900,0.755,32776000,0.760,45479200,0.761,78953200,0.762,111731600,0.763,55203300,0.764,41139700,773,99999,0
sh513130,09:37:17,1768527438615,5872.28,0.893,4.0252,0.76,0.7598,0.0263,1621300,1230754,0.7591,0.759,119563600,0.758,88158300,0.757,33598200,0.756,25225900,0.755,32776000,0.760,63283500,0.761,70823500,0.762,96077800,0.763,55206100,0.764,41201600,56,99999,0
sh513130,09:37:14,1768527439596,5872.28,0.893,3.8366,0.759,0.7598,-0.1053,0,0,0.759,0.759,118818000,0.758,88158300,0.757,33762100,0.756,25223900,0.755,32776000,0.760,45479200,0.761,78953200,0.762,111731600,0.763,55203300,0.764,41139700,867,99999,2
sh513130,09:37:17,1768527440582,5871.73,0.893,3.8366,0.76,0.7598,0.0263,0,0,0.76,0.759,119563600,0.758,88158300,0.757,33598200,0.756,25225900,0.755,32776000,0.760,63283500,0.761,70823500,0.762,96077800,0.763,55206100,0.764,41201600,8,99999,0
sh513130,09:37:20,1768527442574,5871.73,0.893,2.5515,0.76,0.7598,0.0263,651800,494810,0.7591,0.759,108825300,0.758,88363500,0.757,43444200,0.756,26215900,0.755,32776000,0.760,79174600,0.761,63453200,0.762,96041900,0.763,55102200,0.764,41121600,1692,99999,0
sh513130,09:37:23,1768527445558,5869.95,0.893,2.4241,0.759,0.7598,-0.1053,706000,535920,0.7591,0.759,107322800,0.758,88363500,0.757,44434200,0.756,26269400,0.755,32677000,0.760,79841900,0.761,64756900,0.762,95907500,0.763,55213600,0.764,41221600,367,99999,0
sh513130,09:37:26,1768527448555,5869.79,0.893,2.9657,0.759,0.7598,-0.1053,813300,617312,0.759,0.759,51265100,0.758,106197200,0.757,57423000,0.756,36270900,0.755,32704100,0.760,82334600,0.761,65890700,0.762,94959300,0.763,55223600,0.764,40895800,1207,99999,0
sh513130,09:37:29,1768527450555,5867.8,0.893,4.5418,0.759,0.7591,-0.0132,1262300,958678,0.7595,0.759,31643200,0.758,108130100,0.757,76261700,0.756,36270900,0.755,32704100,0.760,86628100,0.761,66221900,0.762,94805200,0.763,53579000,0.764,40885800,1051,99999,0
sh513130,09:37:32,1768527453544,5868.13,0.893,3.1124,0.759,0.7591,-0.0132,4493000,3410785,0.7591,0.759,26901900,0.758,108205500,0.757,77082700,0.756,36270900,0.755,32756600,0.760,85829000,0.761,65296700,0.762,94581700,0.763,53629400,0.764,40935800,875,99999,0
sh513130,09:37:35,1768527457520,5869.22,0.893,3.4313,0.759,0.7591,-0.0132,38544600,29255379,0.759,0.759,1680700,0.758,111207600,0.757,78939700,0.756,36414900,0.755,32783100,0.760,85098900,0.761,62655500,0.762,94048700,0.763,54017700,0.764,40961600,812,99999,0
sh513130,09:37:38,1768527461501,5871.02,0.893,4.1457,0.76,0.7591,0.1186,565700,429460,0.7592,0.759,87574900,0.758,104626700,0.757,74481700,0.756,26414900,0.755,32783100,0.760,87844500,0.761,62575200,0.762,95161800,0.763,54368700,0.764,40985600,835,99999,0
sh513130,09:37:41,1768527464491,5871.68,0.893,6.8892,0.759,0.7591,-0.0132,510700,387650,0.7591,0.759,96600400,0.758,105594200,0.757,66480400,0.756,26414900,0.755,32798100,0.760,89381700,0.761,63681800,0.762,94582600,0.763,54337800,0.764,40985600,1801,99999,0
sh513130,09:37:44,1768527466494,5873.08,0.893,5.3429,0.759,0.7591,-0.0132,97100,73707,0.7591,0.759,99905900,0.758,105569900,0.757,65490700,0.756,26623300,0.755,32798100,0.760,57476900,0.761,73155600,0.762,105475300,0.763,54302800,0.764,40975600,1746,99999,0
sh513130,09:37:47,1768527469496,5873.55,0.893,2.1967,0.759,0.7591,-0.0132,592700,449867,0.759,0.759,101924700,0.758,105596900,0.757,64500700,0.756,26633700,0.755,32807400,0.760,79671000,0.761,70671600,0.762,95576000,0.763,54325800,0.764,41012700,566,99999,0
sh513130,09:37:50,1768527472499,5873.06,0.893,3.0729,0.759,0.7591,-0.0132,421600,320034,0.7591,0.759,103335000,0.758,105623800,0.757,64633300,0.756,26723600,0.755,32903600,0.760,83392000,0.761,69121800,0.762,94627500,0.763,53402500,0.764,41012700,1411,99999,0
sh513130,09:37:53,1768527475481,5870.64,0.893,2.8285,0.76,0.7591,0.1186,728100,552630,0.759,0.759,102345300,0.758,105663800,0.757,65552900,0.756,27723600,0.755,32969600,0.760,90348600,0.761,63539100,0.762,94680100,0.763,53251300,0.764,41012700,83,99999,0
sh513130,09:37:56,1768527479467,5871.0,0.893,2.0833,0.759,0.7591,-0.0132,1751700,1330244,0.7594,0.759,82509000,0.758,105695300,0.757,73552900,0.756,37931300,0.755,32979600,0.760,90468100,0.761,63655300,0.762,95288200,0.763,52670700,0.764,40999500,812,99999,0
sh513130,09:37:59,1768527481457,5871.01,0.893,3.4443,0.76,0.7591,0.1186,83300,63247,0.7593,0.759,76062400,0.758,105854100,0.757,73552900,0.756,37931300,0.755,34974100,0.760,93104900,0.761,64626600,0.762,94832000,0.763,52665300,0.764,41788100,751,99999,0
sh513130,09:38:02,1768527484442,5869.79,0.893,2.4984,0.76,0.7591,0.1186,640400,486473,0.7596,0.759,35953200,0.758,111872900,0.757,74478900,0.756,37931300,0.755,34978900,0.760,96448100,0.761,64990300,0.762,94873500,0.763,52602200,0.764,41788100,405,99999,0
sh513130,09:38:05,1768527488438,5870.18,0.893,2.3326,0.759,0.7591,-0.0132,4024900,3055001,0.759,0.759,11154800,0.758,111993700,0.757,76294900,0.756,37931300,0.755,34998900,0.760,99831700,0.761,66085700,0.762,94881300,0.763,52564100,0.764,41808100,89,99999,0
sh513130,09:38:08,1768527490416,5870.46,0.893,2.9375,0.759,0.7591,-0.0132,928300,704657,0.7591,0.759,31262600,0.758,112053700,0.757,77120900,0.756,37931300,0.755,35098900,0.760,103117000,0.761,66920400,0.762,94999900,0.763,52498000,0.764,41768100,1813,99999,0
sh513130,09:38:11,1768527494416,5871.62,0.893,4.8878,0.759,0.7591,-0.0132,2058300,1562338,0.759,0.759,63779000,0.758,113089700,0.757,76961900,0.756,41561300,0.755,35158900,0.760,100501500,0.761,66855700,0.762,94959900,0.763,53018000,0.764,41768600,1740,99999,0
sh513130,09:38:14,1768527496412,5870.83,0.893,4.1698,0.759,0.7591,-0.0132,1661100,1260827,0.759,0.759,72944700,0.758,113170500,0.757,78777900,0.756,31561500,0.755,35158900,0.760,102113300,0.761,67685600,0.762,95071500,0.763,52931500,0.764,41770600,1593,99999,0
sh513130,09:38:17,1768527499410,5870.61,0.893,3.9722,0.759,0.7591,-0.0132,478100,362878,0.759,0.759,14622700,0.758,113205500,0.757,79673900,0.756,41558000,0.755,35159900,0.760,103168200,0.761,68559900,0.762,95108600,0.763,53094900,0.764,40972000,253,99999,0
sh513130,09:38:20,1768527502420,5870.11,0.893,1.3781,0.76,0.7591,0.1186,1263200,958832,0.7591,0.759,69693300,0.758,113205500,0.757,80539700,0.756,31558000,0.755,35161900,0.760,103229000,0.761,69339600,0.762,95099900,0.763,53041900,0.764,40962900,1107,99999,0
sh513130,09:38:23,1768527505426,5872.37,0.893,0.936,0.759,0.7591,-0.0132,1064000,807586,0.759,0.759,92363000,0.758,107654200,0.757,65909300,0.756,31758000,0.755,35288000,0.760,85152100,0.761,75348300,0.762,95358200,0.763,53328500,0.764,41046300,751,99999,0
sh513130,09:38:26,1768527508417,5875.07,0.893,1.5426,0.76,0.7591,0.1186,153300,116366,0.7591,0.759,96159300,0.758,107774200,0.757,64933800,0.756,31758000,0.755,35628700,0.760,86297400,0.761,75136700,0.762,95363300,0.763,53439500,0.764,41036300,631,99999,0
sh513130,09:38:29,1768527511441,5875.2,0.893,3.5541,0.759,0.7591,-0.0132,280400,212830,0.759,0.759,97039500,0.758,108174200,0.757,64955800,0.756,31933700,0.755,35633300,0.760,103309400,0.761,69140400,0.762,95333300,0.763,53123300,0.764,41127900,769,99999,0
sh513130,09:38:32,1768527514470,5874.86,0.893,2.6624,0.76,0.7591,0.1186,2347600,1782884,0.7594,0.759,96698700,0.758,108311200,0.757,64957800,0.756,31933700,0.755,35448300,0.760,102097000,0.761,70023800,0.762,94547100,0.763,53218600,0.764,41041900,219,99999,0
sh513130,09:38:35,1768527518460,5875.08,0.893,3.0513,0.759,0.7591,-0.0132,381900,289997,0.7594,0.759,98073800,0.758,108334900,0.757,64984800,0.756,31933700,0.755,35451500,0.760,51813000,0.761,86057400,0.762,108166400,0.763,53072500,0.764,41064500,1760,99999,0
sh513130,09:38:38,1768527520469,5876.4,0.893,2.6839,0.759,0.7591,-0.0132,1950200,1482143,0.76,0.759,99100600,0.758,108304900,0.757,64991800,0.756,31933700,0.755,36452200,0.760,96229200,0.761,77664700,0.762,94559800,0.763,53105900,0.764,41076500,1812,99999,0
sh513130,09:38:41,1768527522472,5875.71,0.893,2.7952,0.759,0.7591,-0.0132,432000,327890,0.759,0.759,100185700,0.758,108471000,0.757,65031800,0.756,31933700,0.755,36491700,0.760,75464600,0.761,87089800,0.762,107987900,0.763,53099000,0.764,41243500,1741,99999,0
sh513130,09:38:44,1768527526473,5874.47,0.893,3.6385,0.759,0.7591,-0.0132,573800,435631,0.7592,0.759,93008800,0.758,108544000,0.757,73031800,0.756,32013700,0.755,36491700,0.760,107373700,0.761,73905400,0.762,93340400,0.763,53132400,0.764,41243500,1430,99999,0
sh513130,09:38:47,1768527530461,5875.92,0.893,2.3186,0.759,0.7598,-0.1053,730500,554489,0.7591,0.759,93061900,0.758,108503800,0.757,73133800,0.756,31993300,0.755,36993700,0.760,107707800,0.761,74728100,0.762,93537400,0.763,53245100,0.764,41243500,1103,99999,0
sh513130,09:38:50,1768527532461,5872.69,0.893,0.8913,0.76,0.7598,0.0263,326800,248132,0.7593,0.759,48730800,0.758,113859900,0.757,74123800,0.756,41940200,0.755,37493500,0.760,108588100,0.761,74818300,0.762,93558300,0.763,53314800,0.764,41231300,943,99999,0
sh513130,09:38:53,1768527536463,5874.47,0.893,3.1137,0.759,0.7598,-0.1053,361300,274272,0.7591,0.759,88697500,0.758,108276100,0.757,67163900,0.756,31940200,0.755,37658300,0.760,109675400,0.761,74983400,0.762,93681200,0.763,52970700,0.764,41214900,630,99999,0
sh513130,09:38:56,1768527538464,5873.42,0.893,2.5197,0.759,0.7598,-0.1053,183000,139055,0.7599,0.759,89713100,0.758,108276100,0.757,67008900,0.756,32940200,0.755,37658300,0.760,109647100,0.761,75421800,0.762,93684000,0.763,52963900,0.764,41114900,481,99999,0
sh513130,09:38:59,1768527541483,5875.28,0.893,4.2733,0.76,0.7591,0.1186,442600,335961,0.7591,0.759,90903700,0.758,108487200,0.757,66192900,0.756,32940200,0.755,38690100,0.760,109943100,0.761,75415800,0.762,93692200,0.763,53212900,0.764,41073600,794,99999,0
sh513130,09:39:02,1768527543468,5874.66,0.893,6.3373,0.76,0.7591,0.1186,448800,340656,0.759,0.759,83867500,0.758,108539200,0.757,74242900,0.756,32940200,0.755,38840100,0.760,111276900,0.761,75605800,0.762,93637200,0.763,53204100,0.764,41087400,375,99999,0
sh513130,09:39:05,1768527548470,5873.16,0.893,3.8666,0.76,0.7591,0.1186,1741400,1322731,0.7596,0.759,92126700,0.758,108540400,0.757,67325300,0.756,32940200,0.755,38890100,0.760,111531600,0.761,75747400,0.762,93496800,0.763,53384500,0.764,41087400,1823,99999,0
sh513130,09:39:08,1768527549473,5873.23,0.893,3.797,0.76,0.7591,0.1186,796400,604906,0.7596,0.759,93956900,0.758,108527700,0.757,67331800,0.756,32950200,0.755,39039800,0.760,112372300,0.761,75814100,0.762,93936600,0.763,53392700,0.764,41107400,693,99999,0
sh513130,09:39:11,1768527553464,5871.88,0.893,4.3142,0.76,0.7591,0.1186,220300,167323,0.7595,0.759,54827400,0.758,108533700,0.757,75334800,0.756,42957200,0.755,39039800,0.760,112732800,0.761,75819100,0.762,92444700,0.763,53611800,0.764,41074700,377,99999,0
sh513130,09:39:14,1768527556465,5874.52,0.893,5.98,0.759,0.7591,-0.0132,219100,166387,0.7594,0.759,93604200,0.758,108573700,0.757,68324800,0.756,32967200,0.755,39239700,0.760,109498900,0.761,81482800,0.762,93175300,0.763,53707800,0.764,41044700,1217,99999,0
sh513130,09:39:17,1768527558473,5875.58,0.893,4.3537,0.76,0.7591,0.1186,365000,277319,0.7598,0.759,97466000,0.758,108483700,0.757,66344800,0.756,32967200,0.755,39254200,0.760,106764600,0.761,82560800,0.762,95165300,0.763,52997800,0.764,41003900,1072,99999,0
sh513130,09:39:20,1768527562459,5875.16,0.893,2.5464,0.759,0.7591,-0.0132,61800,46936,0.7595,0.759,90367000,0.758,108522100,0.757,74354800,0.756,32781300,0.755,39258200,0.760,109549800,0.761,81235400,0.762,94224700,0.763,53028300,0.764,40959400,743,99999,0
sh513130,09:39:23,1768527565446,5874.47,0.893,1.9795,0.76,0.7591,0.1186,1550900,1177949,0.7595,0.759,88571500,0.758,108522100,0.757,75344800,0.756,32806600,0.755,39218700,0.760,114925700,0.761,75957800,0.762,94178600,0.763,53495300,0.764,41014400,768,99999,0
sh513130,09:39:26,1768527568447,5875.42,0.893,3.2561,0.76,0.7591,0.1186,284500,216043,0.7594,0.759,98505300,0.758,108528100,0.757,67350800,0.756,32806600,0.755,39221700,0.760,109568100,0.761,81600500,0.762,94232900,0.763,53525300,0.764,41034400,257,99999,0
sh513130,09:39:29,1768527572441,5873.03,0.893,0.4839,0.76,0.7591,0.1186,124400,94537,0.7599,0.759,80415300,0.758,108565300,0.757,75350800,0.756,42806600,0.755,39241700,0.760,115486200,0.761,75960500,0.762,95224800,0.763,53620000,0.764,40519200,1753,99999,0
sh513130,09:39:32,1768527574443,5872.33,0.893,0.9311,0.759,0.7591,-0.0132,262600,199403,0.7593,0.759,14023600,0.758,114220400,0.757,76352400,0.756,42806600,0.755,39242700,0.760,117522200,0.761,75955500,0.762,95097100,0.763,53573000,0.764,40739200,1789,99999,0
sh513130,09:39:35,1768527577439,5874.09,0.893,2.1918,0.759,0.7591,-0.0132,368300,279843,0.7598,0.759,83924400,0.758,109777000,0.757,77178400,0.756,32806600,0.755,39242700,0.760,118139100,0.761,75955500,0.762,95114100,0.763,53625300,0.764,40739200,616,99999,0
sh513130,09:39:38,1768527580443,5874.06,0.893,3.3804,0.76,0.7591,0.1186,186000,141199,0.7591,0.759,70105200,0.758,110823600,0.757,76009000,0.756,42846100,0.755,39247700,0.760,117430200,0.761,76161700,0.762,96132400,0.763,53615400,0.764,40732200,1456,99999,0
sh513130,09:39:41,1768527583442,5872.64,0.893,4.6685,0.759,0.7591,-0.0132,352200,267378,0.7592,0.759,69014700,0.758,110844500,0.757,77838000,0.756,42846100,0.755,39252200,0.760,118742500,0.761,76181700,0.762,95148400,0.763,53664400,0.764,40732200,154,99999,0
sh513130,09:39:44,1768527586446,5873.38,0.893,4.1906,0.759,0.7591,-0.0132,35900,27262,0.7594,0.759,73140800,0.758,110948700,0.757,79664200,0.756,42846100,0.755,39272200,0.760,119074000,0.761,76308900,0.762,94964400,0.763,53749700,0.764,40732200,1001,99999,0
sh513130,09:39:47,1768527589445,5870.84,0.893,3.91,0.759,0.7591,-0.0132,431100,327278,0.7592,0.759,34102500,0.758,116548700,0.757,81490300,0.756,42847400,0.755,39302200,0.760,120371200,0.761,76364500,0.762,94968000,0.763,53742100,0.764,40752200,825,99999,0
sh513130,09:39:50,1768527591447,5871.22,0.893,4.7526,0.76,0.7591,0.1186,141000,107158,0.76,0.759,10726300,0.758,116488500,0.757,82316400,0.756,42847400,0.755,39293200,0.760,128862700,0.761,76390800,0.762,95124800,0.763,53686600,0.764,40752200,811,99999,0
sh513130,09:39:47,1768527592443,5871.22,0.893,3.7059,0.759,0.7591,-0.0132,0,0,0.759,0.759,34102500,0.758,116548700,0.757,81490300,0.756,42847400,0.755,39302200,0.760,120371200,0.761,76364500,0.762,94968000,0.763,53742100,0.764,40752200,521,99999,2
sh513130,09:39:50,1768527593436,5870.88,0.893,4.5958,0.76,0.7591,0.1186,0,0,0.76,0.759,10726300,0.758,116488500,0.757,82316400,0.756,42847400,0.755,39293200,0.760,128862700,0.761,76390800,0.762,95124800,0.763,53686600,0.764,40752200,62,99999,0
sh513130,09:39:53,1768527595442,5868.99,0.893,3.028,0.759,0.7592,-0.0263,2084300,1582070,0.759,0.759,9731500,0.758,116435200,0.757,83142500,0.756,42847400,0.755,39293200,0.760,130904100,0.761,76574500,0.762,94133800,0.763,53818600,0.764,40740200,535,99999,0
sh513130,09:39:56,1768527598443,5868.99,0.893,3.4098,0.759,0.7592,-0.0263,10555300,8011494,0.759,0.758,118699600,0.757,85824700,0.756,42847400,0.755,39293200,0.754,27835000,0.759,49633000,0.760,110665400,0.761,70695400,0.762,74926200,0.763,52289800,33,99999,0
sh513130,09:39:59,1768527600444,5868.31,0.893,4.2371,0.758,0.7592,-0.1581,5145100,3905101,0.759,0.758,115735800,0.757,85921900,0.756,43862400,0.755,39193400,0.754,27835100,0.759,48056700,0.760,111787700,0.761,70753600,0.762,74770500,0.763,52403300,1018,99999,0
sh513130,09:40:02,1768527605438,5870.68,0.893,3.0364,0.759,0.7585,0.0659,20848700,15824075,0.759,0.759,69608600,0.758,117678300,0.757,85922900,0.756,33744100,0.755,39204500,0.760,119901700,0.761,85663200,0.762,74845600,0.763,52491100,0.764,41034500,546,99999,0
sh513130,09:40:05,1768527607442,5870.34,0.893,3.1164,0.759,0.7585,0.0659,2546300,1932732,0.759,0.759,77389800,0.758,117224200,0.757,91922900,0.756,33744100,0.755,39210500,0.760,116240000,0.761,85633100,0.762,76789100,0.763,53101100,0.764,41034500,380,99999,0
sh513130,09:40:08,1768527611426,5873.64,0.893,2.6106,0.76,0.7585,0.1978,689500,523449,0.7592,0.759,90983500,0.758,118271900,0.757,74347200,0.756,33916900,0.755,39230500,0.760,98456800,0.761,93070100,0.762,87229500,0.763,53365200,0.764,41025500,47,99999,0
sh513130,09:40:11,1768527614412,5872.35,0.893,3.8421,0.759,0.7585,0.0659,244600,185706,0.7592,0.759,87648700,0.758,118440500,0.757,73442200,0.756,33916900,0.755,39230500,0.760,127043500,0.761,74802900,0.762,80094700,0.763,53218300,0.764,41025500,879,99999,0
sh513130,09:40:14,1768527615402,5871.1,0.893,3.749,0.759,0.7592,-0.0263,385500,292689,0.7592,0.759,23759900,0.758,124043600,0.757,83527900,0.756,43916900,0.755,40250500,0.760,130372500,0.761,74902900,0.762,79125400,0.763,53173400,0.764,41031300,784,99999,0
sh513130,09:40:17,1768527619388,5869.42,0.893,4.689,0.76,0.7592,0.1054,8333000,6324739,0.759,0.759,1846100,0.758,124331600,0.757,85522900,0.756,43916900,0.755,40303300,0.760,133590600,0.761,74922900,0.762,77171000,0.763,53213400,0.764,41084200,754,99999,0
sh513130,09:40:20,1768527623379,5869.48,0.893,2.6715,0.759,0.7592,-0.0263,1854000,1407190,0.759,0.759,4028300,0.758,125583100,0.757,86491100,0.756,48916900,0.755,40309300,0.760,133766400,0.761,74852700,0.762,78137300,0.763,53217400,0.764,41084200,739,99999,0
sh513130,09:40:23,1768527624374,5869.48,0.893,2.6205,0.759,0.7585,0.0659,11754900,8921990,0.759,0.759,70023000,0.758,124909000,0.757,88453900,0.756,43955900,0.755,40309300,0.760,133115900,0.761,75163000,0.762,78143700,0.763,53224900,0.764,41084200,34,99999,0
sh513130,09:40:20,1768527625376,5869.63,0.893,4.1305,0.759,0.7592,-0.0263,0,0,0.759,0.759,4028300,0.758,125583100,0.757,86491100,0.756,48916900,0.755,40309300,0.760,133766400,0.761,74852700,0.762,78137300,0.763,53217400,0.764,41084200,722,99999,2
sh513130,09:40:23,1768527626380,5869.63,0.893,3.2958,0.759,0.7585,0.0659,0,0,0.759,0.759,70023000,0.758,124909000,0.757,88453900,0.756,43955900,0.755,40309300,0.760,133115900,0.761,75163000,0.762,78143700,0.763,53224900,0.764,41084200,1728,99999,0
sh513130,09:40:26,1768527628369,5869.58,0.893,2.3117,0.759,0.7585,0.0659,729200,553504,0.7591,0.759,58003300,0.758,124978900,0.757,88350000,0.756,43955900,0.755,40309300,0.760,134045700,0.761,75165600,0.762,78157800,0.763,52751500,0.764,41084200,1736,99999,0
sh513130,09:40:29,1768527631368,5870.19,0.893,1.8844,0.76,0.7585,0.1978,1253700,951571,0.759,0.759,79374400,0.758,119404100,0.757,89076100,0.756,43957900,0.755,40309600,0.760,132534900,0.761,75195600,0.762,79508500,0.763,52832400,0.764,41084200,498,99999,0
sh513130,09:40:32,1768527634371,5869.58,0.893,1.9908,0.759,0.7592,-0.0263,30800,23386,0.7593,0.759,71219300,0.758,124381100,0.757,90303200,0.756,44020700,0.755,40303800,0.760,133404100,0.761,75507500,0.762,79896000,0.763,52888900,0.764,41084200,1394,99999,0
sh513130,09:40:35,1768527636375,5869.83,0.893,1.938,0.759,0.7592,-0.0263,63200,47993,0.7594,0.759,71696100,0.758,124536300,0.757,91136300,0.756,44472200,0.755,40310300,0.760,133337900,0.761,75535100,0.762,78846000,0.763,52308600,0.764,41084200,1236,99999,0
sh513130,09:40:32,1768527638374,5869.5,0.893,3.0163,0.759,0.7592,-0.0263,0,0,0.759,0.759,71219300,0.758,124381100,0.757,90303200,0.756,44020700,0.755,40303800,0.760,133404100,0.761,75507500,0.762,79896000,0.763,52888900,0.764,41084200,1086,99999,2
sh513130,09:40:35,1768527639381,5869.95,0.893,3.4223,0.759,0.7592,-0.0263,0,0,0.759,0.759,71696100,0.758,124536300,0.757,91136300,0.756,44472200,0.755,40310300,0.760,133337900,0.761,75535100,0.762,78846000,0.763,52308600,0.764,41084200,720,99999,0
sh513130,09:40:38,1768527640377,5869.95,0.893,4.0728,0.76,0.7592,0.1054,1071300,813156,0.759,0.759,61685800,0.758,124724200,0.757,91965400,0.756,44474200,0.755,40330300,0.760,135483500,0.761,75687000,0.762,78846000,0.763,51952400,0.764,41029200,928,99999,0
sh513130,09:40:41,1768527643379,5870.6,0.893,1.5261,0.759,0.7592,-0.0263,239600,182057,0.7598,0.759,81357100,0.758,119280900,0.757,92875700,0.756,34474200,0.755,40341200,0.760,134200400,0.761,76178900,0.762,80611800,0.763,51967800,0.764,42029200,737,99999,0
sh513130,09:40:44,1768527646380,5871.2,0.893,1.178,0.759,0.7592,-0.0263,555000,421300,0.7591,0.759,70938600,0.758,122376100,0.757,100255800,0.756,44474200,0.755,40341700,0.760,140958700,0.761,85471200,0.762,90827700,0.763,52057800,0.764,42029200,458,99999,0
sh513130,09:40:47,1768527649371,5871.34,0.893,2.2209,0.759,0.7592,-0.0263,48400,36739,0.7591,0.759,82778800,0.758,123639100,0.757,100263900,0.756,35341700,0.755,41341700,0.760,141577600,0.761,86792600,0.762,91708300,0.763,52248100,0.764,42052200,691,99999,0
sh513130,09:40:50,1768527652368,5871.81,0.893,2.1213,0.759,0.7592,-0.0263,506900,385174,0.7599,0.759,73956400,0.758,123660300,0.757,100355300,0.756,46168900,0.755,41411700,0.760,143602300,0.761,86792600,0.762,92323800,0.763,52253100,0.764,42052200,1727,99999,0
sh513130,09:40:53,1768527656381,5872.73,0.893,3.8009,0.759,0.7592,-0.0263,251500,190921,0.7591,0.759,78672400,0.758,123935200,0.757,100355300,0.756,36996100,0.755,41411700,0.760,143917500,0.761,86549600,0.762,93120400,0.763,52535200,0.764,42052200,1726,99999,0
sh513130,09:40:56,1768527658370,5872.48,0.893,3.6961,0.76,0.7592,0.1054,346700,263450,0.7599,0.759,70411800,0.758,124061000,0.757,99940200,0.756,47803300,0.755,41422100,0.760,143595000,0.761,86543600,0.762,94081000,0.763,52536200,0.764,42067700,1623,99999,0
sh513130,09:40:59,1768527661364,5870.44,0.893,5.8602,0.759,0.7592,-0.0263,20141800,15287597,0.759,0.758,130914000,0.757,100940200,0.756,53607600,0.755,41536500,0.754,28063200,0.759,38732200,0.760,127949000,0.761,85764400,0.762,87393000,0.763,51503200,307,99999,0
sh513130,09:41:02,1768527664348,5869.51,0.893,2.9126,0.759,0.7592,-0.0263,1352600,1026623,0.759,0.758,131612100,0.757,100940200,0.756,53607600,0.755,41536500,0.754,28064200,0.759,2270600,0.760,135775200,0.761,89686800,0.762,86028000,0.763,51586600,1123,99999,0
sh513130,09:41:05,1768527667339,5870.32,0.893,3.4318,0.759,0.7592,-0.0263,2928700,2222442,0.7588,0.758,130446600,0.757,101950500,0.756,53707600,0.755,41476400,0.754,28064200,0.759,19636700,0.760,135104000,0.761,89526200,0.762,86471000,0.763,51609100,684,99999,0
sh513130,09:41:08,1768527670338,5869.64,0.893,2.0271,0.759,0.7592,-0.0263,2938100,2230018,0.759,0.758,130472100,0.757,101949400,0.756,53737600,0.755,40476400,0.754,28064200,0.759,2244600,0.760,134459900,0.761,90609200,0.762,86394600,0.763,51579300,610,99999,0
sh513130,09:41:11,1768527673342,5869.5,0.893,2.1292,0.759,0.7592,-0.0263,1587600,1205238,0.7592,0.759,36914000,0.758,130486500,0.757,101949400,0.756,53743200,0.755,40131000,0.760,127941400,0.761,90731000,0.762,86394600,0.763,51579300,0.764,43434100,670,99999,0
sh513130,09:41:14,1768527675332,5870.14,0.893,3.0232,0.759,0.7592,-0.0263,1011300,767577,0.759,0.759,2141700,0.758,130617900,0.757,101950100,0.756,53343200,0.755,40236000,0.760,130219700,0.761,90760800,0.762,87384600,0.763,51683300,0.764,43434100,633,99999,0
sh513130,09:41:11,1768527676320,5870.14,0.893,2.601,0.759,0.7592,-0.0263,0,0,0.759,0.759,36914000,0.758,130486500,0.757,101949400,0.756,53743200,0.755,40131000,0.760,127941400,0.761,90731000,0.762,86394600,0.763,51579300,0.764,43434100,144,99999,2
sh513130,09:41:14,1768527677316,5869.52,0.893,2.5513,0.759,0.7592,-0.0263,0,0,0.759,0.759,2141700,0.758,130617900,0.757,101950100,0.756,53343200,0.755,40236000,0.760,130219700,0.761,90760800,0.762,87384600,0.763,51683300,0.764,43434100,603,99999,0
sh513130,09:41:17,1768527679310,5869.37,0.893,3.8102,0.76,0.7592,0.1054,3522000,2673183,0.759,0.759,17360000,0.758,130872000,0.757,101951100,0.756,53774600,0.755,40237000,0.760,130955300,0.761,90912600,0.762,87386600,0.763,51745500,0.764,43434100,692,99999,0
sh513130,09:41:20,1768527683316,5869.2,0.893,2.252,0.759,0.7592,-0.0263,132900,100887,0.7591,0.759,62031400,0.758,131022500,0.757,100956900,0.756,53398500,0.755,40237000,0.760,132324200,0.761,91192600,0.762,87483300,0.763,51696000,0.764,43435400,653,99999,0
sh513130,09:41:23,1768527685320,5869.62,0.893,2.2815,0.76,0.7592,0.1054,176200,133802,0.7594,0.759,40049700,0.758,131704000,0.757,100815300,0.756,53806500,0.755,40257000,0.760,133997800,0.761,91222600,0.762,87520800,0.763,51756000,0.764,44435400,494,99999,0
sh513130,09:41:26,1768527688309,5869.59,0.893,3.4479,0.76,0.7592,0.1054,3889000,2951792,0.759,0.759,3673800,0.758,131765500,0.757,100831400,0.756,53806500,0.755,40257000,0.760,135692400,0.761,91236300,0.762,87461900,0.763,51726100,0.764,44435400,1324,99999,0
sh513130,09:41:29,1768527691310,5868.45,0.893,3.9429,0.759,0.7592,-0.0263,3800900,2884884,0.759,0.758,137210400,0.757,101831400,0.756,61187500,0.755,40256000,0.754,28009200,0.759,49228400,0.760,133482700,0.761,76551500,0.762,86297600,0.763,52020100,6,99999,0
sh513130,09:41:32,1768527694308,5869.44,0.893,5.8463,0.759,0.7592,-0.0263,1442300,1094696,0.759,0.758,136552600,0.757,102634000,0.756,62288800,0.755,40256000,0.754,28009200,0.759,24059600,0.760,141012500,0.761,90337100,0.762,85936100,0.763,52027500,843,99999,0
sh513130,09:41:35,1768527698321,5868.51,0.893,4.6091,0.759,0.7592,-0.0263,282800,214632,0.759,0.758,136862400,0.757,102834500,0.756,62288800,0.755,40256000,0.754,28009200,0.759,33586900,0.760,134817200,0.761,86530000,0.762,80966100,0.763,51746700,543,99999,0
sh513130,09:41:38,1768527700333,5868.8,0.893,4.3073,0.759,0.7592,-0.0263,372400,282649,0.759,0.758,136898100,0.757,102843900,0.756,62324900,0.755,40256000,0.754,28009200,0.759,22133200,0.760,137510700,0.761,90195600,0.762,80977000,0.763,51737600,400,99999,0
sh513130,09:41:41,1768527703323,5868.16,0.893,4.0888,0.758,0.7592,-0.1581,1459600,1107792,0.759,0.758,136908500,0.757,102843900,0.756,62344900,0.755,40256500,0.754,28079200,0.759,46082100,0.760,130207200,0.761,76539000,0.762,85955000,0.763,51745600,548,99999,0
sh513130,09:41:44,1768527707320,5870.56,0.893,5.7564,0.759,0.7592,-0.0263,4714300,3578154,0.759,0.759,14947900,0.758,138319000,0.757,101843900,0.756,59357100,0.755,40256500,0.760,135527200,0.761,91201600,0.762,86368700,0.763,51745600,0.764,45740400,639,99999,0
sh513130,09:41:47,1768527709323,5870.44,0.893,4.5522,0.759,0.7585,0.0659,1047400,794984,0.759,0.759,72199000,0.758,132951300,0.757,102210500,0.756,53577100,0.755,40269500,0.760,134850800,0.761,91265500,0.762,86806800,0.763,51742600,0.764,45790400,660,99999,0
sh513130,09:41:50,1768527712334,5870.53,0.893,4.2031,0.76,0.7585,0.1978,553500,420122,0.759,0.759,62774700,0.758,133300400,0.757,102213500,0.756,48577100,0.755,40289500,0.760,136272000,0.761,91265500,0.762,87914100,0.763,51738600,0.764,45790400,1580,99999,0
sh513130,09:41:53,1768527715350,5870.94,0.893,4.7205,0.76,0.7592,0.1054,297300,225656,0.759,0.759,76042100,0.758,133331400,0.757,102213500,0.756,48577100,0.755,40294700,0.760,139012000,0.761,91239600,0.762,87318400,0.763,51768200,0.764,45790400,269,99999,0
sh513130,09:41:56,1768527718322,5870.85,0.893,4.1534,0.76,0.7592,0.1054,2304000,1749871,0.7595,0.759,87520200,0.758,133459300,0.757,102258800,0.756,38596400,0.755,40352700,0.760,139060500,0.761,91261000,0.762,88293900,0.763,51769200,0.764,45790400,1076,99999,0
sh513130,09:41:59,1768527721320,5871.99,0.893,3.0221,0.759,0.7592,-0.0263,248900,188943,0.7591,0.759,77308600,0.758,133547100,0.757,102238800,0.756,48596400,0.755,40345200,0.760,139626800,0.761,91502800,0.762,88187700,0.763,51772100,0.764,45834300,637,99999,0
sh513130,09:42:02,1768527724323,5871.05,0.893,6.6705,0.76,0.7592,0.1054,340600,258678,0.7595,0.759,38436500,0.758,133600600,0.757,102073300,0.756,54977400,0.755,40411500,0.760,141032100,0.761,91453000,0.762,88379800,0.763,51772100,0.764,45834300,597,99999,0
sh513130,09:42:05,1768527727319,5869.52,0.893,3.797,0.759,0.7592,-0.0263,2272000,1724465,0.759,0.758,139352300,0.757,102103300,0.756,55379200,0.755,40431500,0.754,28513700,0.759,1224500,0.760,143528300,0.761,91303000,0.762,87451500,0.763,51852100,658,99999,0
sh513130,09:42:08,1768527730304,5868.73,0.893,5.5552,0.759,0.7592,-0.0263,377200,286295,0.759,0.758,138412500,0.757,103114500,0.756,56379200,0.755,40421500,0.754,28513700,0.759,3070200,0.760,142052700,0.761,89405100,0.762,86060500,0.763,51865800,97,99999,0
sh513130,09:42:11,1768527734310,5868.28,0.893,4.1388,0.759,0.7592,-0.0263,296000,224553,0.7586,0.758,139337000,0.757,103162600,0.756,60379200,0.755,40422000,0.754,28513700,0.759,2932500,0.760,142567100,0.761,89433100,0.762,85949000,0.763,51913100,1641,99999,0
sh513130,09:42:14,1768527737320,5867.13,0.893,2.6851,0.759,0.7585,0.0659,190200,144324,0.7588,0.758,138319100,0.757,103372600,0.756,61372200,0.755,40422000,0.754,28513700,0.759,40267300,0.760,136436400,0.761,85765500,0.762,85973100,0.763,51952100,619,99999,0
sh513130,09:42:17,1768527738331,5867.13,0.893,1.0955,0.759,0.7585,0.0659,95800,72707,0.7589,0.758,138501100,0.757,103424600,0.756,61422200,0.755,40467900,0.754,28513700,0.759,60880000,0.760,133181800,0.761,74747500,0.762,79192100,0.763,51962100,1631,99999,0
sh513130,09:42:20,1768527742320,5867.32,0.893,3.4508,0.759,0.7585,0.0659,73500,55750,0.7585,0.758,138470600,0.757,103424600,0.756,61435400,0.755,39471900,0.754,28505800,0.759,59501800,0.760,132322600,0.761,75793400,0.762,86606400,0.763,51962700,1295,99999,0
sh513130,09:42:23,1768527745320,5866.72,0.893,2.4209,0.759,0.7585,0.0659,172900,131231,0.759,0.758,139463000,0.757,103454600,0.756,61435400,0.755,39475900,0.754,28525800,0.759,59846300,0.760,131137200,0.761,76537600,0.762,86556400,0.763,51986700,686,99999,0
sh513130,09:42:26,1768527749313,5865.96,0.893,1.6664,0.759,0.7585,0.0659,403300,305721,0.758,0.758,138286000,0.757,103555000,0.756,62475400,0.755,39589100,0.754,29030800,0.759,76955700,0.760,129501600,0.761,75537600,0.762,76421600,0.763,51957900,626,99999,0
sh513130,09:42:29,1768527752307,5865.45,0.893,1.8128,0.758,0.7585,-0.0659,119000,90221,0.7582,0.758,137977100,0.757,103561000,0.756,62475400,0.755,39602300,0.754,28938000,0.759,75582500,0.760,127909400,0.761,75381800,0.762,76411300,0.763,51957900,471,99999,0
sh513130,09:42:32,1768527755313,5866.4,0.893,3.9857,0.759,0.7585,0.0659,9800,7434,0.7586,0.758,138842600,0.757,103726000,0.756,62518800,0.755,39602300,0.754,28962000,0.759,46734800,0.760,138804100,0.761,90061400,0.762,83503000,0.763,51874300,683,99999,0
sh513130,09:42:35,1768527758311,5866.19,0.893,5.068,0.759,0.7585,0.0659,5371200,4076436,0.7589,0.758,139657500,0.757,103775900,0.756,61555200,0.755,39602300,0.754,28964000,0.759,15338300,0.760,136109800,0.761,90073400,0.762,83419800,0.763,51773000,5,99999,0
sh513130,09:42:38,1768527761289,5867.01,0.893,5.8532,0.759,0.7585,0.0659,16074800,12200751,0.759,0.759,39170700,0.758,138861500,0.757,102789100,0.756,61770700,0.755,39872300,0.760,136576600,0.761,91206300,0.762,83957000,0.763,51606900,0.764,45667400,662,99999,0
sh513130,09:42:41,1768527763289,5869.49,0.893,4.7872,0.759,0.7585,0.0659,882000,669446,0.759,0.759,91875400,0.758,135187700,0.757,102983000,0.756,44072400,0.755,39877300,0.760,136732000,0.761,91455500,0.762,83909300,0.763,51636900,0.764,45662400,604,99999,0
sh513130,09:42:44,1768527765283,5869.84,0.893,3.9936,0.76,0.7585,0.1978,760700,577435,0.7591,0.759,83796800,0.758,140669300,0.757,103233000,0.756,49072400,0.755,39877300,0.760,135968100,0.761,91063100,0.762,85922700,0.763,52041200,0.764,45691900,411,99999,0
sh513130,09:42:47,1768527769300,5868.98,0.893,2.4781,0.759,0.7592,-0.0263,612000,464512,0.759,0.759,88899700,0.758,134971200,0.757,103099100,0.756,49074000,0.755,39889300,0.760,138229400,0.761,91036500,0.762,84958200,0.763,52021700,0.764,45691900,159,99999,0
sh513130,09:42:50,1768527772290,5869.64,0.893,2.8044,0.759,0.7592,-0.0263,70400,53436,0.759,0.759,99168600,0.758,134971200,0.757,103129100,0.756,39174000,0.755,39891700,0.760,139836000,0.761,91387100,0.762,84973200,0.763,51571700,0.764,45690900,990,99999,0
sh513130,09:42:53,1768527775289,5869.79,0.893,4.4992,0.759,0.7592,-0.0263,225000,170783,0.759,0.759,89709200,0.758,135481300,0.757,103159100,0.756,49174000,0.755,39891700,0.760,139908900,0.761,91876200,0.762,84983200,0.763,52121700,0.764,45678100,618,99999,0
sh513130,09:42:56,1768527778288,5869.51,0.893,3.3614,0.76,0.7592,0.1054,157200,119354,0.7592,0.759,89418800,0.758,135484700,0.757,103183100,0.756,49240500,0.755,40092700,0.760,142101600,0.761,91743700,0.762,84041500,0.763,52120700,0.764,45670900,499,99999,0
sh513130,09:42:59,1768527781276,5869.17,0.893,4.8968,0.76,0.7592,0.1054,652500,495636,0.7596,0.759,90454000,0.758,135674900,0.757,103211700,0.756,49243500,0.755,40092700,0.760,142969300,0.761,91875200,0.762,84586200,0.763,52117400,0.764,45670900,632,99999,0
sh513130,09:43:02,1768527784270,5870.09,0.893,5.0995,0.759,0.7592,-0.0263,2666600,2023950,0.759,0.759,100307800,0.758,135689300,0.757,96516000,0.756,35954700,0.755,40107700,0.760,143771400,0.761,92087500,0.762,84584800,0.763,52117400,0.764,45670900,5,99999,0
sh513130,09:43:05,1768527788252,5870.08,0.893,4.1635,0.76,0.7592,0.1054,33500,25440,0.7594,0.759,91592700,0.758,135942900,0.757,96558500,0.756,46039700,0.755,40128700,0.760,144402400,0.761,92182600,0.762,85548800,0.763,52119900,0.764,45650900,1645,99999,0
sh513130,09:43:08,1768527791257,5869.56,0.893,3.9324,0.76,0.7591,0.1186,52700,40002,0.7591,0.759,19652300,0.758,136342000,0.757,96558500,0.756,53420100,0.755,40229700,0.760,147585800,0.761,91801300,0.762,84637800,0.763,52100900,0.764,45650900,504,99999,0
sh513130,09:43:11,1768527793260,5868.5,0.893,2.0322,0.759,0.7591,-0.0132,16787200,12741485,0.759,0.758,141974600,0.757,97558500,0.756,58847200,0.755,40249700,0.754,30464800,0.759,39010000,0.760,145360100,0.761,90521700,0.762,83651300,0.763,52117700,343,99999,0
sh513130,09:43:14,1768527796261,5867.75,0.893,1.129,0.759,0.7591,-0.0132,216700,164463,0.7589,0.758,141016700,0.757,98384600,0.756,59839500,0.755,40350700,0.754,30464800,0.759,9470300,0.760,151396500,0.761,90520700,0.762,83119200,0.763,52287600,1185,99999,0
sh513130,09:43:17,1768527800270,5868.07,0.893,2.9578,0.759,0.7591,-0.0132,48700,36963,0.759,0.758,140726800,0.757,99290100,0.756,59919500,0.755,39350700,0.754,30464800,0.759,8298700,0.760,151304400,0.761,90563700,0.762,82825900,0.763,52287600,882,99999,0
sh513130,09:43:20,1768527802266,5868.13,0.893,2.475,0.759,0.7591,-0.0132,226200,171683,0.759,0.758,140421900,0.757,100116100,0.756,59908400,0.755,39350700,0.754,30464800,0.759,13692700,0.760,145880200,0.761,90375700,0.762,82805900,0.763,52292600,725,99999,0
sh513130,09:43:23,1768527805255,5867.45,0.893,2.4047,0.759,0.7585,0.0659,86200,65371,0.7584,0.758,140393200,0.757,100942100,0.756,59908400,0.755,39350700,0.754,30464800,0.759,33522700,0.760,143549800,0.761,90322900,0.762,83272900,0.763,52440100,597,99999,0
sh513130,09:43:26,1768527809239,5868.52,0.893,3.6706,0.759,0.7585,0.0659,836000,634517,0.759,0.758,140393400,0.757,101741200,0.756,59910400,0.755,39544400,0.754,30464800,0.759,59421600,0.760,133762200,0.761,76664900,0.762,83084800,0.763,52485100,576,99999,0
sh513130,09:43:29,1768527811236,5867.13,0.893,3.4487,0.759,0.7585,0.0659,168300,127716,0.7589,0.758,139635100,0.757,102562200,0.756,59913700,0.755,39547400,0.754,30464800,0.759,72216500,0.760,131613600,0.761,75664900,0.762,69833200,0.763,52140300,578,99999,0
sh513130,09:43:32,1768527814229,5867.31,0.893,2.7299,0.759,0.7585,0.0659,332000,251954,0.7589,0.758,130742500,0.757,103335200,0.756,68903700,0.755,39547400,0.754,30484800,0.759,72899700,0.760,130795800,0.761,76254900,0.762,67186800,0.763,52141300,1541,99999,0
sh513130,09:43:35,1768527817211,5865.78,0.893,4.1182,0.758,0.7585,-0.0659,110700,83985,0.7587,0.758,138854000,0.757,104187700,0.756,60914600,0.755,39547400,0.754,30484800,0.759,72096000,0.760,130991600,0.761,76264900,0.762,72393000,0.763,52141300,518,99999,0
sh513130,09:43:38,1768527821212,5865.72,0.893,1.3035,0.758,0.7585,-0.0659,20700,15692,0.7581,0.758,139793400,0.757,104280200,0.756,60914600,0.755,39592800,0.754,30580400,0.759,72173100,0.760,128348500,0.761,77213400,0.762,74771800,0.763,52148400,241,99999,0
sh513130,09:43:41,1768527823212,5866.95,0.893,2.1442,0.759,0.7585,0.0659,266900,202412,0.7584,0.758,139601400,0.757,104280200,0.756,61741700,0.755,39608400,0.754,30580400,0.759,78177600,0.760,128287800,0.761,77230800,0.762,69198600,0.763,52646200,52,99999,0
sh513130,09:43:44,1768527826201,5865.97,0.893,4.3073,0.758,0.7584,-0.0527,421200,319270,0.758,0.758,139225500,0.757,104316200,0.756,62618800,0.755,39626900,0.754,30580400,0.759,84604000,0.760,126489300,0.761,76263800,0.762,68288600,0.763,52801900,870,99999,0
sh513130,09:43:47,1768527830196,5866.25,0.893,5.0252,0.759,0.7591,-0.0132,50400,38206,0.7581,0.758,130505500,0.757,104511300,0.756,63445900,0.755,39626900,0.754,30588200,0.759,87019200,0.760,126281400,0.761,69774700,0.762,68288600,0.763,52815900,548,99999,0
sh513130,09:43:50,1768527832207,5866.79,0.893,4.1717,0.758,0.7591,-0.1449,278800,211436,0.7584,0.758,130341800,0.757,104571300,0.756,72293000,0.755,39629900,0.754,30608200,0.759,87558000,0.760,125692800,0.761,69874000,0.762,68293600,0.763,52906000,394,99999,0
sh513130,09:43:53,1768527835199,5866.58,0.893,3.1212,0.759,0.7591,-0.0132,34600,26261,0.759,0.758,130581000,0.757,104633800,0.756,72294500,0.755,39654900,0.754,30668200,0.759,89836900,0.760,126105600,0.761,70117400,0.762,68241600,0.763,52906000,498,99999,0
sh513130,09:43:56,1768527838192,5868.15,0.893,4.6089,0.759,0.7591,-0.0132,496000,376345,0.7588,0.758,138871100,0.757,104633800,0.756,64294500,0.755,39654900,0.754,30714600,0.759,84565100,0.760,126267600,0.761,71117400,0.762,75790000,0.763,53025300,1512,99999,0
sh513130,09:43:59,1768527841180,5869.14,0.893,4.8472,0.759,0.7578,0.1584,330600,250726,0.7584,0.758,139422600,0.757,104633800,0.756,63316800,0.755,39677500,0.754,30713600,0.759,71584300,0.760,133081900,0.761,71154600,0.762,76120000,0.763,53000100,515,99999,0
sh513130,09:44:02,1768527844157,5867.41,0.893,5.3225,0.758,0.7584,-0.0527,1726200,1308586,0.7581,0.758,139383400,0.757,104714600,0.756,63333800,0.755,39677500,0.754,30724900,0.759,75153200,0.760,131709900,0.761,71062000,0.762,75876600,0.763,53105300,1065,99999,0
sh513130,09:44:05,1768527847133,5866.88,0.893,4.9918,0.758,0.7584,-0.0527,174400,132228,0.7582,0.758,136643200,0.757,104823700,0.756,63398800,0.755,39729000,0.754,30724900,0.759,92537200,0.760,126112400,0.761,69686900,0.762,68575200,0.763,53540300,184,99999,0
sh513130,09:44:08,1768527850131,5866.97,0.893,3.2812,0.758,0.7584,-0.0527,74200,56253,0.7581,0.758,136979900,0.757,105152500,0.756,64588800,0.755,39754000,0.754,30678100,0.759,95185500,0.760,126342200,0.761,69721500,0.762,69580200,0.763,53490700,1024,99999,0
sh513130,09:44:11,1768527854116,5867.19,0.893,7.6123,0.758,0.7584,-0.0527,165900,125802,0.7583,0.758,139090000,0.757,105293700,0.756,63598800,0.755,39782800,0.754,30678100,0.759,58130200,0.760,140585400,0.761,84283800,0.762,77826200,0.763,53560700,702,99999,0
sh513130,09:44:14,1768527856117,5865.96,0.893,5.6242,0.758,0.7585,-0.0659,1768200,1340297,0.758,0.758,137191800,0.757,105311300,0.756,63499100,0.755,39795800,0.754,30681100,0.759,57128400,0.760,141298000,0.761,84771200,0.762,82825200,0.763,53560700,540,99999,0
sh513130,09:44:17,1768527859120,5867.64,0.893,5.8055,0.758,0.7585,-0.0659,293400,222664,0.7589,0.758,137358300,0.757,105314300,0.756,63530900,0.755,39800800,0.754,30689500,0.759,85514400,0.760,127779100,0.761,71982300,0.762,76570400,0.763,53566700,512,99999,0
sh513130,09:44:20,1768527862116,5866.09,0.893,4.3025,0.758,0.7585,-0.0659,401300,304225,0.7581,0.758,136106500,0.757,105344300,0.756,63652100,0.755,39800800,0.754,30813500,0.759,90936100,0.760,127274100,0.761,70145600,0.762,83826400,0.763,53916500,72,99999,0
sh513130,09:44:23,1768527865129,5866.23,0.893,4.9414,0.758,0.7585,-0.0659,307100,232831,0.7582,0.758,134744300,0.757,104344300,0.756,64642100,0.755,39810800,0.754,30813500,0.759,96849600,0.760,127217400,0.761,69310900,0.762,76735300,0.763,53847500,438,99999,0
sh513130,09:44:26,1768527868127,5864.97,0.893,3.7575,0.758,0.7585,-0.0659,328600,249119,0.7581,0.758,120557100,0.757,110054300,0.756,72660100,0.755,39710800,0.754,30813500,0.759,103234500,0.760,127297000,0.761,69224300,0.762,71662700,0.763,53846500,1477,99999,0
sh513130,09:44:29,1768527871122,5865.77,0.893,6.083,0.758,0.7585,-0.0659,684700,519077,0.7581,0.758,120241400,0.757,110039800,0.756,72699800,0.755,39711800,0.754,30813500,0.759,104044200,0.760,127200800,0.761,69478300,0.762,71232700,0.763,53961900,443,99999,0
sh513130,09:44:32,1768527874130,5863.79,0.893,4.9429,0.759,0.7585,0.0659,277700,210531,0.7581,0.758,124700800,0.757,104427200,0.756,73695800,0.755,38721800,0.754,30815500,0.759,105951600,0.760,126785400,0.761,68268300,0.762,71132500,0.763,53987400,1291,99999,0
sh513130,09:44:35,1768527877127,5863.18,0.893,3.1083,0.759,0.7585,0.0659,116400,88337,0.7589,0.758,79902300,0.757,122659600,0.756,86029300,0.755,48722800,0.754,31216500,0.759,109257200,0.760,126609400,0.761,67178400,0.762,71119400,0.763,54082800,456,99999,0
sh513130,09:44:38,1768527880089,5862.07,0.893,3.1106,0.758,0.7585,-0.0659,1661300,1259567,0.7582,0.758,41042400,0.757,123759600,0.756,104854600,0.755,56214200,0.754,31216500,0.759,109907800,0.760,126482300,0.761,67108400,0.762,71081800,0.763,54053800,783,99999,0
sh513130,09:44:41,1768527884074,5861.48,0.893,1.522,0.758,0.7585,-0.0659,3087100,2340063,0.758,0.758,33075900,0.757,123873600,0.756,105682100,0.755,61230000,0.754,31216500,0.759,110897900,0.760,125294200,0.761,65974600,0.762,71174700,0.763,53112900,427,99999,0
sh513130,09:44:44,1768527887069,5859.82,0.893,2.6367,0.758,0.7578,0.0264,4365700,3309250,0.758,0.758,27366400,0.757,122383100,0.756,104595300,0.755,59318600,0.754,29337100,0.759,112726700,0.760,125850400,0.761,65961200,0.762,69680700,0.763,54104900,368,99999,0
sh513130,09:44:47,1768527890073,5860.15,0.893,1.9998,0.758,0.7578,0.0264,27500100,20845065,0.758,0.757,129720300,0.756,106464000,0.755,59720600,0.754,29436300,0.753,24715300,0.758,11795300,0.759,111215100,0.760,120438400,0.761,64229500,0.762,69254600,1445,99999,0
sh513130,09:44:50,1768527892078,5860.84,0.893,2.4392,0.758,0.7578,0.0264,20007700,15166817,0.758,0.758,1527000,0.757,127272400,0.756,106291100,0.755,59730600,0.754,29486300,0.759,110104900,0.760,121166200,0.761,63834200,0.762,69246300,0.763,53869800,1404,99999,0
sh513130,09:44:53,1768527895074,5861.08,0.893,4.3763,0.758,0.7578,0.0264,2537800,1923654,0.758,0.758,60985800,0.757,128404400,0.756,107145600,0.755,57350600,0.754,29496300,0.759,110254100,0.760,120757500,0.761,65232900,0.762,69340400,0.763,53879800,441,99999,0
sh513130,09:44:56,1768527898058,5861.09,0.893,4.4576,0.758,0.7578,0.0264,10440800,7914128,0.758,0.758,9767900,0.757,126697400,0.756,108273800,0.755,54761900,0.754,29535300,0.759,112996900,0.760,120643500,0.761,65067200,0.762,69340400,0.763,53879800,1412,99999,0
sh513130,09:44:59,1768527901058,5860.75,0.893,5.1753,0.758,0.7578,0.0264,1186300,899229,0.758,0.757,127001700,0.756,109106000,0.755,59761900,0.754,29532300,0.753,25240900,0.758,2530500,0.759,115110500,0.760,119867500,0.761,64037200,0.762,69340400,145,99999,0
sh513130,09:45:02,1768527904065,5860.38,0.893,4.1641,0.758,0.7578,0.0264,7812500,5921887,0.758,0.758,108102100,0.757,118139600,0.756,109192800,0.755,48761900,0.754,29532300,0.759,106881400,0.760,120762000,0.761,64086200,0.762,69591700,0.763,53893900,973,99999,0
sh513130,09:45:05,1768527907066,5862.41,0.893,4.4274,0.759,0.7578,0.1584,956200,724813,0.758,0.758,118123400,0.757,119793700,0.756,103347300,0.755,35992000,0.754,29532300,0.759,106460900,0.760,121176300,0.761,65081200,0.762,69591300,0.763,53773900,314,99999,0
sh513130,09:45:08,1768527911051,5863.24,0.893,8.4523,0.758,0.7578,0.0264,282000,213806,0.7582,0.758,130298700,0.757,119822300,0.756,93520200,0.755,35982000,0.754,29539300,0.759,78771000,0.760,124603900,0.761,67137700,0.762,76847400,0.763,53828500,402,99999,0
sh513130,09:45:11,1768527914043,5863.39,0.893,6.4781,0.758,0.7578,0.0264,133500,101233,0.7583,0.758,120990800,0.757,119827400,0.756,100638100,0.755,36083000,0.754,29580200,0.759,103771800,0.760,122034800,0.761,66117900,0.762,69681500,0.763,53933500,158,99999,0
sh513130,09:45:14,1768527917048,5863.02,0.893,4.1813,0.759,0.7585,0.0659,210700,159746,0.7582,0.758,108889200,0.757,119842500,0.756,101628100,0.755,46083000,0.754,29581200,0.759,104057000,0.760,121933800,0.761,66347300,0.762,69681500,0.763,54067300,383,99999,0
sh513130,09:45:17,1768527919046,5861.37,0.893,3.2995,0.758,0.7585,-0.0659,380200,288242,0.7581,0.758,4644500,0.757,125161700,0.756,102236700,0.755,53452700,0.754,29581200,0.759,113585100,0.760,121545400,0.761,65386100,0.762,69653500,0.763,54266400,424,99999,0
sh513130,09:45:20,1768527922046,5861.0,0.893,2.6999,0.758,0.7585,-0.0659,705300,534624,0.758,0.758,65557700,0.757,125162500,0.756,103144300,0.755,53576000,0.754,29581200,0.759,114028900,0.760,121594200,0.761,64489100,0.762,69771000,0.763,54346400,1411,99999,0
sh513130,09:45:23,1768527926048,5861.26,0.893,2.8956,0.758,0.7578,0.0264,1835700,1391661,0.7581,0.758,80208200,0.757,119717700,0.756,103971400,0.755,46206000,0.754,29522500,0.759,113708300,0.760,121395700,0.761,65546100,0.762,69771000,0.763,54420200,1371,99999,0
sh513130,09:45:26,1768527929035,5860.87,0.893,2.2335,0.758,0.7578,0.0264,880600,667930,0.7585,0.758,64629700,0.757,125318100,0.756,104729400,0.755,53876400,0.754,30123900,0.759,113844300,0.760,121442700,0.761,64955200,0.762,69791000,0.763,54420200,45,99999,0
sh513130,09:45:29,1768527932031,5860.08,0.893,1.3831,0.758,0.7578,0.0264,3400400,2577521,0.758,0.758,18877900,0.757,125368200,0.756,105556500,0.755,58877400,0.754,30123900,0.759,117251700,0.760,121468500,0.761,64955200,0.762,69784800,0.763,54487600,879,99999,0
sh513130,09:45:32,1768527935041,5859.16,0.893,1.7055,0.758,0.7585,-0.0659,619300,469731,0.7585,0.758,18697600,0.757,125401000,0.756,106401600,0.755,59289400,0.754,30133900,0.759,117480100,0.760,121468400,0.761,64990800,0.762,69796200,0.763,54497600,383,99999,0
sh513130,09:45:35,1768527938039,5859.31,0.893,1.8479,0.758,0.7585,-0.0659,2463100,1867030,0.758,0.757,127888800,0.756,108220300,0.755,59293300,0.754,30133900,0.753,25467300,0.758,11288400,0.759,117564100,0.760,119627900,0.761,64978100,0.762,69766200,424,99999,0
sh513130,09:45:38,1768527941062,5858.63,0.893,3.5745,0.758,0.7578,0.0264,206000,156148,0.758,0.757,127348900,0.756,109066400,0.755,61124800,0.754,30147200,0.753,25467300,0.758,9318000,0.759,111943900,0.760,119792000,0.761,64683100,0.762,69810000,364,99999,0
sh513130,09:45:41,1768527943068,5859.06,0.893,2.8229,0.758,0.7578,0.0264,10473700,7939043,0.758,0.757,128654800,0.756,109894500,0.755,61127800,0.754,30147200,0.753,25470300,0.758,3836600,0.759,110626100,0.760,119660300,0.761,65114100,0.762,69810000,102,99999,0
sh513130,09:45:44,1768527946069,5858.92,0.893,3.2871,0.758,0.7578,0.0264,1230000,932332,0.758,0.757,128900400,0.756,110158400,0.755,61128000,0.754,30149700,0.753,26470300,0.758,2476300,0.759,109194100,0.760,119405000,0.761,65114100,0.762,69674000,1399,99999,0
sh513130,09:45:47,1768527949065,5858.45,0.893,3.3394,0.758,0.7578,0.0264,2624800,1989568,0.758,0.757,130112500,0.756,110208400,0.755,61958300,0.754,30152700,0.753,26470300,0.758,2052200,0.759,109069600,0.760,119493200,0.761,65199000,0.762,69650700,378,99999,0
sh513130,09:45:50,1768527952071,5857.11,0.893,3.0294,0.758,0.7578,0.0264,367200,278258,0.7578,0.757,130177700,0.756,110284800,0.755,63776500,0.754,30165200,0.753,26470300,0.758,2093600,0.759,107969900,0.760,119650700,0.761,65089000,0.762,69792400,1396,99999,0
sh513130,09:45:53,1768527955073,5857.18,0.893,5.349,0.757,0.7578,-0.1056,192900,146205,0.7579,0.757,131155700,0.756,110245800,0.755,63604700,0.754,30265200,0.753,26470300,0.758,2478600,0.759,106109300,0.760,119650700,0.761,64756600,0.762,69792400,128,99999,0
sh513130,09:45:56,1768527959091,5857.53,0.893,4.8209,0.758,0.7578,0.0264,2293800,1738662,0.758,0.757,130003600,0.756,110441900,0.755,65420900,0.754,30265200,0.753,26470300,0.758,5370000,0.759,107312000,0.760,119662500,0.761,64743500,0.762,69772400,388,99999,0
sh513130,09:45:59,1768527962103,5856.99,0.893,5.8949,0.758,0.7578,0.0264,6719400,5093027,0.758,0.758,11511100,0.757,125152000,0.756,104441900,0.755,60326900,0.754,30295200,0.759,101426400,0.760,116054200,0.761,59677800,0.762,70080100,0.763,54939900,677,99999,0
sh513130,09:46:02,1768527965125,5858.09,0.893,4.6792,0.758,0.7578,0.0264,3202500,2427495,0.758,0.758,3626500,0.757,127155700,0.756,104441900,0.755,57966800,0.754,30295200,0.759,103889700,0.760,115676000,0.761,59627800,0.762,69789100,0.763,54939900,475,99999,0
sh513130,09:46:05,1768527967124,5857.79,0.893,5.5501,0.758,0.7578,0.0264,4554500,3452311,0.758,0.757,127533100,0.756,105423700,0.755,58400800,0.754,30290700,0.753,26476900,0.758,6697900,0.759,104227300,0.760,115676000,0.761,59627800,0.762,69786100,438,99999,0
sh513130,09:46:08,1768527970126,5858.94,0.893,3.9999,0.758,0.7578,0.0264,2725100,2065626,0.758,0.757,126569100,0.756,105467600,0.755,59402100,0.754,30290700,0.753,26469100,0.758,9024800,0.759,102409900,0.760,111281200,0.761,49813800,0.762,69732200,44,99999,0
sh513130,09:46:11,1768527974138,5858.18,0.893,2.7512,0.758,0.7578,0.0264,6302000,4775926,0.7578,0.758,3718400,0.757,132170800,0.756,110519400,0.755,64375000,0.754,30290700,0.759,106913500,0.760,117704300,0.761,50413800,0.762,69557300,0.763,56047100,1470,99999,0
sh513130,09:46:14,1768527977140,5858.55,0.893,4.3161,0.758,0.7578,0.0264,2005100,1519966,0.758,0.758,7318700,0.757,131513700,0.756,109519400,0.755,63029300,0.754,30290700,0.759,108698800,0.760,117767800,0.761,50413800,0.762,69607300,0.763,55988000,513,99999,0
sh513130,09:46:17,1768527978140,5858.55,0.893,4.0097,0.758,0.7578,0.0264,396300,300398,0.758,0.758,62203700,0.757,126664500,0.756,109527200,0.755,63031300,0.754,30293200,0.759,111731100,0.760,117692400,0.761,55403800,0.762,70117400,0.763,55981300,1512,99999,0
sh513130,09:46:20,1768527982139,5857.83,0.893,3.6678,0.758,0.7578,0.0264,3444300,2610786,0.758,0.758,1158600,0.757,132076000,0.756,109607200,0.755,63059300,0.754,30939700,0.759,116013200,0.760,117766200,0.761,55403800,0.762,70076400,0.763,55981300,1279,99999,0
sh513130,09:46:23,1768527985131,5857.57,0.893,7.0346,0.758,0.7578,0.0264,1293500,980484,0.758,0.758,1225600,0.757,133077800,0.756,110743100,0.755,63544300,0.754,30937700,0.759,119228800,0.760,117847000,0.761,55393500,0.762,70127600,0.763,55981300,516,99999,0
sh513130,09:46:26,1768527988130,5857.13,0.893,3.9254,0.758,0.7578,0.0264,2005300,1520018,0.758,0.757,132756500,0.756,110770800,0.755,63306600,0.754,30957700,0.753,26494600,0.758,20467500,0.759,119488000,0.760,117721300,0.761,55441000,0.762,70156600,789,99999,0
sh513130,09:46:29,1768527991130,5856.97,0.893,3.9135,0.758,0.7578,0.0264,439000,332762,0.758,0.757,130790500,0.756,110793800,0.755,65287600,0.754,30957700,0.753,26494600,0.758,80699600,0.759,103510100,0.760,103522400,0.761,42755900,0.762,70189200,450,99999,0
sh513130,09:46:32,1768527995125,5855.1,0.893,3.8912,0.758,0.7578,0.0264,264300,200302,0.7579,0.757,101763300,0.756,110813800,0.755,73307600,0.754,40957700,0.753,26495800,0.758,96710000,0.759,97946000,0.760,102593800,0.761,38255900,0.762,70202200,488,99999,0
sh513130,09:46:35,1768527997121,5854.53,0.893,6.0424,0.758,0.7578,0.0264,622000,471447,0.758,0.757,100778500,0.756,110772700,0.755,73463000,0.754,40952700,0.753,26495800,0.758,98864300,0.759,97867200,0.760,101061100,0.761,38344100,0.762,70202200,447,99999,0
sh513130,09:46:38,1768528000124,5854.33,0.893,4.7027,0.758,0.7572,0.1057,224800,170386,0.7579,0.757,88443700,0.756,110773700,0.755,75281200,0.754,48352500,0.753,26495800,0.758,98819800,0.759,97169600,0.760,101179800,0.761,38345100,0.762,70147200,1425,99999,0
sh513130,09:46:41,1768528003122,5853.35,0.893,5.4098,0.757,0.7572,-0.0264,195100,147774,0.7574,0.757,58285000,0.756,128442100,0.755,88188200,0.754,48352500,0.753,26495800,0.758,102689100,0.759,96390900,0.760,100289800,0.761,38282900,0.762,70172200,455,99999,0
sh513130,09:46:38,1768528004122,5853.35,0.893,4.583,0.758,0.7572,0.1057,0,0,0.758,0.757,88443700,0.756,110773700,0.755,75281200,0.754,48352500,0.753,26495800,0.758,98819800,0.759,97169600,0.760,101179800,0.761,38345100,0.762,70147200,1455,99999,2
sh513130,09:46:41,1768528005123,5853.36,0.893,3.9995,0.757,0.7572,-0.0264,0,0,0.757,0.757,58285000,0.756,128442100,0.755,88188200,0.754,48352500,0.753,26495800,0.758,102689100,0.759,96390900,0.760,100289800,0.761,38282900,0.762,70172200,432,99999,0
sh513130,09:46:44,1768528006129,5853.36,0.893,3.47,0.757,0.7572,-0.0264,141200,106900,0.7571,0.757,81694100,0.756,128446800,0.755,88203200,0.754,48352500,0.753,26495800,0.758,102825500,0.759,95539700,0.760,100240800,0.761,38353900,0.762,70070800,1436,99999,0
sh513130,09:46:47,1768528009094,5851.04,0.893,5.3379,0.757,0.7565,0.0661,1755400,1328904,0.757,0.757,54098700,0.756,129561600,0.755,89103500,0.754,48392500,0.753,26495800,0.758,105135200,0.759,95427700,0.760,99810400,0.761,38363900,0.762,70071800,157,99999,0
sh513130,09:46:50,1768528012084,5851.53,0.893,4.5996,0.758,0.7565,0.1983,118800,89943,0.7571,0.757,29235600,0.756,130381600,0.755,107925000,0.754,53790500,0.753,26547000,0.758,107697500,0.759,95143400,0.760,99789400,0.761,36948000,0.762,70084800,983,99999,0
sh513130,09:46:53,1768528016061,5850.56,0.893,5.7962,0.757,0.7565,0.0661,4281800,3241333,0.757,0.757,21617400,0.756,130476300,0.755,108753300,0.754,53790500,0.753,26547000,0.758,109589800,0.759,94202700,0.760,99546200,0.761,36853000,0.762,70037400,646,99999,0
sh513130,09:46:56,1768528018058,5849.97,0.893,4.8998,0.757,0.7565,0.0661,4868400,3685491,0.757,0.757,16960500,0.756,132216800,0.755,109699300,0.754,54115900,0.753,26559000,0.758,110968600,0.759,91241000,0.760,99868200,0.761,36865000,0.762,70211000,485,99999,0
sh513130,09:46:59,1768528021059,5848.56,0.893,4.0002,0.757,0.7565,0.0661,648900,491289,0.7571,0.757,15731400,0.756,132456400,0.755,110638200,0.754,54135900,0.753,26624000,0.758,112902200,0.759,91163600,0.760,99887300,0.761,36831400,0.762,70261000,393,99999,0
sh513130,09:47:02,1768528025030,5847.88,0.893,4.6812,0.757,0.7566,0.0529,15639500,11839204,0.757,0.757,752700,0.756,132529900,0.755,112184800,0.754,54155900,0.753,26644100,0.758,111283200,0.759,88850700,0.760,99776500,0.761,36801400,0.762,70153700,394,99999,0
sh513130,09:47:05,1768528028001,5847.95,0.893,3.5717,0.757,0.7566,0.0529,942600,713541,0.757,0.756,128709900,0.755,114076100,0.754,63933600,0.753,26666100,0.752,26978400,0.757,68255500,0.758,85270900,0.759,72212400,0.760,75234400,0.761,36801400,1342,99999,0
sh513130,09:47:08,1768528029993,5846.66,0.893,3.4411,0.757,0.7566,0.0529,56900,43074,0.757,0.756,131716700,0.755,114142100,0.754,59019700,0.753,26676100,0.752,27479000,0.757,70774200,0.758,85613800,0.759,64069100,0.760,74783500,0.761,36972300,1322,99999,0
sh513130,09:47:11,1768528032977,5846.86,0.893,3.1226,0.757,0.7566,0.0529,185100,140120,0.757,0.756,131850800,0.755,114104600,0.754,59999100,0.753,26676400,0.752,27519000,0.757,49414800,0.758,99662100,0.759,78599200,0.760,69393000,0.761,37321900,287,99999,0
sh513130,09:47:14,1768528035970,5847.64,0.893,3.0296,0.757,0.7559,0.1455,6156400,4660275,0.757,0.756,132757900,0.755,114104600,0.754,60358500,0.753,26723900,0.752,27519000,0.757,15393800,0.758,99418300,0.759,81813900,0.760,69361500,0.761,37321900,1113,99999,0
sh513130,09:47:17,1768528039967,5848.62,0.893,3.9443,0.757,0.7559,0.1455,16485100,12479221,0.757,0.757,16774500,0.756,134983500,0.755,114132300,0.754,59316400,0.753,28667300,0.758,103876000,0.759,83718300,0.760,74302100,0.761,37294900,0.762,68592500,785,99999,0
sh513130,09:47:20,1768528042939,5847.9,0.893,3.1313,0.757,0.7559,0.1455,8729600,6608197,0.757,0.756,134996200,0.755,115186300,0.754,59227200,0.753,28667300,0.752,27549000,0.757,49115200,0.758,94255600,0.759,67885300,0.760,74311100,0.761,37326600,1597,99999,0
sh513130,09:47:23,1768528045945,5847.12,0.893,2.307,0.757,0.7566,0.0529,214900,162663,0.7569,0.756,134082100,0.755,115159700,0.754,61126600,0.753,28739100,0.752,27549300,0.757,41317000,0.758,98268600,0.759,77917000,0.760,73851600,0.761,39088700,284,99999,0
sh513130,09:47:26,1768528048947,5846.91,0.893,2.6273,0.756,0.7566,-0.0793,335500,253941,0.7569,0.756,133065100,0.755,115161700,0.754,62086700,0.753,28749100,0.752,27615700,0.757,27140900,0.758,96665800,0.759,80512000,0.760,73823400,0.761,39088700,282,99999,0
sh513130,09:47:29,1768528050921,5846.79,0.893,2.5311,0.757,0.7566,0.0529,932900,706087,0.7569,0.756,135150600,0.755,115165900,0.754,61069900,0.753,28749100,0.752,27627700,0.757,51194100,0.758,88538300,0.759,66750100,0.760,73559400,0.761,38941900,241,99999,0
sh513130,09:47:32,1768528053914,5846.63,0.893,4.0351,0.756,0.7566,-0.0793,498300,376853,0.7563,0.756,135393200,0.755,115168900,0.754,62133900,0.753,28796700,0.752,27965900,0.757,60967400,0.758,88366900,0.759,66074000,0.760,73558900,0.761,38850300,1266,99999,0
sh513130,09:47:35,1768528056910,5844.12,0.893,2.7194,0.756,0.7566,-0.0793,183400,138755,0.7566,0.756,135795800,0.755,115201500,0.754,62133900,0.753,28797500,0.752,27968200,0.757,77213900,0.758,83773100,0.759,65010300,0.760,68532200,0.761,38850300,292,99999,0
sh513130,09:47:38,1768528060921,5844.76,0.893,3.8631,0.756,0.7566,-0.0793,47900,36214,0.756,0.756,127022800,0.755,115265800,0.754,70133900,0.753,29397300,0.752,27968200,0.757,84285000,0.758,82879100,0.759,64978300,0.760,68229600,0.761,38821600,146,99999,0
sh513130,09:47:41,1768528063919,5844.24,0.893,3.5377,0.756,0.7566,-0.0793,1189400,899237,0.756,0.756,116020500,0.755,115558300,0.754,71181500,0.753,29430300,0.752,29915600,0.757,84157800,0.758,81875000,0.759,65179500,0.760,68206500,0.761,38908400,984,99999,0
sh513130,09:47:44,1768528065910,5843.5,0.893,5.0292,0.756,0.7559,0.0132,386700,292413,0.7562,0.756,106949500,0.755,115549800,0.754,71074100,0.753,39476600,0.752,29915600,0.757,84913000,0.758,81805900,0.759,65271500,0.760,68266500,0.761,38832500,823,99999,0
sh513130,09:47:47,1768528070888,5842.13,0.893,6.7054,0.756,0.7559,0.0132,514400,389108,0.7564,0.756,93230400,0.755,121205200,0.754,72893500,0.753,46972200,0.752,29920600,0.757,86330000,0.758,81561000,0.759,64286500,0.760,68228900,0.761,38952800,237,99999,0
sh513130,09:47:50,1768528071884,5842.13,0.893,6.5807,0.756,0.7559,0.0132,1446500,1093764,0.7561,0.756,98637400,0.755,115588400,0.754,73899200,0.753,47012400,0.752,29920600,0.757,88518100,0.758,82515000,0.759,64168900,0.760,68167800,0.761,39052800,317,99999,0
sh513130,09:47:53,1768528075888,5842.04,0.893,4.96,0.756,0.7559,0.0132,384400,290651,0.7561,0.756,92784200,0.755,121246500,0.754,74774600,0.753,47021400,0.752,29953500,0.757,91364500,0.758,83558100,0.759,64168900,0.760,68256200,0.761,39042800,1197,99999,0
sh513130,09:47:56,1768528077881,5843.45,0.893,4.7142,0.756,0.7559,0.0132,582000,440049,0.7561,0.756,98005100,0.755,115854800,0.754,75604000,0.753,47091400,0.752,30007300,0.757,91998200,0.758,82601700,0.759,64168900,0.760,68218700,0.761,39049800,1226,99999,0
sh513130,09:47:59,1768528081876,5841.71,0.893,3.4082,0.756,0.7559,0.0132,1475400,1115402,0.756,0.756,102381900,0.755,115984300,0.754,76483600,0.753,41727400,0.752,30654100,0.757,94091200,0.758,82510200,0.759,64114900,0.760,68010800,0.761,39109100,1206,99999,0
