symbol,tx_server_time,tx_local_time,bd_server_time,bd_local_time,price,iopv,premium_rate,index_price,fx_rate,sentiment,tick_vol,tick_amt,tick_vwap,interval_s,bp1,bv1,bp2,bv2,bp3,bv3,bp4,bv4,bp5,bv5,sp1,sv1,sp2,sv2,sp3,sv3,sp4,sv4,sp5,sv5
sh513130,09:30:09,1765157412169,09:31:10,1765157411682,0.747,0.7467,0.0402,5669.05,0.9078,4.1155,0,0,0.747,0.0,0.746,19821600,0.745,46080300,0.744,42439300,0.743,27312100,0.742,20431000,0.747,16064800,0.748,48920500,0.749,33838800,0.750,28539700,0.751,20050100
sh513130,09:30:09,1765157413063,09:31:12,1765157412563,0.747,0.7467,0.0402,5672.0,0.9078,5.3641,0,0,0.747,0.894,0.746,19821600,0.745,46080300,0.744,42439300,0.743,27312100,0.742,20431000,0.747,16064800,0.748,48920500,0.749,33838800,0.750,28539700,0.751,20050100
sh513130,09:30:12,1765157414064,09:31:12,1765157413126,0.747,0.7467,0.0402,5672.0,0.9078,3.0452,2302600,1719717,0.7469,1.0,0.746,22418000,0.745,46200300,0.744,44469600,0.743,27526700,0.742,20302400,0.747,18369300,0.748,48325900,0.749,34036300,0.750,29713400,0.751,21442400
sh513130,09:30:12,1765157415062,09:31:14,1765157414932,0.747,0.7467,0.0402,5672.08,0.9078,4.0229,0,0,0.747,0.998,0.746,22418000,0.745,46200300,0.744,44469600,0.743,27526700,0.742,20302400,0.747,18369300,0.748,48325900,0.749,34036300,0.750,29713400,0.751,21442400
sh513130,09:30:12,1765157416065,09:31:14,1765157415291,0.747,0.7467,0.0402,5672.08,0.9078,4.9611,0,0,0.747,1.003,0.746,22418000,0.745,46200300,0.744,44469600,0.743,27526700,0.742,20302400,0.747,18369300,0.748,48325900,0.749,34036300,0.750,29713400,0.751,21442400
sh513130,09:30:15,1765157417974,09:31:16,1765157417459,0.747,0.7467,0.0402,5672.97,0.9078,4.3956,3061600,2286101,0.7467,1.909,0.746,22843300,0.745,46157000,0.744,43724000,0.743,28086900,0.742,20757400,0.747,12741300,0.748,48838700,0.749,36779900,0.750,30120400,0.751,22891900
sh513130,09:30:15,1765157418800,09:31:18,1765157418539,0.747,0.7467,0.0402,5671.67,0.9078,5.7414,0,0,0.747,0.826,0.746,22843300,0.745,46157000,0.744,43724000,0.743,28086900,0.742,20757400,0.747,12741300,0.748,48838700,0.749,36779900,0.750,30120400,0.751,22891900
sh513130,09:30:15,1765157419075,09:31:18,1765157418539,0.747,0.7467,0.0402,5671.67,0.9078,5.3666,0,0,0.747,0.275,0.746,22843300,0.745,46157000,0.744,43724000,0.743,28086900,0.742,20757400,0.747,12741300,0.748,48838700,0.749,36779900,0.750,30120400,0.751,22891900
sh513130,09:30:18,1765157420082,09:31:18,1765157419616,0.746,0.7467,-0.0937,5671.67,0.9078,4.5135,2296000,1715031,0.747,1.007,0.746,25984500,0.745,43357600,0.744,43831000,0.743,28420700,0.742,21116500,0.747,9969500,0.748,49918700,0.749,36954900,0.750,30742800,0.751,22953800
sh513130,09:30:18,1765157421075,09:31:20,1765157420586,0.746,0.7467,-0.0937,5671.33,0.9078,5.3667,0,0,0.746,0.993,0.746,25984500,0.745,43357600,0.744,43831000,0.743,28420700,0.742,21116500,0.747,9969500,0.748,49918700,0.749,36954900,0.750,30742800,0.751,22953800
sh513130,09:30:18,1765157422083,09:31:20,1765157421786,0.746,0.7467,-0.0937,5671.33,0.9078,5.1813,0,0,0.746,1.008,0.746,25984500,0.745,43357600,0.744,43831000,0.743,28420700,0.742,21116500,0.747,9969500,0.748,49918700,0.749,36954900,0.750,30742800,0.751,22953800
sh513130,09:30:21,1765157423103,09:31:22,1765157422498,0.746,0.7474,-0.1873,5674.45,0.9078,4.485,3089300,2307244,0.7469,1.02,0.746,26989100,0.745,45310600,0.744,46947700,0.743,30514400,0.742,22600700,0.747,14369600,0.748,50202600,0.749,38517500,0.750,31834100,0.751,21957700
sh513130,09:30:21,1765157424080,09:31:22,1765157423953,0.746,0.7474,-0.1873,5674.45,0.9078,4.2557,0,0,0.746,0.977,0.746,26989100,0.745,45310600,0.744,46947700,0.743,30514400,0.742,22600700,0.747,14369600,0.748,50202600,0.749,38517500,0.750,31834100,0.751,21957700
sh513130,09:30:21,1765157425078,09:31:24,1765157424494,0.746,0.7474,-0.1873,5675.11,0.9078,4.1391,0,0,0.746,0.999,0.746,26989100,0.745,45310600,0.744,46947700,0.743,30514400,0.742,22600700,0.747,14369600,0.748,50202600,0.749,38517500,0.750,31834100,0.751,21957700
sh513130,09:30:24,1765157426085,09:31:24,1765157424494,0.747,0.7467,0.0402,5675.11,0.9078,4.3157,3202900,2391892,0.7468,1.006,0.746,27407900,0.745,50498600,0.744,52699700,0.743,30609900,0.742,22678300,0.747,14338700,0.748,54681900,0.749,48297600,0.750,32015900,0.751,23200200
sh513130,09:30:24,1765157427094,09:31:26,1765157426518,0.747,0.7467,0.0402,5675.96,0.9078,3.9986,0,0,0.747,1.01,0.746,27407900,0.745,50498600,0.744,52699700,0.743,30609900,0.742,22678300,0.747,14338700,0.748,54681900,0.749,48297600,0.750,32015900,0.751,23200200
sh513130,09:30:24,1765157428089,09:31:26,1765157426518,0.747,0.7467,0.0402,5675.96,0.9078,4.6855,0,0,0.747,0.995,0.746,27407900,0.745,50498600,0.744,52699700,0.743,30609900,0.742,22678300,0.747,14338700,0.748,54681900,0.749,48297600,0.750,32015900,0.751,23200200
sh513130,09:30:27,1765157429094,09:31:28,1765157428559,0.747,0.7467,0.0402,5675.28,0.9078,3.8986,3897000,2910831,0.7469,1.005,0.746,28498200,0.745,41666400,0.744,42536300,0.743,30716700,0.742,23023400,0.747,13527900,0.748,43927000,0.749,52374300,0.750,31808300,0.751,24404300
sh513130,09:30:27,1765157430099,09:31:28,1765157428559,0.747,0.7467,0.0402,5675.28,0.9078,3.7227,0,0,0.747,1.005,0.746,28498200,0.745,41666400,0.744,42536300,0.743,30716700,0.742,23023400,0.747,13527900,0.748,43927000,0.749,52374300,0.750,31808300,0.751,24404300
sh513130,09:30:27,1765157431096,09:31:30,1765157430560,0.747,0.7467,0.0402,5676.5,0.9078,3.7354,0,0,0.747,0.997,0.746,28498200,0.745,41666400,0.744,42536300,0.743,30716700,0.742,23023400,0.747,13527900,0.748,43927000,0.749,52374300,0.750,31808300,0.751,24404300
sh513130,09:30:30,1765157432098,09:31:30,1765157430560,0.747,0.7474,-0.0535,5676.5,0.9078,6.0879,2502500,1868556,0.7467,1.002,0.746,36098100,0.745,40145200,0.744,41688200,0.743,27037200,0.742,23347800,0.747,13023600,0.748,42131100,0.749,44446700,0.750,31823000,0.751,25274900
sh513130,09:30:30,1765157433159,09:31:32,1765157432775,0.747,0.7474,-0.0535,5678.75,0.9078,6.1845,0,0,0.747,1.062,0.746,36098100,0.745,40145200,0.744,41688200,0.743,27037200,0.742,23347800,0.747,13023600,0.748,42131100,0.749,44446700,0.750,31823000,0.751,25274900
sh513130,09:30:33,1765157434099,09:31:32,1765157432775,0.747,0.7474,-0.0535,5678.75,0.9078,5.0823,4002100,2989166,0.7469,0.94,0.746,46854700,0.745,41984100,0.744,42274000,0.743,27178800,0.742,23390000,0.747,9958000,0.748,38033500,0.749,43027200,0.750,34143500,0.751,27311100
sh513130,09:30:33,1765157435087,09:31:34,1765157434812,0.747,0.7474,-0.0535,5678.52,0.9078,5.0372,0,0,0.747,0.988,0.746,46854700,0.745,41984100,0.744,42274000,0.743,27178800,0.742,23390000,0.747,9958000,0.748,38033500,0.749,43027200,0.750,34143500,0.751,27311100
sh513130,09:30:33,1765157436102,09:31:34,1765157434812,0.747,0.7474,-0.0535,5678.52,0.9078,4.1685,0,0,0.747,1.015,0.746,46854700,0.745,41984100,0.744,42274000,0.743,27178800,0.742,23390000,0.747,9958000,0.748,38033500,0.749,43027200,0.750,34143500,0.751,27311100
sh513130,09:30:36,1765157437109,09:31:36,1765157436979,0.747,0.7467,0.0402,5679.66,0.9078,3.9253,11152000,8330649,0.747,1.007,0.747,4880500,0.746,38800700,0.745,37105600,0.744,36615000,0.743,26181100,0.748,37978600,0.749,57013400,0.750,35626000,0.751,27264100,0.752,25411700
sh513130,09:30:36,1765157438117,09:31:36,1765157436979,0.747,0.7467,0.0402,5679.66,0.9078,5.3526,0,0,0.747,1.008,0.747,4880500,0.746,38800700,0.745,37105600,0.744,36615000,0.743,26181100,0.748,37978600,0.749,57013400,0.750,35626000,0.751,27264100,0.752,25411700
sh513130,09:30:36,1765157439108,09:31:38,1765157438572,0.747,0.7467,0.0402,5680.47,0.9078,6.8201,0,0,0.747,0.991,0.747,4880500,0.746,38800700,0.745,37105600,0.744,36615000,0.743,26181100,0.748,37978600,0.749,57013400,0.750,35626000,0.751,27264100,0.752,25411700
sh513130,09:30:36,1765157440104,09:31:38,1765157439138,0.747,0.7467,0.0402,5680.47,0.9078,6.5917,0,0,0.747,0.997,0.747,4880500,0.746,38800700,0.745,37105600,0.744,36615000,0.743,26181100,0.748,37978600,0.749,57013400,0.750,35626000,0.751,27264100,0.752,25411700
sh513130,09:30:39,1765157441102,09:31:40,1765157440482,0.747,0.7474,-0.0535,5679.78,0.9078,6.2643,1447500,1081388,0.7471,0.998,0.747,11072100,0.746,57148900,0.745,50108600,0.744,38603800,0.743,28206100,0.748,66353000,0.749,70021500,0.750,34621700,0.751,28317500,0.752,25475300
sh513130,09:30:39,1765157442117,09:31:40,1765157441344,0.747,0.7474,-0.0535,5679.78,0.9078,5.2171,0,0,0.747,1.016,0.747,11072100,0.746,57148900,0.745,50108600,0.744,38603800,0.743,28206100,0.748,66353000,0.749,70021500,0.750,34621700,0.751,28317500,0.752,25475300
sh513130,09:30:39,1765157443120,09:31:42,1765157442491,0.747,0.7474,-0.0535,5679.75,0.9078,5.9469,0,0,0.747,1.003,0.747,11072100,0.746,57148900,0.745,50108600,0.744,38603800,0.743,28206100,0.748,66353000,0.749,70021500,0.750,34621700,0.751,28317500,0.752,25475300
sh513130,09:30:42,1765157444114,09:31:42,1765157443502,0.747,0.7474,-0.0535,5679.75,0.9078,5.7211,2185200,1632476,0.7471,0.994,0.747,23305100,0.746,58152300,0.745,50250000,0.744,37644700,0.743,28236400,0.748,66565600,0.749,70186300,0.750,34857200,0.751,28356400,0.752,25535400
sh513130,09:30:42,1765157445121,09:31:44,1765157444544,0.747,0.7474,-0.0535,5681.07,0.9078,7.1647,0,0,0.747,1.007,0.747,23305100,0.746,58152300,0.745,50250000,0.744,37644700,0.743,28236400,0.748,66565600,0.749,70186300,0.750,34857200,0.751,28356400,0.752,25535400
sh513130,09:30:45,1765157446126,09:31:44,1765157445680,0.748,0.7474,0.0803,5681.07,0.9078,5.7636,2741700,2048345,0.7471,1.005,0.747,23746000,0.746,58349400,0.745,51253600,0.744,37644700,0.743,27246400,0.748,65475700,0.749,71058200,0.750,35891700,0.751,28556400,0.752,25535400
sh513130,09:30:45,1765157447125,09:31:46,1765157446502,0.748,0.7474,0.0803,5681.24,0.9078,5.5401,0,0,0.748,0.999,0.747,23746000,0.746,58349400,0.745,51253600,0.744,37644700,0.743,27246400,0.748,65475700,0.749,71058200,0.750,35891700,0.751,28556400,0.752,25535400
sh513130,09:30:45,1765157448117,09:31:46,1765157447849,0.748,0.7474,0.0803,5681.24,0.9078,2.8541,0,0,0.748,0.992,0.747,23746000,0.746,58349400,0.745,51253600,0.744,37644700,0.743,27246400,0.748,65475700,0.749,71058200,0.750,35891700,0.751,28556400,0.752,25535400
sh513130,09:30:45,1765157449120,09:31:48,1765157448518,0.748,0.7474,0.0803,5680.7,0.9078,3.2834,0,0,0.748,1.003,0.747,23746000,0.746,58349400,0.745,51253600,0.744,37644700,0.743,27246400,0.748,65475700,0.749,71058200,0.750,35891700,0.751,28556400,0.752,25535400
sh513130,09:30:48,1765157450109,09:31:48,1765157450041,0.747,0.7474,-0.0535,5680.7,0.9078,2.1048,1398600,1045075,0.7472,0.989,0.747,26211400,0.746,58760400,0.745,51343600,0.744,37644700,0.743,27308700,0.748,53861400,0.749,71068200,0.750,47904000,0.751,28566700,0.752,25537500
sh513130,09:30:48,1765157451121,09:31:50,1765157450531,0.747,0.7474,-0.0535,5681.43,0.9078,2.9288,0,0,0.747,1.012,0.747,26211400,0.746,58760400,0.745,51343600,0.744,37644700,0.743,27308700,0.748,53861400,0.749,71068200,0.750,47904000,0.751,28566700,0.752,25537500
sh513130,09:30:48,1765157452110,09:31:50,1765157450531,0.747,0.7474,-0.0535,5681.43,0.9078,3.8217,0,0,0.747,0.989,0.747,26211400,0.746,58760400,0.745,51343600,0.744,37644700,0.743,27308700,0.748,53861400,0.749,71068200,0.750,47904000,0.751,28566700,0.752,25537500
sh513130,09:30:51,1765157453142,09:31:52,1765157452509,0.747,0.7474,-0.0535,5679.21,0.9078,3.2038,1778700,1329779,0.7476,1.032,0.747,24020700,0.746,58911300,0.745,51353100,0.744,37642700,0.743,27308700,0.748,65399200,0.749,71074600,0.750,35929100,0.751,28566700,0.752,25607500
sh513130,09:30:51,1765157454128,09:31:52,1765157452509,0.747,0.7474,-0.0535,5679.21,0.9078,2.9153,0,0,0.747,0.986,0.747,24020700,0.746,58911300,0.745,51353100,0.744,37642700,0.743,27308700,0.748,65399200,0.749,71074600,0.750,35929100,0.751,28566700,0.752,25607500
sh513130,09:30:51,1765157455126,09:31:54,1765157454560,0.747,0.7474,-0.0535,5680.33,0.9078,4.9916,0,0,0.747,0.998,0.747,24020700,0.746,58911300,0.745,51353100,0.744,37642700,0.743,27308700,0.748,65399200,0.749,71074600,0.750,35929100,0.751,28566700,0.752,25607500
sh513130,09:30:54,1765157456129,09:31:54,1765157454560,0.748,0.7481,-0.0134,5680.33,0.9078,4.7184,2498500,1867255,0.7474,1.003,0.747,23340400,0.746,59236200,0.745,51353100,0.744,37842700,0.743,27309300,0.748,64680700,0.749,71284600,0.750,35934100,0.751,28596700,0.752,25607500
sh513130,09:30:54,1765157457127,09:31:56,1765157456561,0.748,0.7481,-0.0134,5679.06,0.9078,4.5168,0,0,0.748,0.998,0.747,23340400,0.746,59236200,0.745,51353100,0.744,37842700,0.743,27309300,0.748,64680700,0.749,71284600,0.750,35934100,0.751,28596700,0.752,25607500
sh513130,09:30:54,1765157458136,09:31:56,1765157456561,0.748,0.7481,-0.0134,5679.06,0.9078,3.0683,0,0,0.748,1.009,0.747,23340400,0.746,59236200,0.745,51353100,0.744,37842700,0.743,27309300,0.748,64680700,0.749,71284600,0.750,35934100,0.751,28596700,0.752,25607500
sh513130,09:30:57,1765157459147,09:31:58,1765157458736,0.748,0.7481,-0.0134,5679.73,0.9078,3.1095,513300,383743,0.7476,1.011,0.747,28930300,0.746,58423000,0.745,51318500,0.744,37842700,0.743,27319100,0.748,67473100,0.749,71306000,0.750,35934100,0.751,28596700,0.752,25660100
sh513130,09:30:57,1765157460130,09:31:58,1765157458736,0.748,0.7481,-0.0134,5679.73,0.9078,2.6787,0,0,0.748,0.983,0.747,28930300,0.746,58423000,0.745,51318500,0.744,37842700,0.743,27319100,0.748,67473100,0.749,71306000,0.750,35934100,0.751,28596700,0.752,25660100
sh513130,09:31:00,1765157461142,09:32:00,1765157460903,0.748,0.7474,0.0803,5681.92,0.9078,2.2915,726600,543489,0.748,1.012,0.747,33527200,0.746,58639600,0.745,51538700,0.744,37887500,0.743,27319000,0.748,67781400,0.749,71206000,0.750,35992600,0.751,28695700,0.752,25680100
sh513130,09:31:00,1765157462136,09:32:00,1765157460903,0.748,0.7474,0.0803,5681.92,0.9078,1.2151,0,0,0.748,0.994,0.747,33527200,0.746,58639600,0.745,51538700,0.744,37887500,0.743,27319000,0.748,67781400,0.749,71206000,0.750,35992600,0.751,28695700,0.752,25680100
sh513130,09:31:00,1765157463144,09:32:02,1765157463078,0.748,0.7474,0.0803,5680.62,0.9078,6.1634,0,0,0.748,1.008,0.747,33527200,0.746,58639600,0.745,51538700,0.744,37887500,0.743,27319000,0.748,67781400,0.749,71206000,0.750,35992600,0.751,28695700,0.752,25680100
sh513130,09:31:00,1765157464143,09:32:02,1765157463078,0.748,0.7474,0.0803,5680.62,0.9078,4.6493,0,0,0.748,0.999,0.747,33527200,0.746,58639600,0.745,51538700,0.744,37887500,0.743,27319000,0.748,67781400,0.749,71206000,0.750,35992600,0.751,28695700,0.752,25680100
sh513130,09:31:03,1765157465165,09:32:04,1765157464510,0.748,0.7474,0.0803,5681.89,0.9078,3.5386,436700,326563,0.7478,1.022,0.747,33662200,0.746,58406300,0.745,51582100,0.744,41122500,0.743,27309000,0.748,68938300,0.749,72209000,0.750,36035800,0.751,28699300,0.752,25681100
sh513130,09:31:03,1765157466160,09:32:04,1765157465251,0.748,0.7474,0.0803,5681.89,0.9078,3.3758,0,0,0.748,0.995,0.747,33662200,0.746,58406300,0.745,51582100,0.744,41122500,0.743,27309000,0.748,68938300,0.749,72209000,0.750,36035800,0.751,28699300,0.752,25681100
sh513130,09:31:03,1765157467145,09:32:06,1765157466520,0.748,0.7474,0.0803,5684.82,0.9078,4.385,0,0,0.748,0.986,0.747,33662200,0.746,58406300,0.745,51582100,0.744,41122500,0.743,27309000,0.748,68938300,0.749,72209000,0.750,36035800,0.751,28699300,0.752,25681100
sh513130,09:31:06,1765157468148,09:32:06,1765157467443,0.748,0.7474,0.0803,5684.82,0.9078,3.9217,1407100,1051683,0.7474,1.002,0.747,38860900,0.746,60272300,0.745,51589100,0.744,34752500,0.743,27310000,0.748,54842200,0.749,71273500,0.750,47990600,0.751,28700300,0.752,25697600
sh513130,09:31:06,1765157469157,09:32:08,1765157468496,0.748,0.7474,0.0803,5684.62,0.9078,3.2013,0,0,0.748,1.009,0.747,38860900,0.746,60272300,0.745,51589100,0.744,34752500,0.743,27310000,0.748,54842200,0.749,71273500,0.750,47990600,0.751,28700300,0.752,25697600
sh513130,09:31:06,1765157470148,09:32:08,1765157469609,0.748,0.7474,0.0803,5684.62,0.9078,3.0846,0,0,0.748,0.991,0.747,38860900,0.746,60272300,0.745,51589100,0.744,34752500,0.743,27310000,0.748,54842200,0.749,71273500,0.750,47990600,0.751,28700300,0.752,25697600
sh513130,09:31:09,1765157471148,09:32:10,1765157470546,0.747,0.748,-0.1337,5686.14,0.9078,3.4759,735400,549810,0.7476,1.0,0.747,42848000,0.746,60473200,0.745,51475900,0.744,32752500,0.743,27386800,0.748,51446700,0.749,71407700,0.750,48050600,0.751,31504300,0.752,25729300
sh513130,09:31:09,1765157472159,09:32:10,1765157471785,0.747,0.748,-0.1337,5686.14,0.9078,5.5566,0,0,0.747,1.012,0.747,42848000,0.746,60473200,0.745,51475900,0.744,32752500,0.743,27386800,0.748,51446700,0.749,71407700,0.750,48050600,0.751,31504300,0.752,25729300
sh513130,09:31:09,1765157473163,09:32:12,1765157472478,0.747,0.748,-0.1337,5685.48,0.9078,4.922,0,0,0.747,1.004,0.747,42848000,0.746,60473200,0.745,51475900,0.744,32752500,0.743,27386800,0.748,51446700,0.749,71407700,0.750,48050600,0.751,31504300,0.752,25729300
sh513130,09:31:12,1765157474160,09:32:12,1765157473956,0.747,0.748,-0.1337,5685.48,0.9078,4.5381,916000,685134,0.748,0.997,0.747,43907900,0.746,60571700,0.745,38985900,0.744,29512500,0.743,27386800,0.748,30385900,0.749,70450200,0.750,51101900,0.751,32494300,0.752,25729300
sh513130,09:31:12,1765157475154,09:32:14,1765157474467,0.747,0.748,-0.1337,5686.9,0.9078,3.9745,0,0,0.747,0.994,0.747,43907900,0.746,60571700,0.745,38985900,0.744,29512500,0.743,27386800,0.748,30385900,0.749,70450200,0.750,51101900,0.751,32494300,0.752,25729300
sh513130,09:31:15,1765157476158,09:32:14,1765157476122,0.748,0.748,0.0,5686.9,0.9078,3.7592,710800,531573,0.7479,1.004,0.747,46600800,0.746,60655300,0.745,50993400,0.744,29494800,0.743,27418300,0.748,30053600,0.749,70480200,0.750,69119600,0.751,32595600,0.752,25729300
sh513130,09:31:15,1765157477159,09:32:16,1765157476545,0.748,0.748,0.0,5686.33,0.9078,3.344,0,0,0.748,1.001,0.747,46600800,0.746,60655300,0.745,50993400,0.744,29494800,0.743,27418300,0.748,30053600,0.749,70480200,0.750,69119600,0.751,32595600,0.752,25729300
sh513130,09:31:15,1765157478160,09:32:16,1765157476545,0.748,0.748,0.0,5686.33,0.9078,2.9751,0,0,0.748,1.001,0.747,46600800,0.746,60655300,0.745,50993400,0.744,29494800,0.743,27418300,0.748,30053600,0.749,70480200,0.750,69119600,0.751,32595600,0.752,25729300
sh513130,09:31:15,1765157479176,09:32:18,1765157478482,0.748,0.748,0.0,5686.5,0.9078,2.5499,0,0,0.748,1.016,0.747,46600800,0.746,60655300,0.745,50993400,0.744,29494800,0.743,27418300,0.748,30053600,0.749,70480200,0.750,69119600,0.751,32595600,0.752,25729300
sh513130,09:31:18,1765157480168,09:32:18,1765157478482,0.748,0.748,0.0,5686.5,0.9078,2.6652,1984900,1484682,0.748,0.992,0.747,46565500,0.746,60551000,0.745,51021700,0.744,29494800,0.743,27418300,0.748,28603000,0.749,70455300,0.750,69219600,0.751,32595600,0.752,25729300
sh513130,09:31:18,1765157481167,09:32:20,1765157480508,0.748,0.748,0.0,5686.52,0.9078,3.6184,0,0,0.748,0.999,0.747,46565500,0.746,60551000,0.745,51021700,0.744,29494800,0.743,27418300,0.748,28603000,0.749,70455300,0.750,69219600,0.751,32595600,0.752,25729300
sh513130,09:31:18,1765157482178,09:32:20,1765157480508,0.748,0.748,0.0,5686.52,0.9078,3.4526,0,0,0.748,1.011,0.747,46565500,0.746,60551000,0.745,51021700,0.744,29494800,0.743,27418300,0.748,28603000,0.749,70455300,0.750,69219600,0.751,32595600,0.752,25729300
sh513130,09:31:21,1765157483164,09:32:22,1765157482627,0.748,0.748,0.0,5685.36,0.9078,2.5666,1248200,933424,0.7478,0.986,0.747,47497300,0.746,60774700,0.745,51179900,0.744,29484800,0.743,27418300,0.748,27979800,0.749,70480500,0.750,69328100,0.751,32595600,0.752,26054700
sh513130,09:31:21,1765157484178,09:32:22,1765157482627,0.748,0.748,0.0,5685.36,0.9078,2.9822,0,0,0.748,1.014,0.747,47497300,0.746,60774700,0.745,51179900,0.744,29484800,0.743,27418300,0.748,27979800,0.749,70480500,0.750,69328100,0.751,32595600,0.752,26054700
sh513130,09:31:24,1765157485175,09:32:24,1765157484801,0.748,0.7486,-0.0801,5684.15,0.9078,2.7792,373100,278961,0.7477,0.997,0.747,41835300,0.746,60911400,0.745,51279900,0.744,34871600,0.743,27418300,0.748,49984900,0.749,70510500,0.750,69345100,0.751,32622200,0.752,26148900
sh513130,09:31:24,1765157486166,09:32:24,1765157484801,0.748,0.7486,-0.0801,5684.15,0.9078,2.154,0,0,0.748,0.991,0.747,41835300,0.746,60911400,0.745,51279900,0.744,34871600,0.743,27418300,0.748,49984900,0.749,70510500,0.750,69345100,0.751,32622200,0.752,26148900
sh513130,09:31:24,1765157487182,09:32:26,1765157486965,0.748,0.7486,-0.0801,5684.3,0.9078,2.4925,0,0,0.748,1.016,0.747,41835300,0.746,60911400,0.745,51279900,0.744,34871600,0.743,27418300,0.748,49984900,0.749,70510500,0.750,69345100,0.751,32622200,0.752,26148900
sh513130,09:31:24,1765157488185,09:32:26,1765157486965,0.748,0.7486,-0.0801,5684.3,0.9078,1.9967,0,0,0.748,1.003,0.747,41835300,0.746,60911400,0.745,51279900,0.744,34871600,0.743,27418300,0.748,49984900,0.749,70510500,0.750,69345100,0.751,32622200,0.752,26148900
sh513130,09:31:27,1765157489175,09:32:28,1765157489135,0.748,0.7486,-0.0801,5684.95,0.9078,3.5756,802800,600482,0.748,0.991,0.747,46335300,0.746,60936900,0.745,51379900,0.744,32490100,0.743,27429200,0.748,53188600,0.749,71740500,0.750,69505800,0.751,31894600,0.752,26194900
sh513130,09:31:27,1765157490197,09:32:28,1765157489135,0.748,0.7486,-0.0801,5684.95,0.9078,4.3654,0,0,0.748,1.021,0.747,46335300,0.746,60936900,0.745,51379900,0.744,32490100,0.743,27429200,0.748,53188600,0.749,71740500,0.750,69505800,0.751,31894600,0.752,26194900
sh513130,09:31:27,1765157491210,09:32:30,1765157490501,0.748,0.7486,-0.0801,5684.55,0.9078,3.2447,0,0,0.748,1.013,0.747,46335300,0.746,60936900,0.745,51379900,0.744,32490100,0.743,27429200,0.748,53188600,0.749,71740500,0.750,69505800,0.751,31894600,0.752,26194900
sh513130,09:31:30,1765157492183,09:32:30,1765157491312,0.747,0.748,-0.1337,5684.55,0.9078,1.561,7262400,5431244,0.7479,0.973,0.747,49145400,0.746,61014000,0.745,51450400,0.744,29490100,0.743,27761600,0.748,44396700,0.749,70889700,0.750,69525800,0.751,33036600,0.752,26194900
sh513130,09:31:30,1765157493201,09:32:32,1765157492561,0.747,0.748,-0.1337,5684.89,0.9078,1.7302,0,0,0.747,1.018,0.747,49145400,0.746,61014000,0.745,51450400,0.744,29490100,0.743,27761600,0.748,44396700,0.749,70889700,0.750,69525800,0.751,33036600,0.752,26194900
sh513130,09:31:33,1765157494191,09:32:32,1765157493480,0.747,0.748,-0.1337,5684.89,0.9078,-0.3887,212700,159029,0.7477,0.99,0.747,48917000,0.746,60808800,0.745,51550400,0.744,29494300,0.743,27761600,0.748,49949200,0.749,70929700,0.750,69605800,0.751,33051600,0.752,26202900
sh513130,09:31:33,1765157495200,09:32:34,1765157494495,0.747,0.748,-0.1337,5684.31,0.9078,4.0971,0,0,0.747,1.009,0.747,48917000,0.746,60808800,0.745,51550400,0.744,29494300,0.743,27761600,0.748,49949200,0.749,70929700,0.750,69605800,0.751,33051600,0.752,26202900
sh513130,09:31:33,1765157496196,09:32:34,1765157495651,0.747,0.748,-0.1337,5684.31,0.9078,3.4172,0,0,0.747,0.997,0.747,48917000,0.746,60808800,0.745,51550400,0.744,29494300,0.743,27761600,0.748,49949200,0.749,70929700,0.750,69605800,0.751,33051600,0.752,26202900
sh513130,09:31:33,1765157497188,09:32:36,1765157496503,0.747,0.748,-0.1337,5683.4,0.9078,2.889,0,0,0.747,0.992,0.747,48917000,0.746,60808800,0.745,51550400,0.744,29494300,0.743,27761600,0.748,49949200,0.749,70929700,0.750,69605800,0.751,33051600,0.752,26202900
sh513130,09:31:36,1765157498192,09:32:36,1765157497820,0.748,0.748,0.0,5683.4,0.9078,2.725,1671500,1249499,0.7475,1.004,0.747,48487200,0.746,60875700,0.745,51552600,0.744,29494300,0.743,27731200,0.748,52093000,0.749,71922400,0.750,69819300,0.751,32557400,0.752,26202900
sh513130,09:31:36,1765157499210,09:32:38,1765157498480,0.748,0.748,0.0,5682.75,0.9078,3.7598,0,0,0.748,1.018,0.747,48487200,0.746,60875700,0.745,51552600,0.744,29494300,0.743,27731200,0.748,52093000,0.749,71922400,0.750,69819300,0.751,32557400,0.752,26202900
sh513130,09:31:36,1765157500192,09:32:38,1765157499997,0.748,0.748,0.0,5682.75,0.9078,2.903,0,0,0.748,0.982,0.747,48487200,0.746,60875700,0.745,51552600,0.744,29494300,0.743,27731200,0.748,52093000,0.749,71922400,0.750,69819300,0.751,32557400,0.752,26202900
sh513130,09:31:39,1765157501200,09:32:40,1765157500528,0.748,0.748,0.0,5683.27,0.9078,4.1503,368600,275358,0.747,1.008,0.747,48991600,0.746,59790100,0.745,51602600,0.744,29494300,0.743,27731200,0.748,67845800,0.749,71892800,0.750,57947900,0.751,32581800,0.752,26274700
sh513130,09:31:39,1765157502199,09:32:40,1765157502175,0.748,0.748,0.0,5683.27,0.9078,3.0769,0,0,0.748,0.999,0.747,48991600,0.746,59790100,0.745,51602600,0.744,29494300,0.743,27731200,0.748,67845800,0.749,71892800,0.750,57947900,0.751,32581800,0.752,26274700
sh513130,09:31:42,1765157503190,09:32:42,1765157502520,0.748,0.748,0.0,5682.78,0.9078,5.4866,256500,191762,0.7476,0.99,0.747,45930800,0.746,61047700,0.745,53613900,0.744,35484300,0.743,27736200,0.748,83737700,0.749,86897800,0.750,72958900,0.751,32611800,0.752,26287700
sh513130,09:31:42,1765157504195,09:32:42,1765157502520,0.748,0.748,0.0,5682.78,0.9078,5.1069,0,0,0.748,1.006,0.747,45930800,0.746,61047700,0.745,53613900,0.744,35484300,0.743,27736200,0.748,83737700,0.749,86897800,0.750,72958900,0.751,32611800,0.752,26287700
sh513130,09:31:42,1765157505198,09:32:44,1765157504541,0.748,0.748,0.0,5681.57,0.9078,5.1035,0,0,0.748,1.002,0.747,45930800,0.746,61047700,0.745,53613900,0.744,35484300,0.743,27736200,0.748,83737700,0.749,86897800,0.750,72958900,0.751,32611800,0.752,26287700
sh513130,09:31:42,1765157506208,09:32:44,1765157504541,0.748,0.748,0.0,5681.57,0.9078,3.9601,0,0,0.748,1.01,0.747,45930800,0.746,61047700,0.745,53613900,0.744,35484300,0.743,27736200,0.748,83737700,0.749,86897800,0.750,72958900,0.751,32611800,0.752,26287700
sh513130,09:31:42,1765157507226,09:32:46,1765157506526,0.748,0.748,0.0,5682.75,0.9078,3.5886,0,0,0.748,1.018,0.747,45930800,0.746,61047700,0.745,53613900,0.744,35484300,0.743,27736200,0.748,83737700,0.749,86897800,0.750,72958900,0.751,32611800,0.752,26287700
sh513130,09:31:48,1765157511730,09:32:46,1765157506526,0.748,0.748,0.0,5682.75,0.9078,1.1509,2305700,1723357,0.7474,4.504,0.747,24575100,0.746,57570700,0.745,53796900,0.744,51866400,0.743,27736200,0.748,91646500,0.749,87114900,0.750,72988000,0.751,29338400,0.752,26327700
sh513130,09:31:48,1765157511778,09:32:46,1765157506526,0.748,0.748,0.0,5682.75,0.9078,1.1509,0,0,0.748,0.048,0.747,24575100,0.746,57570700,0.745,53796900,0.744,51866400,0.743,27736200,0.748,91646500,0.749,87114900,0.750,72988000,0.751,29338400,0.752,26327700
sh513130,09:31:48,1765157512775,09:32:52,1765157512486,0.748,0.748,0.0,5679.53,0.9078,1.1842,0,0,0.748,0.997,0.747,24575100,0.746,57570700,0.745,53796900,0.744,51866400,0.743,27736200,0.748,91646500,0.749,87114900,0.750,72988000,0.751,29338400,0.752,26327700
sh513130,09:31:51,1765157513776,09:32:52,1765157512978,0.748,0.748,0.0,5679.53,0.9078,-0.0495,13646100,10193776,0.747,1.001,0.747,10389600,0.746,58260800,0.745,53796900,0.744,51866400,0.743,27608100,0.748,91926200,0.749,88125700,0.750,73250400,0.751,29395400,0.752,26443300
sh513130,09:31:54,1765157516084,09:32:54,1765157515151,0.747,0.748,-0.1337,5679.39,0.9078,1.4188,11532600,8615324,0.747,2.308,0.746,58938300,0.745,53816900,0.744,51866400,0.743,27608100,0.742,23613800,0.747,7628200,0.748,92516700,0.749,88125700,0.750,73338000,0.751,29420400
sh513130,09:31:54,1765157516121,09:32:54,1765157515151,0.747,0.748,-0.1337,5679.39,0.9078,1.4188,0,0,0.747,0.037,0.746,58938300,0.745,53816900,0.744,51866400,0.743,27608100,0.742,23613800,0.747,7628200,0.748,92516700,0.749,88125700,0.750,73338000,0.751,29420400
sh513130,09:31:54,1765157517143,09:32:56,1765157516517,0.747,0.748,-0.1337,5678.8,0.9078,2.4138,0,0,0.747,1.022,0.746,58938300,0.745,53816900,0.744,51866400,0.743,27608100,0.742,23613800,0.747,7628200,0.748,92516700,0.749,88125700,0.750,73338000,0.751,29420400
sh513130,09:31:54,1765157518131,09:32:56,1765157517319,0.747,0.748,-0.1337,5678.8,0.9078,0.3166,0,0,0.747,0.988,0.746,58938300,0.745,53816900,0.744,51866400,0.743,27608100,0.742,23613800,0.747,7628200,0.748,92516700,0.749,88125700,0.750,73338000,0.751,29420400
sh513130,09:31:57,1765157519229,09:32:58,1765157518542,0.748,0.748,0.0,5679.67,0.9078,0.3007,9274400,6927793,0.747,1.098,0.747,5219800,0.746,58748500,0.745,53821900,0.744,39868800,0.743,27608100,0.748,93313700,0.749,87301100,0.750,73432400,0.751,29491400,0.752,26952000
sh513130,09:31:57,1765157520265,09:32:58,1765157519483,0.748,0.748,0.0,5679.67,0.9078,0.9476,0,0,0.748,1.036,0.747,5219800,0.746,58748500,0.745,53821900,0.744,39868800,0.743,27608100,0.748,93313700,0.749,87301100,0.750,73432400,0.751,29491400,0.752,26952000
sh513130,09:31:57,1765157521132,09:33:00,1765157520543,0.748,0.748,0.0,5679.43,0.9078,1.0517,0,0,0.748,0.868,0.747,5219800,0.746,58748500,0.745,53821900,0.744,39868800,0.743,27608100,0.748,93313700,0.749,87301100,0.750,73432400,0.751,29491400,0.752,26952000
sh513130,09:32:00,1765157522146,09:33:00,1765157521686,0.747,0.7473,-0.0401,5679.43,0.9078,3.5676,5238800,3913439,0.747,1.014,0.747,9483400,0.746,58002800,0.745,53831900,0.744,51886400,0.743,27608100,0.748,95186900,0.749,87262000,0.750,72448400,0.751,29544600,0.752,27018600
sh513130,09:32:00,1765157523145,09:33:02,1765157522540,0.747,0.7473,-0.0401,5681.66,0.9078,3.2867,0,0,0.747,0.999,0.747,9483400,0.746,58002800,0.745,53831900,0.744,51886400,0.743,27608100,0.748,95186900,0.749,87262000,0.750,72448400,0.751,29544600,0.752,27018600
sh513130,09:32:00,1765157524129,09:33:02,1765157523851,0.747,0.7473,-0.0401,5681.66,0.9078,5.4816,0,0,0.747,0.983,0.747,9483400,0.746,58002800,0.745,53831900,0.744,51886400,0.743,27608100,0.748,95186900,0.749,87262000,0.750,72448400,0.751,29544600,0.752,27018600
sh513130,09:32:03,1765157525143,09:33:04,1765157524486,0.747,0.7473,-0.0401,5683.86,0.9078,5.7377,556700,416034,0.7473,1.014,0.747,39034500,0.746,63275800,0.745,54202300,0.744,29535700,0.743,27608100,0.748,62193200,0.749,87413600,0.750,85444500,0.751,47544600,0.752,27018600
sh513130,09:32:03,1765157526160,09:33:04,1765157526019,0.747,0.7473,-0.0401,5683.86,0.9078,4.4518,0,0,0.747,1.017,0.747,39034500,0.746,63275800,0.745,54202300,0.744,29535700,0.743,27608100,0.748,62193200,0.749,87413600,0.750,85444500,0.751,47544600,0.752,27018600
sh513130,09:32:03,1765157527150,09:33:06,1765157526510,0.747,0.7473,-0.0401,5684.79,0.9078,4.2579,0,0,0.747,0.99,0.747,39034500,0.746,63275800,0.745,54202300,0.744,29535700,0.743,27608100,0.748,62193200,0.749,87413600,0.750,85444500,0.751,47544600,0.752,27018600
sh513130,09:32:06,1765157528141,09:33:06,1765157526510,0.747,0.7473,-0.0401,5684.79,0.9078,4.6641,1380100,1030972,0.747,0.991,0.747,40165800,0.746,64159300,0.745,42398000,0.744,30306200,0.743,27608100,0.748,33977100,0.749,96124900,0.750,85587300,0.751,47544600,0.752,27158600
sh513130,09:32:06,1765157529151,09:33:08,1765157528568,0.747,0.7473,-0.0401,5685.91,0.9078,4.3607,0,0,0.747,1.01,0.747,40165800,0.746,64159300,0.745,42398000,0.744,30306200,0.743,27608100,0.748,33977100,0.749,96124900,0.750,85587300,0.751,47544600,0.752,27158600
sh513130,09:32:06,1765157530135,09:33:08,1765157528568,0.747,0.7473,-0.0401,5685.91,0.9078,3.6514,0,0,0.747,0.984,0.747,40165800,0.746,64159300,0.745,42398000,0.744,30306200,0.743,27608100,0.748,33977100,0.749,96124900,0.750,85587300,0.751,47544600,0.752,27158600
sh513130,09:32:09,1765157531324,09:33:10,1765157530534,0.748,0.7479,0.0134,5686.04,0.9078,3.0656,386900,289167,0.7474,1.188,0.747,53667300,0.746,64143800,0.745,42405200,0.744,30375800,0.743,27608100,0.748,34827600,0.749,94868600,0.750,87224700,0.751,47581000,0.752,27158600
sh513130,09:32:09,1765157532344,09:33:10,1765157530534,0.748,0.7479,0.0134,5686.04,0.9078,2.8061,0,0,0.748,1.02,0.747,53667300,0.746,64143800,0.745,42405200,0.744,30375800,0.743,27608100,0.748,34827600,0.749,94868600,0.750,87224700,0.751,47581000,0.752,27158600
sh513130,09:32:12,1765157533361,09:33:12,1765157532540,0.748,0.7479,0.0134,5685.78,0.9078,2.6742,2944100,2201137,0.7476,1.017,0.747,55097000,0.746,64253800,0.745,42459800,0.744,30385800,0.743,27608100,0.748,35996000,0.749,94583000,0.750,86532900,0.751,47700800,0.752,27158600
sh513130,09:32:12,1765157534168,09:33:12,1765157532540,0.748,0.7479,0.0134,5685.78,0.9078,2.4838,0,0,0.748,0.807,0.747,55097000,0.746,64253800,0.745,42459800,0.744,30385800,0.743,27608100,0.748,35996000,0.749,94583000,0.750,86532900,0.751,47700800,0.752,27158600
sh513130,09:32:12,1765157535147,09:33:14,1765157534727,0.748,0.7479,0.0134,5687.85,0.9078,4.8641,0,0,0.748,0.98,0.747,55097000,0.746,64253800,0.745,42459800,0.744,30385800,0.743,27608100,0.748,35996000,0.749,94583000,0.750,86532900,0.751,47700800,0.752,27158600
sh513130,09:32:12,1765157536167,09:33:14,1765157534727,0.748,0.7479,0.0134,5687.85,0.9078,4.6587,0,0,0.748,1.02,0.747,55097000,0.746,64253800,0.745,42459800,0.744,30385800,0.743,27608100,0.748,35996000,0.749,94583000,0.750,86532900,0.751,47700800,0.752,27158600
sh513130,09:32:15,1765157537158,09:33:16,1765157536896,0.748,0.7479,0.0134,5687.2,0.9078,4.0767,34769800,26007721,0.748,0.991,0.748,19287500,0.747,49636600,0.746,64311800,0.745,44825800,0.744,30370800,0.749,91395000,0.750,86710300,0.751,48292600,0.752,30159600,0.753,20015900
sh513130,09:32:15,1765157538159,09:33:16,1765157536896,0.748,0.7479,0.0134,5687.2,0.9078,3.2668,0,0,0.748,1.001,0.748,19287500,0.747,49636600,0.746,64311800,0.745,44825800,0.744,30370800,0.749,91395000,0.750,86710300,0.751,48292600,0.752,30159600,0.753,20015900
sh513130,09:32:18,1765157539150,09:33:18,1765157539080,0.748,0.7479,0.0134,5687.24,0.9078,2.7748,3071400,2297432,0.748,0.99,0.748,7678000,0.747,50687100,0.746,64325200,0.745,44833400,0.744,30367800,0.749,94677800,0.750,86740500,0.751,48218700,0.752,30251600,0.753,19011900
sh513130,09:32:18,1765157540182,09:33:18,1765157539080,0.748,0.7479,0.0134,5687.24,0.9078,2.5901,0,0,0.748,1.033,0.748,7678000,0.747,50687100,0.746,64325200,0.745,44833400,0.744,30367800,0.749,94677800,0.750,86740500,0.751,48218700,0.752,30251600,0.753,19011900
sh513130,09:32:18,1765157541169,09:33:20,1765157540479,0.748,0.7479,0.0134,5687.81,0.9078,2.7273,0,0,0.748,0.986,0.748,7678000,0.747,50687100,0.746,64325200,0.745,44833400,0.744,30367800,0.749,94677800,0.750,86740500,0.751,48218700,0.752,30251600,0.753,19011900
sh513130,09:32:21,1765157542160,09:33:20,1765157541253,0.748,0.7479,0.0134,5687.81,0.9078,2.6059,14979700,11204849,0.748,0.991,0.748,27270700,0.747,57606100,0.746,64345900,0.745,44669300,0.744,30388800,0.749,94161700,0.750,86948500,0.751,48269700,0.752,30381500,0.753,20012900
sh513130,09:32:21,1765157543161,09:33:22,1765157542508,0.748,0.7479,0.0134,5687.62,0.9078,5.6409,0,0,0.748,1.001,0.748,27270700,0.747,57606100,0.746,64345900,0.745,44669300,0.744,30388800,0.749,94161700,0.750,86948500,0.751,48269700,0.752,30381500,0.753,20012900
sh513130,09:32:21,1765157544164,09:33:22,1765157543441,0.748,0.7479,0.0134,5687.62,0.9078,3.6829,0,0,0.748,1.003,0.748,27270700,0.747,57606100,0.746,64345900,0.745,44669300,0.744,30388800,0.749,94161700,0.750,86948500,0.751,48269700,0.752,30381500,0.753,20012900
sh513130,09:32:21,1765157545164,09:33:24,1765157544557,0.748,0.7479,0.0134,5689.19,0.9078,3.5147,0,0,0.748,1.0,0.748,27270700,0.747,57606100,0.746,64345900,0.745,44669300,0.744,30388800,0.749,94161700,0.750,86948500,0.751,48269700,0.752,30381500,0.753,20012900
sh513130,09:32:21,1765157546176,09:33:24,1765157545601,0.748,0.7479,0.0134,5689.19,0.9078,2.835,0,0,0.748,1.012,0.748,27270700,0.747,57606100,0.746,64345900,0.745,44669300,0.744,30388800,0.749,94161700,0.750,86948500,0.751,48269700,0.752,30381500,0.753,20012900
sh513130,09:32:24,1765157547169,09:33:26,1765157546475,0.748,0.7486,-0.0801,5688.61,0.9078,2.5602,340300,254554,0.748,0.993,0.748,31553100,0.747,59069800,0.746,64323900,0.745,40245800,0.744,30388800,0.749,93475900,0.750,87125000,0.751,49259700,0.752,30384600,0.753,20013000
sh513130,09:32:27,1765157548177,09:33:26,1765157547774,0.748,0.7486,-0.0801,5688.61,0.9078,2.1722,733900,549188,0.7483,1.008,0.748,32078000,0.747,51410200,0.746,64233900,0.745,39175800,0.744,30389000,0.749,93803900,0.750,88037700,0.751,49265700,0.752,30394600,0.753,20013000
sh513130,09:32:27,1765157549168,09:33:28,1765157548500,0.748,0.7486,-0.0801,5689.21,0.9078,2.2266,0,0,0.748,0.991,0.748,32078000,0.747,51410200,0.746,64233900,0.745,39175800,0.744,30389000,0.749,93803900,0.750,88037700,0.751,49265700,0.752,30394600,0.753,20013000
sh513130,09:32:27,1765157550183,09:33:28,1765157549939,0.748,0.7486,-0.0801,5689.21,0.9078,1.8154,0,0,0.748,1.015,0.748,32078000,0.747,51410200,0.746,64233900,0.745,39175800,0.744,30389000,0.749,93803900,0.750,88037700,0.751,49265700,0.752,30394600,0.753,20013000
sh513130,09:32:27,1765157551163,09:33:30,1765157550537,0.748,0.7486,-0.0801,5690.54,0.9078,1.4903,0,0,0.748,0.98,0.748,32078000,0.747,51410200,0.746,64233900,0.745,39175800,0.744,30389000,0.749,93803900,0.750,88037700,0.751,49265700,0.752,30394600,0.753,20013000
sh513130,09:32:30,1765157552186,09:33:30,1765157552119,0.748,0.7486,-0.0801,5690.54,0.9078,2.0603,521000,389766,0.7481,1.023,0.748,45641800,0.747,50832000,0.746,63763700,0.745,35017300,0.744,31679100,0.749,82077400,0.750,88445000,0.751,61301700,0.752,30394600,0.753,20296700
sh513130,09:32:30,1765157553181,09:33:32,1765157552507,0.748,0.7486,-0.0801,5690.39,0.9078,2.0533,0,0,0.748,0.996,0.748,45641800,0.747,50832000,0.746,63763700,0.745,35017300,0.744,31679100,0.749,82077400,0.750,88445000,0.751,61301700,0.752,30394600,0.753,20296700
sh513130,09:32:30,1765157554181,09:33:32,1765157552507,0.748,0.7486,-0.0801,5690.39,0.9078,4.99,0,0,0.748,1.0,0.748,45641800,0.747,50832000,0.746,63763700,0.745,35017300,0.744,31679100,0.749,82077400,0.750,88445000,0.751,61301700,0.752,30394600,0.753,20296700
sh513130,09:32:33,1765157555200,09:33:34,1765157554564,0.748,0.7486,-0.0801,5689.97,0.9078,4.5256,631200,472218,0.7481,1.018,0.748,46279300,0.747,52214500,0.746,63763800,0.745,35017300,0.744,31706100,0.749,82181100,0.750,88450400,0.751,61375000,0.752,30394600,0.753,20336700
sh513130,09:32:33,1765157556192,09:33:34,1765157554564,0.748,0.7486,-0.0801,5689.97,0.9078,3.1754,0,0,0.748,0.993,0.748,46279300,0.747,52214500,0.746,63763800,0.745,35017300,0.744,31706100,0.749,82181100,0.750,88450400,0.751,61375000,0.752,30394600,0.753,20336700
sh513130,09:32:36,1765157557183,09:33:36,1765157556477,0.749,0.7486,0.0534,5690.37,0.9078,3.4269,689800,516207,0.7483,0.991,0.748,44042200,0.747,54316700,0.746,63763800,0.745,37875100,0.744,31701300,0.749,82271900,0.750,88450400,0.751,61376000,0.752,30418700,0.753,20352700
sh513130,09:32:36,1765157558193,09:33:36,1765157556477,0.749,0.7486,0.0534,5690.37,0.9078,3.2684,0,0,0.749,1.01,0.748,44042200,0.747,54316700,0.746,63763800,0.745,37875100,0.744,31701300,0.749,82271900,0.750,88450400,0.751,61376000,0.752,30418700,0.753,20352700
sh513130,09:32:36,1765157559184,09:33:38,1765157558644,0.749,0.7486,0.0534,5689.6,0.9078,3.7964,0,0,0.749,0.992,0.748,44042200,0.747,54316700,0.746,63763800,0.745,37875100,0.744,31701300,0.749,82271900,0.750,88450400,0.751,61376000,0.752,30418700,0.753,20352700
sh513130,09:32:39,1765157560184,09:33:38,1765157558644,0.748,0.7485,-0.0668,5689.6,0.9078,2.968,2050600,1533955,0.7481,0.999,0.748,27662000,0.747,62510500,0.746,63746300,0.745,39875600,0.744,33651100,0.749,94557900,0.750,88826200,0.751,49381300,0.752,30526900,0.753,20352700
sh513130,09:32:39,1765157561190,09:33:40,1765157560801,0.748,0.7485,-0.0668,5690.31,0.9078,2.6541,0,0,0.748,1.006,0.748,27662000,0.747,62510500,0.746,63746300,0.745,39875600,0.744,33651100,0.749,94557900,0.750,88826200,0.751,49381300,0.752,30526900,0.753,20352700
sh513130,09:32:39,1765157562187,09:33:40,1765157560801,0.748,0.7485,-0.0668,5690.31,0.9078,2.5273,0,0,0.748,0.997,0.748,27662000,0.747,62510500,0.746,63746300,0.745,39875600,0.744,33651100,0.749,94557900,0.750,88826200,0.751,49381300,0.752,30526900,0.753,20352700
sh513130,09:32:39,1765157563199,09:33:42,1765157562968,0.748,0.7485,-0.0668,5689.9,0.9078,3.0455,0,0,0.748,1.012,0.748,27662000,0.747,62510500,0.746,63746300,0.745,39875600,0.744,33651100,0.749,94557900,0.750,88826200,0.751,49381300,0.752,30526900,0.753,20352700
sh513130,09:32:42,1765157564199,09:33:42,1765157562968,0.749,0.7485,0.0668,5689.9,0.9078,3.3957,780100,583537,0.748,1.0,0.748,26582800,0.747,56715900,0.746,63746300,0.745,41202400,0.744,33651100,0.749,94656600,0.750,89041300,0.751,49428400,0.752,30529100,0.753,20456700
sh513130,09:32:42,1765157565200,09:33:44,1765157565146,0.749,0.7485,0.0668,5689.18,0.9078,2.9837,0,0,0.749,1.001,0.748,26582800,0.747,56715900,0.746,63746300,0.745,41202400,0.744,33651100,0.749,94656600,0.750,89041300,0.751,49428400,0.752,30529100,0.753,20456700
sh513130,09:32:45,1765157566202,09:33:44,1765157565146,0.748,0.7485,-0.0668,5689.18,0.9078,2.6621,1479100,1106626,0.7482,1.002,0.748,31702200,0.747,57534900,0.746,63674000,0.745,37045700,0.744,33651100,0.749,83156900,0.750,89934800,0.751,49476400,0.752,30675400,0.753,20728700
sh513130,09:32:42,1765157567200,09:33:46,1765157566524,0.749,0.7485,0.0668,5690.76,0.9078,3.612,-1479100,-1106626,0.749,0.998,0.748,26582800,0.747,56715900,0.746,63746300,0.745,41202400,0.744,33651100,0.749,94656600,0.750,89041300,0.751,49428400,0.752,30529100,0.753,20456700
sh513130,09:32:45,1765157568195,09:33:46,1765157567339,0.748,0.7485,-0.0668,5690.76,0.9078,2.8132,1479100,1106626,0.7482,0.995,0.748,31702200,0.747,57534900,0.746,63674000,0.745,37045700,0.744,33651100,0.749,83156900,0.750,89934800,0.751,49476400,0.752,30675400,0.753,20728700
sh513130,09:32:45,1765157569208,09:33:48,1765157568485,0.748,0.7485,-0.0668,5690.84,0.9078,3.9406,0,0,0.748,1.014,0.748,31702200,0.747,57534900,0.746,63674000,0.745,37045700,0.744,33651100,0.749,83156900,0.750,89934800,0.751,49476400,0.752,30675400,0.753,20728700
sh513130,09:32:48,1765157570195,09:33:48,1765157569526,0.749,0.7485,0.0668,5690.84,0.9078,3.3973,359100,268812,0.7486,0.987,0.748,40575800,0.747,50335400,0.746,63739200,0.745,37889000,0.744,33656100,0.749,82978800,0.750,90895700,0.751,61594000,0.752,30713400,0.753,20757200
sh513130,09:32:48,1765157571219,09:33:50,1765157570494,0.749,0.7485,0.0668,5690.87,0.9078,3.9808,0,0,0.749,1.024,0.748,40575800,0.747,50335400,0.746,63739200,0.745,37889000,0.744,33656100,0.749,82978800,0.750,90895700,0.751,61594000,0.752,30713400,0.753,20757200
sh513130,09:32:51,1765157572200,09:33:50,1765157571711,0.748,0.7485,-0.0668,5690.87,0.9078,3.6008,703900,527207,0.749,0.98,0.748,41538300,0.747,49526800,0.746,63679200,0.745,38700900,0.744,33656100,0.749,82483400,0.750,91762400,0.751,61594000,0.752,30721100,0.753,20763800
sh513130,09:32:51,1765157573203,09:33:52,1765157572807,0.748,0.7485,-0.0668,5690.71,0.9078,5.7521,0,0,0.748,1.004,0.748,41538300,0.747,49526800,0.746,63679200,0.745,38700900,0.744,33656100,0.749,82483400,0.750,91762400,0.751,61594000,0.752,30721100,0.753,20763800
sh513130,09:32:51,1765157574225,09:33:52,1765157573891,0.748,0.7485,-0.0668,5690.71,0.9078,4.478,0,0,0.748,1.022,0.748,41538300,0.747,49526800,0.746,63679200,0.745,38700900,0.744,33656100,0.749,82483400,0.750,91762400,0.751,61594000,0.752,30721100,0.753,20763800
sh513130,09:32:51,1765157575201,09:33:54,1765157574561,0.748,0.7485,-0.0668,5691.18,0.9078,3.8963,0,0,0.748,0.976,0.748,41538300,0.747,49526800,0.746,63679200,0.745,38700900,0.744,33656100,0.749,82483400,0.750,91762400,0.751,61594000,0.752,30721100,0.753,20763800
sh513130,09:32:54,1765157576207,09:33:54,1765157576065,0.748,0.7486,-0.0801,5691.18,0.9078,5.4171,821000,614784,0.7488,1.006,0.748,41865500,0.747,50323800,0.746,64021200,0.745,39398700,0.744,32849700,0.749,81899600,0.750,92613500,0.751,61604200,0.752,30721100,0.753,20763800
sh513130,09:32:54,1765157577231,09:33:56,1765157576530,0.748,0.7486,-0.0801,5692.47,0.9078,4.3434,0,0,0.748,1.024,0.748,41865500,0.747,50323800,0.746,64021200,0.745,39398700,0.744,32849700,0.749,81899600,0.750,92613500,0.751,61604200,0.752,30721100,0.753,20763800
sh513130,09:32:54,1765157578214,09:33:56,1765157576530,0.748,0.7486,-0.0801,5692.47,0.9078,5.5271,0,0,0.748,0.983,0.748,41865500,0.747,50323800,0.746,64021200,0.745,39398700,0.744,32849700,0.749,81899600,0.750,92613500,0.751,61604200,0.752,30721100,0.753,20763800
sh513130,09:32:54,1765157579214,09:33:58,1765157578542,0.748,0.7486,-0.0801,5692.97,0.9078,4.9235,0,0,0.748,1.0,0.748,41865500,0.747,50323800,0.746,64021200,0.745,39398700,0.744,32849700,0.749,81899600,0.750,92613500,0.751,61604200,0.752,30721100,0.753,20763800
sh513130,09:32:57,1765157580214,09:33:58,1765157578542,0.748,0.7486,-0.0801,5692.97,0.9078,4.6205,259400,194208,0.7487,1.001,0.748,42124100,0.747,50241200,0.746,64012800,0.745,39301500,0.744,32849700,0.749,73530500,0.750,93716800,0.751,61754200,0.752,30771100,0.753,21106200
sh513130,09:32:57,1765157581223,09:34:00,1765157580477,0.748,0.7486,-0.0801,5693.82,0.9078,5.1436,0,0,0.748,1.009,0.748,42124100,0.747,50241200,0.746,64012800,0.745,39301500,0.744,32849700,0.749,73530500,0.750,93716800,0.751,61754200,0.752,30771100,0.753,21106200
sh513130,09:32:57,1765157582216,09:34:00,1765157580477,0.748,0.7486,-0.0801,5693.82,0.9078,5.3403,0,0,0.748,0.993,0.748,42124100,0.747,50241200,0.746,64012800,0.745,39301500,0.744,32849700,0.749,73530500,0.750,93716800,0.751,61754200,0.752,30771100,0.753,21106200
sh513130,09:33:00,1765157583226,09:34:02,1765157582581,0.748,0.7492,-0.1602,5692.79,0.9078,4.4007,367700,275126,0.7482,1.01,0.748,42880600,0.747,50296300,0.746,63957800,0.745,39329500,0.744,32851700,0.749,82039900,0.750,94801600,0.751,61743800,0.752,30803100,0.753,21584600
sh513130,09:33:00,1765157584218,09:34:02,1765157583679,0.748,0.7492,-0.1602,5692.79,0.9078,4.2378,0,0,0.748,0.992,0.748,42880600,0.747,50296300,0.746,63957800,0.745,39329500,0.744,32851700,0.749,82039900,0.750,94801600,0.751,61743800,0.752,30803100,0.753,21584600
sh513130,09:33:03,1765157585286,09:34:04,1765157584757,0.748,0.7492,-0.1602,5692.45,0.9078,3.0362,347800,260206,0.7481,1.067,0.748,41380700,0.747,50301100,0.746,63981700,0.745,39333500,0.744,32950700,0.749,82161600,0.750,94892700,0.751,62596600,0.752,30817000,0.753,21584600
sh513130,09:33:03,1765157586224,09:34:04,1765157584757,0.748,0.7492,-0.1602,5692.45,0.9078,3.6195,0,0,0.748,0.938,0.748,41380700,0.747,50301100,0.746,63981700,0.745,39333500,0.744,32950700,0.749,82161600,0.750,94892700,0.751,62596600,0.752,30817000,0.753,21584600
sh513130,09:33:03,1765157587223,09:34:06,1765157586929,0.748,0.7492,-0.1602,5691.81,0.9078,3.4975,0,0,0.748,0.999,0.748,41380700,0.747,50301100,0.746,63981700,0.745,39333500,0.744,32950700,0.749,82161600,0.750,94892700,0.751,62596600,0.752,30817000,0.753,21584600
sh513130,09:33:06,1765157588229,09:34:06,1765157586929,0.748,0.7492,-0.1602,5691.81,0.9078,3.2084,1078500,806897,0.7482,1.006,0.748,45113500,0.747,51317300,0.746,63799700,0.745,39330500,0.744,32805000,0.749,73833200,0.750,103392700,0.751,62536600,0.752,30739400,0.753,21591300
sh513130,09:33:06,1765157589230,09:34:08,1765157589086,0.748,0.7492,-0.1602,5693.54,0.9078,6.4796,0,0,0.748,1.001,0.748,45113500,0.747,51317300,0.746,63799700,0.745,39330500,0.744,32805000,0.749,73833200,0.750,103392700,0.751,62536600,0.752,30739400,0.753,21591300
sh513130,09:33:06,1765157590245,09:34:08,1765157589086,0.748,0.7492,-0.1602,5693.54,0.9078,6.6812,0,0,0.748,1.015,0.748,45113500,0.747,51317300,0.746,63799700,0.745,39330500,0.744,32805000,0.749,73833200,0.750,103392700,0.751,62536600,0.752,30739400,0.753,21591300
sh513130,09:33:09,1765157591252,09:34:10,1765157590508,0.749,0.7492,-0.0267,5696.02,0.9078,6.4143,3714800,2781742,0.7488,1.006,0.748,57004700,0.747,52327800,0.746,51672100,0.745,39247600,0.744,32942400,0.749,28503900,0.750,98182600,0.751,82817900,0.752,45699400,0.753,25102200
sh513130,09:33:09,1765157592261,09:34:10,1765157591262,0.749,0.7492,-0.0267,5696.02,0.9078,5.6131,0,0,0.749,1.009,0.748,57004700,0.747,52327800,0.746,51672100,0.745,39247600,0.744,32942400,0.749,28503900,0.750,98182600,0.751,82817900,0.752,45699400,0.753,25102200
sh513130,09:33:09,1765157593242,09:34:12,1765157592519,0.749,0.7492,-0.0267,5694.15,0.9078,5.3918,0,0,0.749,0.982,0.748,57004700,0.747,52327800,0.746,51672100,0.745,39247600,0.744,32942400,0.749,28503900,0.750,98182600,0.751,82817900,0.752,45699400,0.753,25102200
sh513130,09:33:12,1765157594224,09:34:12,1765157593440,0.749,0.7492,-0.0267,5694.15,0.9078,4.91,1204300,901920,0.7489,0.982,0.748,60256100,0.747,52580300,0.746,51544200,0.745,39297000,0.744,32952400,0.749,27738700,0.750,98285600,0.751,82863000,0.752,45682500,0.753,25192200
sh513130,09:33:12,1765157595246,09:34:14,1765157594477,0.749,0.7492,-0.0267,5693.15,0.9078,3.6951,0,0,0.749,1.022,0.748,60256100,0.747,52580300,0.746,51544200,0.745,39297000,0.744,32952400,0.749,27738700,0.750,98285600,0.751,82863000,0.752,45682500,0.753,25192200
sh513130,09:33:12,1765157596245,09:34:14,1765157595619,0.749,0.7492,-0.0267,5693.15,0.9078,2.4606,0,0,0.749,0.999,0.748,60256100,0.747,52580300,0.746,51544200,0.745,39297000,0.744,32952400,0.749,27738700,0.750,98285600,0.751,82863000,0.752,45682500,0.753,25192200
sh513130,09:33:15,1765157597360,09:34:16,1765157596485,0.749,0.7492,-0.0267,5692.51,0.9078,3.3504,488700,365794,0.7485,1.114,0.748,60732600,0.747,53610300,0.746,52375500,0.745,39285900,0.744,33102400,0.749,31779700,0.750,98475500,0.751,83738100,0.752,45732500,0.753,25302200
sh513130,09:33:15,1765157598257,09:34:16,1765157597784,0.749,0.7492,-0.0267,5692.51,0.9078,3.2168,0,0,0.749,0.897,0.748,60732600,0.747,53610300,0.746,52375500,0.745,39285900,0.744,33102400,0.749,31779700,0.750,98475500,0.751,83738100,0.752,45732500,0.753,25302200
sh513130,09:33:15,1765157599252,09:34:18,1765157598509,0.749,0.7492,-0.0267,5692.7,0.9078,3.3472,0,0,0.749,0.995,0.748,60732600,0.747,53610300,0.746,52375500,0.745,39285900,0.744,33102400,0.749,31779700,0.750,98475500,0.751,83738100,0.752,45732500,0.753,25302200
sh513130,09:33:18,1765157600241,09:34:18,1765157599956,0.749,0.7492,-0.0267,5692.7,0.9078,4.4187,597300,446883,0.7482,0.989,0.748,45788100,0.747,53808700,0.746,66463000,0.745,39305900,0.744,33102400,0.749,76630500,0.750,90376800,0.751,84984600,0.752,30772600,0.753,25302200
sh513130,09:33:18,1765157601252,09:34:20,1765157600519,0.749,0.7492,-0.0267,5692.04,0.9078,4.6579,0,0,0.749,1.011,0.748,45788100,0.747,53808700,0.746,66463000,0.745,39305900,0.744,33102400,0.749,76630500,0.750,90376800,0.751,84984600,0.752,30772600,0.753,25302200
sh513130,09:33:18,1765157602272,09:34:20,1765157602134,0.749,0.7492,-0.0267,5692.04,0.9078,5.2565,0,0,0.749,1.02,0.748,45788100,0.747,53808700,0.746,66463000,0.745,39305900,0.744,33102400,0.749,76630500,0.750,90376800,0.751,84984600,0.752,30772600,0.753,25302200
sh513130,09:33:21,1765157603260,09:34:22,1765157602521,0.749,0.7492,-0.0267,5693.02,0.9078,5.8679,2687900,2013153,0.749,0.987,0.748,45837300,0.747,55961600,0.746,65789800,0.745,39135900,0.744,33102800,0.749,74972200,0.750,90816400,0.751,85051000,0.752,33992300,0.753,24023800
sh513130,09:33:21,1765157604257,09:34:22,1765157602521,0.749,0.7492,-0.0267,5693.02,0.9078,5.4157,0,0,0.749,0.997,0.748,45837300,0.747,55961600,0.746,65789800,0.745,39135900,0.744,33102800,0.749,74972200,0.750,90816400,0.751,85051000,0.752,33992300,0.753,24023800
sh513130,09:33:21,1765157605249,09:34:24,1765157604523,0.749,0.7492,-0.0267,5692.99,0.9078,4.5639,0,0,0.749,0.992,0.748,45837300,0.747,55961600,0.746,65789800,0.745,39135900,0.744,33102800,0.749,74972200,0.750,90816400,0.751,85051000,0.752,33992300,0.753,24023800
sh513130,09:33:24,1765157606397,09:34:24,1765157604523,0.749,0.7492,-0.0267,5692.99,0.9078,3.7147,2090800,1564889,0.7485,1.149,0.748,44763000,0.747,56380600,0.746,66620300,0.745,39155900,0.744,33102800,0.749,30006900,0.750,100328500,0.751,85199400,0.752,48929000,0.753,25033800
sh513130,09:33:24,1765157607284,09:34:26,1765157606516,0.749,0.7492,-0.0267,5692.53,0.9078,3.0976,0,0,0.749,0.886,0.748,44763000,0.747,56380600,0.746,66620300,0.745,39155900,0.744,33102800,0.749,30006900,0.750,100328500,0.751,85199400,0.752,48929000,0.753,25033800
sh513130,09:33:27,1765157608272,09:34:26,1765157606516,0.749,0.7492,-0.0267,5692.53,0.9078,3.268,720400,539520,0.7489,0.989,0.748,45987600,0.747,56412700,0.746,55186500,0.745,39196100,0.744,33101800,0.749,29804000,0.750,101581600,0.751,85219400,0.752,48929000,0.753,25053800
sh513130,09:33:27,1765157609366,09:34:28,1765157608685,0.749,0.7492,-0.0267,5691.78,0.9078,3.0349,0,0,0.749,1.094,0.748,45987600,0.747,56412700,0.746,55186500,0.745,39196100,0.744,33101800,0.749,29804000,0.750,101581600,0.751,85219400,0.752,48929000,0.753,25053800
sh513130,09:33:27,1765157610261,09:34:28,1765157608685,0.749,0.7492,-0.0267,5691.78,0.9078,3.2614,0,0,0.749,0.895,0.748,45987600,0.747,56412700,0.746,55186500,0.745,39196100,0.744,33101800,0.749,29804000,0.750,101581600,0.751,85219400,0.752,48929000,0.753,25053800
sh513130,09:33:27,1765157611266,09:34:30,1765157611043,0.749,0.7492,-0.0267,5693.33,0.9078,3.611,0,0,0.749,1.005,0.748,45987600,0.747,56412700,0.746,55186500,0.745,39196100,0.744,33101800,0.749,29804000,0.750,101581600,0.751,85219400,0.752,48929000,0.753,25053800
sh513130,09:33:30,1765157612279,09:34:30,1765157611043,0.749,0.7492,-0.0267,5693.33,0.9078,2.9657,2454000,1838026,0.749,1.013,0.748,46806400,0.747,56354600,0.746,68041700,0.745,39214800,0.744,33038900,0.749,27527100,0.750,102440000,0.751,85269400,0.752,48968300,0.753,25072500
sh513130,09:33:30,1765157613261,09:34:32,1765157613019,0.749,0.7492,-0.0267,5691.58,0.9078,2.5723,0,0,0.749,0.982,0.748,46806400,0.747,56354600,0.746,68041700,0.745,39214800,0.744,33038900,0.749,27527100,0.750,102440000,0.751,85269400,0.752,48968300,0.753,25072500
sh513130,09:33:30,1765157614292,09:34:32,1765157613019,0.749,0.7492,-0.0267,5691.58,0.9078,2.1598,0,0,0.749,1.031,0.748,46806400,0.747,56354600,0.746,68041700,0.745,39214800,0.744,33038900,0.749,27527100,0.750,102440000,0.751,85269400,0.752,48968300,0.753,25072500
sh513130,09:33:30,1765157615316,09:34:34,1765157615208,0.749,0.7492,-0.0267,5692.4,0.9078,2.0914,0,0,0.749,1.024,0.748,46806400,0.747,56354600,0.746,68041700,0.745,39214800,0.744,33038900,0.749,27527100,0.750,102440000,0.751,85269400,0.752,48968300,0.753,25072500
sh513130,09:33:33,1765157616296,09:34:34,1765157615208,0.749,0.7492,-0.0267,5692.4,0.9078,4.6592,459900,344436,0.7489,0.98,0.748,46751800,0.747,55345400,0.746,68030100,0.745,39214800,0.744,33038900,0.749,74968200,0.750,95040100,0.751,85299000,0.752,33924900,0.753,25117500
sh513130,09:33:36,1765157617286,09:34:36,1765157616558,0.749,0.7492,-0.0267,5691.76,0.9078,4.4592,1067300,799405,0.749,0.99,0.748,44499600,0.747,55364100,0.746,63003800,0.745,41184800,0.744,33038900,0.749,86709200,0.750,95920300,0.751,74205600,0.752,33969900,0.753,25122500
sh513130,09:33:36,1765157618277,09:34:36,1765157617374,0.749,0.7492,-0.0267,5691.76,0.9078,4.6489,0,0,0.749,0.991,0.748,44499600,0.747,55364100,0.746,63003800,0.745,41184800,0.744,33038900,0.749,86709200,0.750,95920300,0.751,74205600,0.752,33969900,0.753,25122500
sh513130,09:33:36,1765157619278,09:34:38,1765157618518,0.749,0.7492,-0.0267,5691.01,0.9078,4.011,0,0,0.749,1.001,0.748,44499600,0.747,55364100,0.746,63003800,0.745,41184800,0.744,33038900,0.749,86709200,0.750,95920300,0.751,74205600,0.752,33969900,0.753,25122500
sh513130,09:33:36,1765157620266,09:34:38,1765157619544,0.749,0.7492,-0.0267,5691.01,0.9078,3.2463,0,0,0.749,0.988,0.748,44499600,0.747,55364100,0.746,63003800,0.745,41184800,0.744,33038900,0.749,86709200,0.750,95920300,0.751,74205600,0.752,33969900,0.753,25122500
sh513130,09:33:39,1765157621263,09:34:40,1765157620489,0.749,0.7486,0.0534,5691.86,0.9078,2.9366,1459100,1092773,0.7489,0.997,0.748,35980000,0.747,63702400,0.746,62990200,0.745,41184800,0.744,33038900,0.749,86402300,0.750,96660000,0.751,74255600,0.752,34536200,0.753,25150500
sh513130,09:33:39,1765157622275,09:34:40,1765157621729,0.749,0.7486,0.0534,5691.86,0.9078,5.3124,0,0,0.749,1.011,0.748,35980000,0.747,63702400,0.746,62990200,0.745,41184800,0.744,33038900,0.749,86402300,0.750,96660000,0.751,74255600,0.752,34536200,0.753,25150500
sh513130,09:33:39,1765157623301,09:34:42,1765157622541,0.749,0.7486,0.0534,5692.23,0.9078,4.1825,0,0,0.749,1.026,0.748,35980000,0.747,63702400,0.746,62990200,0.745,41184800,0.744,33038900,0.749,86402300,0.750,96660000,0.751,74255600,0.752,34536200,0.753,25150500
sh513130,09:33:42,1765157624280,09:34:42,1765157623921,0.749,0.7486,0.0534,5692.23,0.9078,4.0,641000,479872,0.7486,0.979,0.748,49964800,0.747,56409200,0.746,62943400,0.745,39184800,0.744,33036900,0.749,74616400,0.750,96683700,0.751,87099600,0.752,34548800,0.753,25150500
sh513130,09:33:42,1765157625280,09:34:44,1765157624511,0.749,0.7486,0.0534,5691.35,0.9078,3.3497,0,0,0.749,0.999,0.748,49964800,0.747,56409200,0.746,62943400,0.745,39184800,0.744,33036900,0.749,74616400,0.750,96683700,0.751,87099600,0.752,34548800,0.753,25150500
sh513130,09:33:42,1765157626278,09:34:44,1765157626086,0.749,0.7486,0.0534,5691.35,0.9078,4.6766,0,0,0.749,0.998,0.748,49964800,0.747,56409200,0.746,62943400,0.745,39184800,0.744,33036900,0.749,74616400,0.750,96683700,0.751,87099600,0.752,34548800,0.753,25150500
sh513130,09:33:45,1765157627279,09:34:46,1765157626524,0.748,0.7485,-0.0668,5691.12,0.9078,3.9792,320400,239724,0.7482,1.001,0.748,50855000,0.747,56462200,0.746,63028400,0.745,39164800,0.744,33036900,0.749,75293900,0.750,96745300,0.751,86955100,0.752,34560800,0.753,25750200
sh513130,09:33:45,1765157628279,09:34:46,1765157628258,0.748,0.7485,-0.0668,5691.12,0.9078,3.4934,0,0,0.748,1.0,0.748,50855000,0.747,56462200,0.746,63028400,0.745,39164800,0.744,33036900,0.749,75293900,0.750,96745300,0.751,86955100,0.752,34560800,0.753,25750200
sh513130,09:33:48,1765157629286,09:34:48,1765157628503,0.749,0.7485,0.0668,5690.76,0.9078,3.5055,582900,436419,0.7487,1.006,0.748,51137900,0.747,56417100,0.746,63850500,0.745,39164800,0.744,33036900,0.749,72373300,0.750,96760100,0.751,86966900,0.752,33570800,0.753,25790600
sh513130,09:33:48,1765157630280,09:34:48,1765157628503,0.749,0.7485,0.0668,5690.76,0.9078,3.6389,0,0,0.749,0.995,0.748,51137900,0.747,56417100,0.746,63850500,0.745,39164800,0.744,33036900,0.749,72373300,0.750,96760100,0.751,86966900,0.752,33570800,0.753,25790600
sh513130,09:33:48,1765157631281,09:34:50,1765157630542,0.749,0.7485,0.0668,5691.15,0.9078,3.4724,0,0,0.749,1.001,0.748,51137900,0.747,56417100,0.746,63850500,0.745,39164800,0.744,33036900,0.749,72373300,0.750,96760100,0.751,86966900,0.752,33570800,0.753,25790600
sh513130,09:33:48,1765157632279,09:34:50,1765157630542,0.749,0.7485,0.0668,5691.15,0.9078,4.6968,0,0,0.749,0.998,0.748,51137900,0.747,56417100,0.746,63850500,0.745,39164800,0.744,33036900,0.749,72373300,0.750,96760100,0.751,86966900,0.752,33570800,0.753,25790600
sh513130,09:33:51,1765157633288,09:34:52,1765157632589,0.749,0.7485,0.0668,5692.96,0.9078,5.7121,310600,232477,0.7485,1.008,0.748,51424000,0.747,56415500,0.746,64210300,0.745,39146500,0.744,32936900,0.749,28846100,0.750,105466400,0.751,86982700,0.752,49641800,0.753,25834600
sh513130,09:33:51,1765157634290,09:34:52,1765157632589,0.749,0.7485,0.0668,5692.96,0.9078,5.1471,0,0,0.749,1.003,0.748,51424000,0.747,56415500,0.746,64210300,0.745,39146500,0.744,32936900,0.749,28846100,0.750,105466400,0.751,86982700,0.752,49641800,0.753,25834600
sh513130,09:33:51,1765157635318,09:34:54,1765157634747,0.749,0.7485,0.0668,5692.52,0.9078,4.0731,0,0,0.749,1.027,0.748,51424000,0.747,56415500,0.746,64210300,0.745,39146500,0.744,32936900,0.749,28846100,0.750,105466400,0.751,86982700,0.752,49641800,0.753,25834600
sh513130,09:33:54,1765157636317,09:34:54,1765157634747,0.748,0.7492,-0.1602,5692.52,0.9078,3.8912,876100,656033,0.7488,0.999,0.748,56515900,0.747,61465500,0.746,69667100,0.745,39148500,0.744,33009400,0.749,72779300,0.750,97116400,0.751,87196000,0.752,34893800,0.753,25886100
sh513130,09:33:54,1765157637323,09:34:56,1765157636920,0.748,0.7492,-0.1602,5692.65,0.9078,1.4066,0,0,0.748,1.007,0.748,56515900,0.747,61465500,0.746,69667100,0.745,39148500,0.744,33009400,0.749,72779300,0.750,97116400,0.751,87196000,0.752,34893800,0.753,25886100
sh513130,09:33:54,1765157638496,09:34:56,1765157636920,0.748,0.7492,-0.1602,5692.65,0.9078,1.8661,0,0,0.748,1.173,0.748,56515900,0.747,61465500,0.746,69667100,0.745,39148500,0.744,33009400,0.749,72779300,0.750,97116400,0.751,87196000,0.752,34893800,0.753,25886100
sh513130,09:33:57,1765157639316,09:34:58,1765157639083,0.749,0.7492,-0.0267,5691.82,0.9078,1.8764,1164300,871431,0.7485,0.82,0.748,56200600,0.747,60455500,0.746,70582300,0.745,39320500,0.744,33009400,0.749,72750800,0.750,97858100,0.751,88570100,0.752,35419600,0.753,25888100
sh513130,09:33:57,1765157640306,09:34:58,1765157639083,0.749,0.7492,-0.0267,5691.82,0.9078,0.7555,0,0,0.749,0.989,0.748,56200600,0.747,60455500,0.746,70582300,0.745,39320500,0.744,33009400,0.749,72750800,0.750,97858100,0.751,88570100,0.752,35419600,0.753,25888100
sh513130,09:33:57,1765157641316,09:35:00,1765157641258,0.749,0.7492,-0.0267,5693.04,0.9078,0.7782,0,0,0.749,1.01,0.748,56200600,0.747,60455500,0.746,70582300,0.745,39320500,0.744,33009400,0.749,72750800,0.750,97858100,0.751,88570100,0.752,35419600,0.753,25888100
sh513130,09:34:00,1765157642295,09:35:00,1765157641258,0.748,0.7492,-0.1602,5693.04,0.9078,1.2788,190000,142215,0.7485,0.98,0.748,56667800,0.747,61366600,0.746,70568600,0.745,39421000,0.744,33009400,0.749,64602900,0.750,106892400,0.751,87670100,0.752,35419600,0.753,26008100
sh513130,09:34:00,1765157643305,09:35:02,1765157642538,0.748,0.7492,-0.1602,5693.54,0.9078,1.6992,0,0,0.748,1.01,0.748,56667800,0.747,61366600,0.746,70568600,0.745,39421000,0.744,33009400,0.749,64602900,0.750,106892400,0.751,87670100,0.752,35419600,0.753,26008100
sh513130,09:34:00,1765157644304,09:35:02,1765157643678,0.748,0.7492,-0.1602,5693.54,0.9078,2.0936,0,0,0.748,0.999,0.748,56667800,0.747,61366600,0.746,70568600,0.745,39421000,0.744,33009400,0.749,64602900,0.750,106892400,0.751,87670100,0.752,35419600,0.753,26008100
sh513130,09:34:03,1765157645309,09:35:04,1765157644572,0.749,0.7492,-0.0267,5692.44,0.9078,3.1357,614300,459975,0.7488,1.005,0.748,56789000,0.747,60413800,0.746,71014500,0.745,39421100,0.744,33009400,0.749,65208000,0.750,107945900,0.751,89489600,0.752,35433100,0.753,26129300
sh513130,09:34:03,1765157646320,09:35:04,1765157645637,0.749,0.7492,-0.0267,5692.44,0.9078,3.7734,0,0,0.749,1.011,0.748,56789000,0.747,60413800,0.746,71014500,0.745,39421100,0.744,33009400,0.749,65208000,0.750,107945900,0.751,89489600,0.752,35433100,0.753,26129300
sh513130,09:34:03,1765157647323,09:35:06,1765157646500,0.749,0.7492,-0.0267,5692.67,0.9078,4.775,0,0,0.749,1.004,0.748,56789000,0.747,60413800,0.746,71014500,0.745,39421100,0.744,33009400,0.749,65208000,0.750,107945900,0.751,89489600,0.752,35433100,0.753,26129300
sh513130,09:34:06,1765157648302,09:35:06,1765157647817,0.749,0.7492,-0.0267,5692.67,0.9078,4.1801,3076600,2304281,0.749,0.979,0.748,57709500,0.747,60511700,0.746,70764000,0.745,39420800,0.744,33006400,0.749,71163700,0.750,103969000,0.751,89496900,0.752,35494800,0.753,26161300
sh513130,09:34:06,1765157649308,09:35:08,1765157648506,0.749,0.7492,-0.0267,5693.93,0.9078,3.5408,0,0,0.749,1.006,0.748,57709500,0.747,60511700,0.746,70764000,0.745,39420800,0.744,33006400,0.749,71163700,0.750,103969000,0.751,89496900,0.752,35494800,0.753,26161300
sh513130,09:34:06,1765157650319,09:35:08,1765157649995,0.749,0.7492,-0.0267,5693.93,0.9078,6.1333,0,0,0.749,1.011,0.748,57709500,0.747,60511700,0.746,70764000,0.745,39420800,0.744,33006400,0.749,71163700,0.750,103969000,0.751,89496900,0.752,35494800,0.753,26161300
sh513130,09:34:09,1765157651317,09:35:10,1765157650559,0.748,0.7491,-0.1468,5693.14,0.9078,7.6669,541400,405432,0.7489,0.998,0.748,57644700,0.747,61719200,0.746,66739700,0.745,39406300,0.744,33016400,0.749,26560500,0.750,112323600,0.751,88484200,0.752,50530800,0.753,26262300
sh513130,09:34:09,1765157652318,09:35:10,1765157652177,0.748,0.7491,-0.1468,5693.14,0.9078,7.0861,0,0,0.748,1.001,0.748,57644700,0.747,61719200,0.746,66739700,0.745,39406300,0.744,33016400,0.749,26560500,0.750,112323600,0.751,88484200,0.752,50530800,0.753,26262300
sh513130,09:34:09,1765157653345,09:35:12,1765157652477,0.748,0.7491,-0.1468,5693.63,0.9078,5.7386,0,0,0.748,1.026,0.748,57644700,0.747,61719200,0.746,66739700,0.745,39406300,0.744,33016400,0.749,26560500,0.750,112323600,0.751,88484200,0.752,50530800,0.753,26262300
sh513130,09:34:12,1765157654318,09:35:12,1765157652477,0.748,0.7491,-0.1468,5693.63,0.9078,5.7716,604400,452374,0.7485,0.974,0.748,58536000,0.747,61749200,0.746,65734700,0.745,39391400,0.744,33016400,0.749,45502400,0.750,112628000,0.751,89585000,0.752,50501400,0.753,26281900
sh513130,09:34:12,1765157655323,09:35:14,1765157654542,0.748,0.7491,-0.1468,5694.35,0.9078,3.971,0,0,0.748,1.005,0.748,58536000,0.747,61749200,0.746,65734700,0.745,39391400,0.744,33016400,0.749,45502400,0.750,112628000,0.751,89585000,0.752,50501400,0.753,26281900
sh513130,09:34:15,1765157656326,09:35:14,1765157654542,0.749,0.7491,-0.0133,5694.35,0.9078,5.162,812800,608222,0.7483,1.002,0.748,70140400,0.747,61828000,0.746,54614600,0.745,39371300,0.744,33016400,0.749,27999300,0.750,112527300,0.751,88624000,0.752,50501000,0.753,26413200
sh513130,09:34:15,1765157657326,09:35:16,1765157656577,0.749,0.7491,-0.0133,5694.17,0.9078,5.9097,0,0,0.749,1.001,0.748,70140400,0.747,61828000,0.746,54614600,0.745,39371300,0.744,33016400,0.749,27999300,0.750,112527300,0.751,88624000,0.752,50501000,0.753,26413200
sh513130,09:34:15,1765157658326,09:35:16,1765157656577,0.749,0.7491,-0.0133,5694.17,0.9078,4.8476,0,0,0.749,1.0,0.748,70140400,0.747,61828000,0.746,54614600,0.745,39371300,0.744,33016400,0.749,27999300,0.750,112527300,0.751,88624000,0.752,50501000,0.753,26413200
sh513130,09:34:15,1765157659325,09:35:18,1765157658678,0.749,0.7491,-0.0133,5693.74,0.9078,5.2401,0,0,0.749,0.999,0.748,70140400,0.747,61828000,0.746,54614600,0.745,39371300,0.744,33016400,0.749,27999300,0.750,112527300,0.751,88624000,0.752,50501000,0.753,26413200
sh513130,09:34:18,1765157660375,09:35:18,1765157658678,0.749,0.7491,-0.0133,5693.74,0.9078,5.0259,377500,282499,0.7483,1.05,0.748,59800700,0.747,61781000,0.746,67455200,0.745,39391300,0.744,33016400,0.749,66875700,0.750,112754100,0.751,88609300,0.752,35775900,0.753,26402100
sh513130,09:34:18,1765157661339,09:35:20,1765157660859,0.749,0.7491,-0.0133,5692.87,0.9078,5.1389,0,0,0.749,0.964,0.748,59800700,0.747,61781000,0.746,67455200,0.745,39391300,0.744,33016400,0.749,66875700,0.750,112754100,0.751,88609300,0.752,35775900,0.753,26402100
sh513130,09:34:18,1765157662361,09:35:20,1765157660859,0.749,0.7491,-0.0133,5692.87,0.9078,7.0242,0,0,0.749,1.021,0.748,59800700,0.747,61781000,0.746,67455200,0.745,39391300,0.744,33016400,0.749,66875700,0.750,112754100,0.751,88609300,0.752,35775900,0.753,26402100
sh513130,09:34:21,1765157663332,09:35:22,1765157663046,0.748,0.7491,-0.1468,5693.53,0.9078,5.9347,441600,330608,0.7487,0.971,0.748,58145300,0.747,60767900,0.746,69267200,0.745,39793300,0.744,33016400,0.749,72299800,0.750,104929900,0.751,89614800,0.752,35785900,0.753,26402100
sh513130,09:34:21,1765157664358,09:35:22,1765157663046,0.748,0.7491,-0.1468,5693.53,0.9078,5.6817,0,0,0.748,1.026,0.748,58145300,0.747,60767900,0.746,69267200,0.745,39793300,0.744,33016400,0.749,72299800,0.750,104929900,0.751,89614800,0.752,35785900,0.753,26402100
sh513130,09:34:21,1765157665339,09:35:24,1765157665215,0.748,0.7491,-0.1468,5692.52,0.9078,4.9853,0,0,0.748,0.981,0.748,58145300,0.747,60767900,0.746,69267200,0.745,39793300,0.744,33016400,0.749,72299800,0.750,104929900,0.751,89614800,0.752,35785900,0.753,26402100
sh513130,09:34:24,1765157666357,09:35:24,1765157665215,0.748,0.7491,-0.1468,5692.52,0.9078,3.8249,1697800,1271631,0.749,1.018,0.748,47867600,0.747,69224600,0.746,66814800,0.745,41784700,0.744,33016400,0.749,71797800,0.750,104747700,0.751,89636800,0.752,35777700,0.753,26405100
sh513130,09:34:24,1765157667343,09:35:26,1765157666514,0.748,0.7491,-0.1468,5692.41,0.9078,3.7928,0,0,0.748,0.986,0.748,47867600,0.747,69224600,0.746,66814800,0.745,41784700,0.744,33016400,0.749,71797800,0.750,104747700,0.751,89636800,0.752,35777700,0.753,26405100
sh513130,09:34:24,1765157668344,09:35:26,1765157667372,0.748,0.7491,-0.1468,5692.41,0.9078,5.384,0,0,0.748,1.002,0.748,47867600,0.747,69224600,0.746,66814800,0.745,41784700,0.744,33016400,0.749,71797800,0.750,104747700,0.751,89636800,0.752,35777700,0.753,26405100
sh513130,09:34:24,1765157669359,09:35:28,1765157668493,0.748,0.7491,-0.1468,5693.87,0.9078,4.4885,0,0,0.748,1.014,0.748,47867600,0.747,69224600,0.746,66814800,0.745,41784700,0.744,33016400,0.749,71797800,0.750,104747700,0.751,89636800,0.752,35777700,0.753,26405100
sh513130,09:34:27,1765157670359,09:35:28,1765157669541,0.749,0.7491,-0.0133,5693.87,0.9078,4.1374,1931600,1445624,0.7484,1.0,0.748,57784300,0.747,61865200,0.746,67666800,0.745,39433400,0.744,33016400,0.749,48932400,0.750,104845500,0.751,89708400,0.752,50944200,0.753,26405100
sh513130,09:34:30,1765157671337,09:35:30,1765157670495,0.748,0.7491,-0.1468,5695.66,0.9078,4.7602,2131800,1596613,0.749,0.979,0.748,70983800,0.747,62249500,0.746,55493300,0.745,39433400,0.744,33016400,0.749,23021000,0.750,103611000,0.751,88714400,0.752,52464200,0.753,29410100
sh513130,09:34:30,1765157672344,09:35:30,1765157671708,0.748,0.7491,-0.1468,5695.66,0.9078,4.5233,0,0,0.748,1.007,0.748,70983800,0.747,62249500,0.746,55493300,0.745,39433400,0.744,33016400,0.749,23021000,0.750,103611000,0.751,88714400,0.752,52464200,0.753,29410100
sh513130,09:34:30,1765157673347,09:35:32,1765157672486,0.748,0.7491,-0.1468,5696.23,0.9078,4.2542,0,0,0.748,1.003,0.748,70983800,0.747,62249500,0.746,55493300,0.745,39433400,0.744,33016400,0.749,23021000,0.750,103611000,0.751,88714400,0.752,52464200,0.753,29410100
sh513130,09:34:33,1765157674346,09:35:32,1765157673885,0.749,0.7491,-0.0133,5696.23,0.9078,3.9135,26435900,19800439,0.749,0.999,0.749,40491000,0.748,71069800,0.747,60342800,0.746,51926200,0.745,34433400,0.750,104842100,0.751,92705800,0.752,53082700,0.753,33167400,0.754,13840300
sh513130,09:34:33,1765157675359,09:35:34,1765157674533,0.749,0.7491,-0.0133,5696.67,0.9078,5.9371,0,0,0.749,1.013,0.749,40491000,0.748,71069800,0.747,60342800,0.746,51926200,0.745,34433400,0.750,104842100,0.751,92705800,0.752,53082700,0.753,33167400,0.754,13840300
sh513130,09:34:33,1765157676365,09:35:34,1765157676057,0.749,0.7491,-0.0133,5696.67,0.9078,4.695,0,0,0.749,1.006,0.749,40491000,0.748,71069800,0.747,60342800,0.746,51926200,0.745,34433400,0.750,104842100,0.751,92705800,0.752,53082700,0.753,33167400,0.754,13840300
sh513130,09:34:33,1765157677347,09:35:36,1765157676576,0.749,0.7491,-0.0133,5697.67,0.9078,5.5343,0,0,0.749,0.982,0.749,40491000,0.748,71069800,0.747,60342800,0.746,51926200,0.745,34433400,0.750,104842100,0.751,92705800,0.752,53082700,0.753,33167400,0.754,13840300
sh513130,09:34:36,1765157678355,09:35:36,1765157678222,0.749,0.7491,-0.0133,5697.67,0.9078,4.5049,549600,411750,0.7492,1.008,0.749,58026600,0.748,65130200,0.747,60332500,0.746,49351400,0.745,34443100,0.750,105185300,0.751,92709800,0.752,53093700,0.753,33304600,0.754,13832300
sh513130,09:34:36,1765157679380,09:35:38,1765157678515,0.749,0.7491,-0.0133,5698.64,0.9078,4.1656,0,0,0.749,1.025,0.749,58026600,0.748,65130200,0.747,60332500,0.746,49351400,0.745,34443100,0.750,105185300,0.751,92709800,0.752,53093700,0.753,33304600,0.754,13832300
sh513130,09:34:36,1765157680365,09:35:38,1765157678515,0.749,0.7491,-0.0133,5698.64,0.9078,6.2643,0,0,0.749,0.984,0.749,58026600,0.748,65130200,0.747,60332500,0.746,49351400,0.745,34443100,0.750,105185300,0.751,92709800,0.752,53093700,0.753,33304600,0.754,13832300
sh513130,09:34:39,1765157681364,09:35:40,1765157680542,0.749,0.7498,-0.1067,5698.37,0.9078,6.9482,980300,734265,0.749,0.999,0.749,62257400,0.748,65062300,0.747,61221900,0.746,47591400,0.745,34513300,0.750,92254800,0.751,92685100,0.752,54316700,0.753,33328100,0.754,13832400
sh513130,09:34:39,1765157682398,09:35:40,1765157680542,0.749,0.7498,-0.1067,5698.37,0.9078,5.8612,0,0,0.749,1.035,0.749,62257400,0.748,65062300,0.747,61221900,0.746,47591400,0.745,34513300,0.750,92254800,0.751,92685100,0.752,54316700,0.753,33328100,0.754,13832400
sh513130,09:34:42,1765157683377,09:35:42,1765157682593,0.749,0.7498,-0.1067,5699.01,0.9078,4.6608,482800,361647,0.7491,0.978,0.749,64869400,0.748,65963800,0.747,61221900,0.746,46697600,0.745,34495000,0.750,92320200,0.751,92732200,0.752,66326300,0.753,33348100,0.754,13828900
sh513130,09:34:42,1765157684360,09:35:42,1765157682593,0.749,0.7498,-0.1067,5699.01,0.9078,4.9156,0,0,0.749,0.983,0.749,64869400,0.748,65963800,0.747,61221900,0.746,46697600,0.745,34495000,0.750,92320200,0.751,92732200,0.752,66326300,0.753,33348100,0.754,13828900
sh513130,09:34:42,1765157685377,09:35:44,1765157684759,0.749,0.7498,-0.1067,5700.49,0.9078,4.9057,0,0,0.749,1.017,0.749,64869400,0.748,65963800,0.747,61221900,0.746,46697600,0.745,34495000,0.750,92320200,0.751,92732200,0.752,66326300,0.753,33348100,0.754,13828900
sh513130,09:34:42,1765157686374,09:35:44,1765157684759,0.749,0.7498,-0.1067,5700.49,0.9078,3.9462,0,0,0.749,0.997,0.749,64869400,0.748,65963800,0.747,61221900,0.746,46697600,0.745,34495000,0.750,92320200,0.751,92732200,0.752,66326300,0.753,33348100,0.754,13828900
sh513130,09:34:45,1765157687379,09:35:46,1765157686958,0.75,0.7498,0.0267,5699.89,0.9078,6.9918,1243200,931329,0.7491,1.005,0.749,65289800,0.748,66411500,0.747,61321900,0.746,47437600,0.745,34373400,0.750,92575800,0.751,92735200,0.752,66326300,0.753,33348100,0.754,13828900
sh513130,09:34:45,1765157688376,09:35:46,1765157686958,0.75,0.7498,0.0267,5699.89,0.9078,6.8438,0,0,0.75,0.997,0.749,65289800,0.748,66411500,0.747,61321900,0.746,47437600,0.745,34373400,0.750,92575800,0.751,92735200,0.752,66326300,0.753,33348100,0.754,13828900
sh513130,09:34:45,1765157689376,09:35:48,1765157689123,0.75,0.7498,0.0267,5700.31,0.9078,5.6817,0,0,0.75,1.0,0.749,65289800,0.748,66411500,0.747,61321900,0.746,47437600,0.745,34373400,0.750,92575800,0.751,92735200,0.752,66326300,0.753,33348100,0.754,13828900
sh513130,09:34:48,1765157690399,09:35:48,1765157689123,0.749,0.7498,-0.1067,5700.31,0.9078,4.2741,3471000,2600081,0.7491,1.023,0.749,63749900,0.748,66498500,0.747,61424300,0.746,47445800,0.745,34662200,0.750,93496900,0.751,92857300,0.752,67166600,0.753,33449100,0.754,13854100
sh513130,09:34:48,1765157691392,09:35:50,1765157691330,0.749,0.7498,-0.1067,5700.83,0.9078,3.1296,0,0,0.749,0.994,0.749,63749900,0.748,66498500,0.747,61424300,0.746,47445800,0.745,34662200,0.750,93496900,0.751,92857300,0.752,67166600,0.753,33449100,0.754,13854100
sh513130,09:34:51,1765157692385,09:35:50,1765157691330,0.749,0.7498,-0.1067,5700.83,0.9078,2.8452,465600,348882,0.7493,0.993,0.749,65783000,0.748,65647900,0.747,61633900,0.746,46008300,0.745,35504500,0.750,85364300,0.751,101282300,0.752,68134700,0.753,33449100,0.754,13869100
sh513130,09:34:51,1765157693386,09:35:52,1765157692559,0.749,0.7498,-0.1067,5702.26,0.9078,6.1363,0,0,0.749,1.001,0.749,65783000,0.748,65647900,0.747,61633900,0.746,46008300,0.745,35504500,0.750,85364300,0.751,101282300,0.752,68134700,0.753,33449100,0.754,13869100
sh513130,09:34:51,1765157694377,09:35:52,1765157693479,0.749,0.7498,-0.1067,5702.26,0.9078,4.5431,0,0,0.749,0.991,0.749,65783000,0.748,65647900,0.747,61633900,0.746,46008300,0.745,35504500,0.750,85364300,0.751,101282300,0.752,68134700,0.753,33449100,0.754,13869100
sh513130,09:34:51,1765157695393,09:35:54,1765157694498,0.749,0.7498,-0.1067,5701.62,0.9078,1.9755,0,0,0.749,1.016,0.749,65783000,0.748,65647900,0.747,61633900,0.746,46008300,0.745,35504500,0.750,85364300,0.751,101282300,0.752,68134700,0.753,33449100,0.754,13869100
sh513130,09:34:54,1765157696398,09:35:54,1765157695647,0.75,0.7498,0.0267,5701.62,0.9078,1.5305,809800,607335,0.75,1.005,0.749,68772700,0.748,65157200,0.747,61910000,0.746,45973700,0.745,35505700,0.750,86091800,0.751,101335900,0.752,71134400,0.753,33459100,0.754,13872100
sh513130,09:34:54,1765157697393,09:35:56,1765157696512,0.75,0.7498,0.0267,5701.81,0.9078,2.5883,0,0,0.75,0.995,0.749,68772700,0.748,65157200,0.747,61910000,0.746,45973700,0.745,35505700,0.750,86091800,0.751,101335900,0.752,71134400,0.753,33459100,0.754,13872100
sh513130,09:34:54,1765157698388,09:35:56,1765157697823,0.75,0.7498,0.0267,5701.81,0.9078,2.6684,0,0,0.75,0.994,0.749,68772700,0.748,65157200,0.747,61910000,0.746,45973700,0.745,35505700,0.750,86091800,0.751,101335900,0.752,71134400,0.753,33459100,0.754,13872100
sh513130,09:34:57,1765157699387,09:35:58,1765157698559,0.75,0.7498,0.0267,5701.36,0.9078,2.0899,316400,237026,0.7491,0.999,0.749,69473400,0.748,65449900,0.747,60998500,0.746,45973700,0.745,35505700,0.750,95036800,0.751,92931900,0.752,71251500,0.753,33459200,0.754,13925000
sh513130,09:34:57,1765157700399,09:35:58,1765157699982,0.75,0.7498,0.0267,5701.36,0.9078,2.1193,0,0,0.75,1.013,0.749,69473400,0.748,65449900,0.747,60998500,0.746,45973700,0.745,35505700,0.750,95036800,0.751,92931900,0.752,71251500,0.753,33459200,0.754,13925000
sh513130,09:34:57,1765157701394,09:36:00,1765157700557,0.75,0.7498,0.0267,5702.43,0.9078,1.8188,0,0,0.75,0.995,0.749,69473400,0.748,65449900,0.747,60998500,0.746,45973700,0.745,35505700,0.750,95036800,0.751,92931900,0.752,71251500,0.753,33459200,0.754,13925000
sh513130,09:35:00,1765157702402,09:36:00,1765157702161,0.75,0.7498,0.0267,5702.43,0.9078,5.2505,1001200,750864,0.75,1.008,0.749,71451600,0.748,65444500,0.747,60868100,0.746,45894500,0.745,35506200,0.750,95296900,0.751,93941900,0.752,72219300,0.753,33500600,0.754,13925000
sh513130,09:35:00,1765157703401,09:36:02,1765157702534,0.75,0.7498,0.0267,5702.27,0.9078,4.365,0,0,0.75,0.999,0.749,71451600,0.748,65444500,0.747,60868100,0.746,45894500,0.745,35506200,0.750,95296900,0.751,93941900,0.752,72219300,0.753,33500600,0.754,13925000
sh513130,09:35:00,1765157704399,09:36:02,1765157704335,0.75,0.7498,0.0267,5702.27,0.9078,4.4507,0,0,0.75,0.999,0.749,71451600,0.748,65444500,0.747,60868100,0.746,45894500,0.745,35506200,0.750,95296900,0.751,93941900,0.752,72219300,0.753,33500600,0.754,13925000
sh513130,09:35:03,1765157705400,09:36:04,1765157704490,0.75,0.7498,0.0267,5701.82,0.9078,3.6241,661100,495692,0.7498,1.001,0.749,71635000,0.748,64544500,0.747,59887400,0.746,50822500,0.745,35490400,0.750,71476200,0.751,94049600,0.752,73432800,0.753,48500600,0.754,13945500
sh513130,09:35:03,1765157706402,09:36:04,1765157704490,0.75,0.7498,0.0267,5701.82,0.9078,3.0917,0,0,0.75,1.002,0.749,71635000,0.748,64544500,0.747,59887400,0.746,50822500,0.745,35490400,0.750,71476200,0.751,94049600,0.752,73432800,0.753,48500600,0.754,13945500
sh513130,09:35:03,1765157707402,09:36:06,1765157706524,0.75,0.7498,0.0267,5701.83,0.9078,2.6455,0,0,0.75,1.0,0.749,71635000,0.748,64544500,0.747,59887400,0.746,50822500,0.745,35490400,0.750,71476200,0.751,94049600,0.752,73432800,0.753,48500600,0.754,13945500
sh513130,09:35:06,1765157708400,09:36:06,1765157706524,0.75,0.7498,0.0267,5701.83,0.9078,3.4344,856600,641950,0.7494,0.998,0.749,83584000,0.748,64170100,0.747,48973200,0.746,50902500,0.745,35447000,0.750,54197700,0.751,102286000,0.752,91466000,0.753,48455000,0.754,13945500
sh513130,09:35:06,1765157709411,09:36:08,1765157708702,0.75,0.7498,0.0267,5702.76,0.9078,3.1037,0,0,0.75,1.011,0.749,83584000,0.748,64170100,0.747,48973200,0.746,50902500,0.745,35447000,0.750,54197700,0.751,102286000,0.752,91466000,0.753,48455000,0.754,13945500
sh513130,09:35:06,1765157710423,09:36:08,1765157708702,0.75,0.7498,0.0267,5702.76,0.9078,3.5644,0,0,0.75,1.012,0.749,83584000,0.748,64170100,0.747,48973200,0.746,50902500,0.745,35447000,0.750,54197700,0.751,102286000,0.752,91466000,0.753,48455000,0.754,13945500
sh513130,09:35:09,1765157711407,09:36:10,1765157710885,0.75,0.7498,0.0267,5703.74,0.9078,3.9242,46409000,34806689,0.75,0.984,0.750,24621900,0.749,72552500,0.748,60411400,0.747,45361800,0.746,50573000,0.751,85381400,0.752,91418100,0.753,49885300,0.754,14052500,0.755,20882100
sh513130,09:35:09,1765157712416,09:36:10,1765157710885,0.75,0.7498,0.0267,5703.74,0.9078,4.212,0,0,0.75,1.009,0.750,24621900,0.749,72552500,0.748,60411400,0.747,45361800,0.746,50573000,0.751,85381400,0.752,91418100,0.753,49885300,0.754,14052500,0.755,20882100
sh513130,09:35:09,1765157713410,09:36:12,1765157713055,0.75,0.7498,0.0267,5704.59,0.9078,4.3906,0,0,0.75,0.994,0.750,24621900,0.749,72552500,0.748,60411400,0.747,45361800,0.746,50573000,0.751,85381400,0.752,91418100,0.753,49885300,0.754,14052500,0.755,20882100
sh513130,09:35:12,1765157714432,09:36:12,1765157713055,0.75,0.7498,0.0267,5704.59,0.9078,3.5891,1683100,1263333,0.7506,1.022,0.750,34818200,0.749,83199700,0.748,59450300,0.747,38694600,0.746,45587400,0.751,97170500,0.752,92708300,0.753,50164400,0.754,17243600,0.755,21058600
sh513130,09:35:12,1765157715456,09:36:14,1765157715239,0.75,0.7498,0.0267,5705.67,0.9078,2.7958,0,0,0.75,1.024,0.750,34818200,0.749,83199700,0.748,59450300,0.747,38694600,0.746,45587400,0.751,97170500,0.752,92708300,0.753,50164400,0.754,17243600,0.755,21058600
sh513130,09:35:15,1765157716430,09:36:16,1765157716426,0.75,0.7504,-0.0533,5705.38,0.9078,2.1038,454900,341290,0.7503,0.974,0.750,44859700,0.749,83145700,0.748,59157900,0.747,41997100,0.746,45457400,0.751,91304800,0.752,93355000,0.753,50164400,0.754,23540400,0.755,21102200
sh513130,09:35:15,1765157717411,09:36:16,1765157717409,0.75,0.7504,-0.0533,5705.38,0.9078,2.0015,0,0,0.75,0.981,0.750,44859700,0.749,83145700,0.748,59157900,0.747,41997100,0.746,45457400,0.751,91304800,0.752,93355000,0.753,50164400,0.754,23540400,0.755,21102200
sh513130,09:35:15,1765157718433,09:36:16,1765157717409,0.75,0.7504,-0.0533,5705.38,0.9078,4.4919,0,0,0.75,1.022,0.750,44859700,0.749,83145700,0.748,59157900,0.747,41997100,0.746,45457400,0.751,91304800,0.752,93355000,0.753,50164400,0.754,23540400,0.755,21102200
sh513130,09:35:18,1765157719416,09:36:18,1765157718693,0.75,0.7504,-0.0533,5705.43,0.9078,3.131,536600,402852,0.7507,0.983,0.750,45113100,0.749,83157100,0.748,59021700,0.747,41756300,0.746,45453200,0.751,91160900,0.752,93473000,0.753,50710400,0.754,23621300,0.755,21132900
sh513130,09:35:18,1765157720430,09:36:20,1765157720418,0.75,0.7504,-0.0533,5704.6,0.9078,3.3402,0,0,0.75,1.014,0.750,45113100,0.749,83157100,0.748,59021700,0.747,41756300,0.746,45453200,0.751,91160900,0.752,93473000,0.753,50710400,0.754,23621300,0.755,21132900
sh513130,09:35:18,1765157721426,09:36:20,1765157720504,0.75,0.7504,-0.0533,5704.6,0.9078,2.2804,0,0,0.75,0.995,0.750,45113100,0.749,83157100,0.748,59021700,0.747,41756300,0.746,45453200,0.751,91160900,0.752,93473000,0.753,50710400,0.754,23621300,0.755,21132900
sh513130,09:35:18,1765157722429,09:36:20,1765157721760,0.75,0.7504,-0.0533,5704.6,0.9078,1.5458,0,0,0.75,1.003,0.750,45113100,0.749,83157100,0.748,59021700,0.747,41756300,0.746,45453200,0.751,91160900,0.752,93473000,0.753,50710400,0.754,23621300,0.755,21132900
sh513130,09:35:21,1765157723425,09:36:22,1765157722560,0.75,0.7504,-0.0533,5705.78,0.9078,1.9799,644600,483635,0.7503,0.996,0.750,43358200,0.749,83957300,0.748,58721700,0.747,42793100,0.746,45453200,0.751,91337400,0.752,93750000,0.753,50757400,0.754,23706300,0.755,21160200
sh513130,09:35:21,1765157724433,09:36:22,1765157723937,0.75,0.7504,-0.0533,5705.78,0.9078,2.2047,0,0,0.75,1.008,0.750,43358200,0.749,83957300,0.748,58721700,0.747,42793100,0.746,45453200,0.751,91337400,0.752,93750000,0.753,50757400,0.754,23706300,0.755,21160200
sh513130,09:35:24,1765157725440,09:36:24,1765157724540,0.75,0.7504,-0.0533,5705.34,0.9078,2.9328,1752300,1314664,0.7503,1.007,0.750,34657500,0.749,83940000,0.748,59132700,0.747,43689900,0.746,45483200,0.751,101195800,0.752,94727500,0.753,50757400,0.754,14458600,0.755,22182700
sh513130,09:35:24,1765157726444,09:36:26,1765157726441,0.75,0.7504,-0.0533,5705.56,0.9078,2.7061,0,0,0.75,1.004,0.750,34657500,0.749,83940000,0.748,59132700,0.747,43689900,0.746,45483200,0.751,101195800,0.752,94727500,0.753,50757400,0.754,14458600,0.755,22182700
sh513130,09:35:24,1765157727440,09:36:26,1765157726533,0.75,0.7504,-0.0533,5705.56,0.9078,2.5034,0,0,0.75,0.997,0.750,34657500,0.749,83940000,0.748,59132700,0.747,43689900,0.746,45483200,0.751,101195800,0.752,94727500,0.753,50757400,0.754,14458600,0.755,22182700
sh513130,09:35:24,1765157728443,09:36:28,1765157728443,0.75,0.7504,-0.0533,5704.38,0.9078,2.0003,0,0,0.75,1.003,0.750,34657500,0.749,83940000,0.748,59132700,0.747,43689900,0.746,45483200,0.751,101195800,0.752,94727500,0.753,50757400,0.754,14458600,0.755,22182700
sh513130,09:35:27,1765157729442,09:36:28,1765157728572,0.75,0.7504,-0.0533,5704.38,0.9078,2.621,9037800,6778500,0.75,0.998,0.750,26507500,0.749,84806600,0.748,58148200,0.747,43689900,0.746,45483200,0.751,94586300,0.752,95453400,0.753,50747400,0.754,14458600,0.755,22279100
sh513130,09:35:27,1765157730429,09:36:30,1765157730424,0.75,0.7504,-0.0533,5706.13,0.9078,2.4956,0,0,0.75,0.987,0.750,26507500,0.749,84806600,0.748,58148200,0.747,43689900,0.746,45483200,0.751,94586300,0.752,95453400,0.753,50747400,0.754,14458600,0.755,22279100
sh513130,09:35:27,1765157731441,09:36:30,1765157730518,0.75,0.7504,-0.0533,5706.13,0.9078,3.3279,0,0,0.75,1.012,0.750,26507500,0.749,84806600,0.748,58148200,0.747,43689900,0.746,45483200,0.751,94586300,0.752,95453400,0.753,50747400,0.754,14458600,0.755,22279100
sh513130,09:35:27,1765157732431,09:36:30,1765157730518,0.75,0.7504,-0.0533,5706.13,0.9078,2.39,0,0,0.75,0.991,0.750,26507500,0.749,84806600,0.748,58148200,0.747,43689900,0.746,45483200,0.751,94586300,0.752,95453400,0.753,50747400,0.754,14458600,0.755,22279100
sh513130,09:35:30,1765157733440,09:36:32,1765157732638,0.75,0.7504,-0.0533,5706.18,0.9078,2.3155,1495100,1122345,0.7507,1.008,0.750,32943000,0.749,84630300,0.748,58218500,0.747,43372500,0.746,45350300,0.751,100934100,0.752,94528400,0.753,51841600,0.754,14558600,0.755,22301200
sh513130,09:35:30,1765157734442,09:36:34,1765157734441,0.75,0.7504,-0.0533,5705.35,0.9078,1.9638,0,0,0.75,1.002,0.750,32943000,0.749,84630300,0.748,58218500,0.747,43372500,0.746,45350300,0.751,100934100,0.752,94528400,0.753,51841600,0.754,14558600,0.755,22301200
sh513130,09:35:30,1765157735442,09:36:34,1765157734805,0.75,0.7504,-0.0533,5705.35,0.9078,2.2638,0,0,0.75,1.0,0.750,32943000,0.749,84630300,0.748,58218500,0.747,43372500,0.746,45350300,0.751,100934100,0.752,94528400,0.753,51841600,0.754,14558600,0.755,22301200
sh513130,09:35:33,1765157736449,09:36:36,1765157736432,0.751,0.7504,0.08,5705.51,0.9078,2.0606,1008900,756774,0.7501,1.008,0.750,30210600,0.749,85700300,0.748,58010900,0.747,48371100,0.746,45380800,0.751,103994600,0.752,94561900,0.753,52695600,0.754,14757900,0.755,22401800
sh513130,09:35:33,1765157737442,09:36:36,1765157736970,0.751,0.7504,0.08,5705.51,0.9078,2.3304,0,0,0.751,0.993,0.750,30210600,0.749,85700300,0.748,58010900,0.747,48371100,0.746,45380800,0.751,103994600,0.752,94561900,0.753,52695600,0.754,14757900,0.755,22401800
sh513130,09:35:36,1765157738449,09:36:38,1765157738438,0.75,0.7504,-0.0533,5705.67,0.9078,1.8121,4637100,3478490,0.7501,1.007,0.750,26640700,0.749,84956500,0.748,57842800,0.747,48409800,0.746,45082000,0.751,104245700,0.752,94772200,0.753,53552700,0.754,14758200,0.755,22712800
sh513130,09:35:36,1765157739443,09:36:38,1765157739131,0.75,0.7504,-0.0533,5705.67,0.9078,1.6585,0,0,0.75,0.995,0.750,26640700,0.749,84956500,0.748,57842800,0.747,48409800,0.746,45082000,0.751,104245700,0.752,94772200,0.753,53552700,0.754,14758200,0.755,22712800
sh513130,09:35:36,1765157740446,09:36:40,1765157740425,0.75,0.7504,-0.0533,5703.6,0.9078,1.4513,0,0,0.75,1.003,0.750,26640700,0.749,84956500,0.748,57842800,0.747,48409800,0.746,45082000,0.751,104245700,0.752,94772200,0.753,53552700,0.754,14758200,0.755,22712800
sh513130,09:35:39,1765157741456,09:36:40,1765157741305,0.75,0.7504,-0.0533,5703.6,0.9078,4.9245,27499700,20625309,0.75,1.01,0.749,85185100,0.748,56204500,0.747,50547900,0.746,44703700,0.745,35316500,0.750,28472900,0.751,104909700,0.752,95691400,0.753,51065900,0.754,14760900
sh513130,09:35:39,1765157742446,09:36:42,1765157742440,0.75,0.7504,-0.0533,5702.48,0.9078,4.9125,0,0,0.75,0.99,0.749,85185100,0.748,56204500,0.747,50547900,0.746,44703700,0.745,35316500,0.750,28472900,0.751,104909700,0.752,95691400,0.753,51065900,0.754,14760900
sh513130,09:35:39,1765157743456,09:36:42,1765157742527,0.75,0.7504,-0.0533,5702.48,0.9078,2.6886,0,0,0.75,1.009,0.749,85185100,0.748,56204500,0.747,50547900,0.746,44703700,0.745,35316500,0.750,28472900,0.751,104909700,0.752,95691400,0.753,51065900,0.754,14760900
sh513130,09:35:42,1765157744451,09:36:44,1765157744446,0.75,0.7504,-0.0533,5699.96,0.9078,2.0559,1843300,1382413,0.75,0.995,0.749,78590300,0.748,57131000,0.747,46090900,0.746,45172400,0.745,35316500,0.750,71387700,0.751,97376400,0.752,94900600,0.753,34181000,0.754,15199100
sh513130,09:35:42,1765157745527,09:36:44,1765157744505,0.75,0.7504,-0.0533,5699.96,0.9078,2.4146,0,0,0.75,1.077,0.749,78590300,0.748,57131000,0.747,46090900,0.746,45172400,0.745,35316500,0.750,71387700,0.751,97376400,0.752,94900600,0.753,34181000,0.754,15199100
sh513130,09:35:42,1765157746461,09:36:44,1765157745646,0.75,0.7504,-0.0533,5699.96,0.9078,-2.3129,0,0,0.75,0.934,0.749,78590300,0.748,57131000,0.747,46090900,0.746,45172400,0.745,35316500,0.750,71387700,0.751,97376400,0.752,94900600,0.753,34181000,0.754,15199100
sh513130,09:35:45,1765157747474,09:36:46,1765157746543,0.75,0.7504,-0.0533,5698.55,0.9078,0.1374,742400,556797,0.75,1.012,0.749,62541800,0.748,66509500,0.747,59193900,0.746,47552400,0.745,35326500,0.750,91413800,0.751,97770200,0.752,82841700,0.753,29616500,0.754,15211900
sh513130,09:35:45,1765157748449,09:36:48,1765157748415,0.75,0.7504,-0.0533,5697.77,0.9078,-0.7442,0,0,0.75,0.976,0.749,62541800,0.748,66509500,0.747,59193900,0.746,47552400,0.745,35326500,0.750,91413800,0.751,97770200,0.752,82841700,0.753,29616500,0.754,15211900
sh513130,09:35:45,1765157749483,09:36:48,1765157748538,0.75,0.7504,-0.0533,5697.77,0.9078,0.0477,0,0,0.75,1.033,0.749,62541800,0.748,66509500,0.747,59193900,0.746,47552400,0.745,35326500,0.750,91413800,0.751,97770200,0.752,82841700,0.753,29616500,0.754,15211900
sh513130,09:35:48,1765157750457,09:36:48,1765157749999,0.75,0.7504,-0.0533,5697.77,0.9078,1.1713,1442600,1081945,0.75,0.974,0.749,53518200,0.748,65504600,0.747,59193900,0.746,53404300,0.745,35326500,0.750,96426800,0.751,99501300,0.752,82116500,0.753,27459000,0.754,15216900
sh513130,09:35:48,1765157751473,09:36:50,1765157750564,0.75,0.7504,-0.0533,5696.71,0.9078,1.3362,0,0,0.75,1.016,0.749,53518200,0.748,65504600,0.747,59193900,0.746,53404300,0.745,35326500,0.750,96426800,0.751,99501300,0.752,82116500,0.753,27459000,0.754,15216900
sh513130,09:35:51,1765157752479,09:36:52,1765157752477,0.75,0.7504,-0.0533,5696.21,0.9078,2.2971,6157500,4613570,0.7493,1.006,0.749,27346800,0.748,65349700,0.747,59185600,0.746,56206200,0.745,35328000,0.750,95768800,0.751,103654700,0.752,77343200,0.753,27503500,0.754,15352000
sh513130,09:35:51,1765157753465,09:36:52,1765157752477,0.75,0.7504,-0.0533,5696.21,0.9078,2.0063,0,0,0.75,0.987,0.749,27346800,0.748,65349700,0.747,59185600,0.746,56206200,0.745,35328000,0.750,95768800,0.751,103654700,0.752,77343200,0.753,27503500,0.754,15352000
sh513130,09:35:51,1765157754459,09:36:54,1765157754446,0.75,0.7504,-0.0533,5695.04,0.9078,2.4382,0,0,0.75,0.993,0.749,27346800,0.748,65349700,0.747,59185600,0.746,56206200,0.745,35328000,0.750,95768800,0.751,103654700,0.752,77343200,0.753,27503500,0.754,15352000
sh513130,09:35:51,1765157755471,09:36:54,1765157754526,0.75,0.7504,-0.0533,5695.04,0.9078,4.1304,0,0,0.75,1.012,0.749,27346800,0.748,65349700,0.747,59185600,0.746,56206200,0.745,35328000,0.750,95768800,0.751,103654700,0.752,77343200,0.753,27503500,0.754,15352000
sh513130,09:35:54,1765157756507,09:36:56,1765157756503,0.75,0.7497,0.04,5694.49,0.9078,4.3655,1033300,774068,0.7491,1.036,0.749,24642300,0.748,65572400,0.747,59185600,0.746,57049100,0.745,34960300,0.750,95903500,0.751,105030700,0.752,77465900,0.753,27734800,0.754,15357000
sh513130,09:35:54,1765157757474,09:36:56,1765157756557,0.75,0.7497,0.04,5694.49,0.9078,3.7246,0,0,0.75,0.967,0.749,24642300,0.748,65572400,0.747,59185600,0.746,57049100,0.745,34960300,0.750,95903500,0.751,105030700,0.752,77465900,0.753,27734800,0.754,15357000
sh513130,09:35:54,1765157758481,09:36:58,1765157758479,0.75,0.7497,0.04,5695.23,0.9078,2.9625,0,0,0.75,1.007,0.749,24642300,0.748,65572400,0.747,59185600,0.746,57049100,0.745,34960300,0.750,95903500,0.751,105030700,0.752,77465900,0.753,27734800,0.754,15357000
sh513130,09:35:57,1765157759477,09:36:58,1765157758729,0.749,0.7497,-0.0934,5695.23,0.9078,2.8514,31532200,23617687,0.749,0.997,0.748,67791700,0.747,60188600,0.746,57894300,0.745,35981300,0.744,32682100,0.749,3848900,0.750,96951500,0.751,102597500,0.752,77467000,0.753,26735100
sh513130,09:35:57,1765157760484,09:37:00,1765157760441,0.749,0.7497,-0.0934,5695.41,0.9078,0.8842,0,0,0.749,1.007,0.748,67791700,0.747,60188600,0.746,57894300,0.745,35981300,0.744,32682100,0.749,3848900,0.750,96951500,0.751,102597500,0.752,77467000,0.753,26735100
sh513130,09:35:57,1765157761475,09:37:00,1765157760901,0.749,0.7497,-0.0934,5695.41,0.9078,1.4237,0,0,0.749,0.991,0.748,67791700,0.747,60188600,0.746,57894300,0.745,35981300,0.744,32682100,0.749,3848900,0.750,96951500,0.751,102597500,0.752,77467000,0.753,26735100
sh513130,09:36:00,1765157762479,09:37:02,1765157762437,0.749,0.7497,-0.0934,5698.6,0.9078,1.3534,10724100,8032394,0.749,1.004,0.749,15043200,0.748,68293500,0.747,60225600,0.746,58634800,0.745,35934000,0.750,100119900,0.751,101802900,0.752,77478600,0.753,26749600,0.754,15372400
sh513130,09:36:00,1765157763480,09:37:02,1765157763092,0.749,0.7497,-0.0934,5698.6,0.9078,4.2106,0,0,0.749,1.001,0.749,15043200,0.748,68293500,0.747,60225600,0.746,58634800,0.745,35934000,0.750,100119900,0.751,101802900,0.752,77478600,0.753,26749600,0.754,15372400
sh513130,09:36:00,1765157764513,09:37:04,1765157764454,0.749,0.7497,-0.0934,5698.06,0.9078,3.0657,0,0,0.749,1.033,0.749,15043200,0.748,68293500,0.747,60225600,0.746,58634800,0.745,35934000,0.750,100119900,0.751,101802900,0.752,77478600,0.753,26749600,0.754,15372400
sh513130,09:36:03,1765157765477,09:37:04,1765157765262,0.749,0.7497,-0.0934,5698.06,0.9078,2.4491,779300,583751,0.7491,0.964,0.749,49309900,0.748,60949200,0.747,48236900,0.746,51184800,0.745,35934000,0.750,76642500,0.751,102965000,0.752,89506200,0.753,36505600,0.754,15442100
sh513130,09:36:03,1765157766477,09:37:06,1765157766426,0.749,0.7497,-0.0934,5698.56,0.9078,1.9631,0,0,0.749,1.0,0.749,49309900,0.748,60949200,0.747,48236900,0.746,51184800,0.745,35934000,0.750,76642500,0.751,102965000,0.752,89506200,0.753,36505600,0.754,15442100
sh513130,09:36:03,1765157767491,09:37:06,1765157767449,0.749,0.7497,-0.0934,5698.56,0.9078,2.0787,0,0,0.749,1.015,0.749,49309900,0.748,60949200,0.747,48236900,0.746,51184800,0.745,35934000,0.750,76642500,0.751,102965000,0.752,89506200,0.753,36505600,0.754,15442100
sh513130,09:36:06,1765157768476,09:37:08,1765157768424,0.749,0.7497,-0.0934,5697.57,0.9078,2.4482,1417300,1061607,0.749,0.985,0.749,36163300,0.748,60802700,0.747,59332800,0.746,51344800,0.745,35934000,0.750,81321500,0.751,102608800,0.752,89556200,0.753,36715300,0.754,15675100
sh513130,09:36:06,1765157769506,09:37:08,1765157768561,0.749,0.7497,-0.0934,5697.57,0.9078,2.069,0,0,0.749,1.03,0.749,36163300,0.748,60802700,0.747,59332800,0.746,51344800,0.745,35934000,0.750,81321500,0.751,102608800,0.752,89556200,0.753,36715300,0.754,15675100
sh513130,09:36:06,1765157770494,09:37:10,1765157770440,0.749,0.7497,-0.0934,5697.83,0.9078,2.9126,0,0,0.749,0.988,0.749,36163300,0.748,60802700,0.747,59332800,0.746,51344800,0.745,35934000,0.750,81321500,0.751,102608800,0.752,89556200,0.753,36715300,0.754,15675100
sh513130,09:36:09,1765157771490,09:37:10,1765157770539,0.75,0.7498,0.0267,5697.83,0.9078,2.5189,101300,75900,0.7493,0.996,0.749,19618100,0.748,69419700,0.747,59368800,0.746,53394800,0.745,35934000,0.750,101835200,0.751,103291000,0.752,77721800,0.753,30039300,0.754,15680100
sh513130,09:36:09,1765157772496,09:37:12,1765157772494,0.75,0.7498,0.0267,5696.58,0.9078,1.8215,0,0,0.75,1.005,0.749,19618100,0.748,69419700,0.747,59368800,0.746,53394800,0.745,35934000,0.750,101835200,0.751,103291000,0.752,77721800,0.753,30039300,0.754,15680100
sh513130,09:36:09,1765157773499,09:37:12,1765157772494,0.75,0.7498,0.0267,5696.58,0.9078,-0.0585,0,0,0.75,1.003,0.749,19618100,0.748,69419700,0.747,59368800,0.746,53394800,0.745,35934000,0.750,101835200,0.751,103291000,0.752,77721800,0.753,30039300,0.754,15680100
sh513130,09:36:12,1765157774494,09:37:14,1765157774431,0.749,0.7498,-0.1067,5694.85,0.9078,0.5662,12836800,9614776,0.749,0.995,0.748,70373900,0.747,60355300,0.746,58794800,0.745,36013200,0.744,32662100,0.749,11167300,0.750,107413400,0.751,103617700,0.752,77778600,0.753,27075800
sh513130,09:36:12,1765157775484,09:37:14,1765157774521,0.749,0.7498,-0.1067,5694.85,0.9078,0.9521,0,0,0.749,0.99,0.748,70373900,0.747,60355300,0.746,58794800,0.745,36013200,0.744,32662100,0.749,11167300,0.750,107413400,0.751,103617700,0.752,77778600,0.753,27075800
sh513130,09:36:15,1765157776505,09:37:16,1765157776423,0.749,0.7498,-0.1067,5693.07,0.9078,1.831,1027300,769448,0.749,1.022,0.748,70471000,0.747,60616100,0.746,53814800,0.745,36992900,0.744,32662100,0.749,55473800,0.750,102464100,0.751,103407800,0.752,44420400,0.753,27089800
sh513130,09:36:15,1765157777492,09:37:16,1765157776520,0.749,0.7498,-0.1067,5693.07,0.9078,1.5016,0,0,0.749,0.987,0.748,70471000,0.747,60616100,0.746,53814800,0.745,36992900,0.744,32662100,0.749,55473800,0.750,102464100,0.751,103407800,0.752,44420400,0.753,27089800
sh513130,09:36:15,1765157778502,09:37:18,1765157778435,0.749,0.7498,-0.1067,5694.34,0.9078,2.9519,0,0,0.749,1.01,0.748,70471000,0.747,60616100,0.746,53814800,0.745,36992900,0.744,32662100,0.749,55473800,0.750,102464100,0.751,103407800,0.752,44420400,0.753,27089800
sh513130,09:36:18,1765157779507,09:37:18,1765157778652,0.749,0.7498,-0.1067,5694.34,0.9078,2.5536,6468800,4845122,0.749,1.005,0.748,70683600,0.747,60694400,0.746,54665900,0.745,36999900,0.744,32662100,0.749,34158000,0.750,107236400,0.751,103441100,0.752,59673400,0.753,26986800
sh513130,09:36:18,1765157780511,09:37:20,1765157780503,0.749,0.7498,-0.1067,5693.87,0.9078,2.4311,0,0,0.749,1.004,0.748,70683600,0.747,60694400,0.746,54665900,0.745,36999900,0.744,32662100,0.749,34158000,0.750,107236400,0.751,103441100,0.752,59673400,0.753,26986800
sh513130,09:36:18,1765157781492,09:37:20,1765157780522,0.749,0.7498,-0.1067,5693.87,0.9078,3.3391,0,0,0.749,0.981,0.748,70683600,0.747,60694400,0.746,54665900,0.745,36999900,0.744,32662100,0.749,34158000,0.750,107236400,0.751,103441100,0.752,59673400,0.753,26986800
sh513130,09:36:18,1765157782520,09:37:22,1765157782476,0.749,0.7498,-0.1067,5693.67,0.9078,2.3874,0,0,0.749,1.028,0.748,70683600,0.747,60694400,0.746,54665900,0.745,36999900,0.744,32662100,0.749,34158000,0.750,107236400,0.751,103441100,0.752,59673400,0.753,26986800
sh513130,09:36:21,1765157783507,09:37:22,1765157782722,0.749,0.7498,-0.1067,5693.67,0.9078,1.576,634100,474935,0.749,0.986,0.748,70783500,0.747,60696400,0.746,54726200,0.745,41999900,0.744,32662100,0.749,29237300,0.750,108697300,0.751,103389600,0.752,60119000,0.753,26815800
sh513130,09:36:21,1765157784509,09:37:24,1765157784451,0.749,0.7498,-0.1067,5695.71,0.9078,1.8225,0,0,0.749,1.003,0.748,70783500,0.747,60696400,0.746,54726200,0.745,41999900,0.744,32662100,0.749,29237300,0.750,108697300,0.751,103389600,0.752,60119000,0.753,26815800
sh513130,09:36:24,1765157785520,09:37:24,1765157784884,0.749,0.7491,-0.0133,5695.71,0.9078,0.5528,9282100,6952292,0.749,1.01,0.749,3709500,0.748,70921700,0.747,60715600,0.746,56435400,0.745,42067100,0.750,108894200,0.751,103641400,0.752,60502700,0.753,26866100,0.754,15961800
sh513130,09:36:24,1765157786511,09:37:26,1765157786432,0.749,0.7491,-0.0133,5695.59,0.9078,1.293,0,0,0.749,0.991,0.749,3709500,0.748,70921700,0.747,60715600,0.746,56435400,0.745,42067100,0.750,108894200,0.751,103641400,0.752,60502700,0.753,26866100,0.754,15961800
sh513130,09:36:24,1765157787538,09:37:26,1765157787048,0.749,0.7491,-0.0133,5695.59,0.9078,1.3527,0,0,0.749,1.027,0.749,3709500,0.748,70921700,0.747,60715600,0.746,56435400,0.745,42067100,0.750,108894200,0.751,103641400,0.752,60502700,0.753,26866100,0.754,15961800
