symbol,tx_server_time,tx_local_time,bd_server_time,bd_local_time,price,iopv,premium_rate,index_price,fx_rate,sentiment,tick_vol,tick_amt,tick_vwap,interval_s,bp1,bv1,bp2,bv2,bp3,bv3,bp4,bv4,bp5,bv5,sp1,sv1,sp2,sv2,sp3,sv3,sp4,sv4,sp5,sv5,idx_delay_ms,fut_delay_ms,data_flags
sh513130,09:30:05,1767835807902,09:31:06,1767835807130,0.743,0.7437,-0.0941,5700.98,0.8981,4.6605,0,0,0.743,0.0,0.743,13894300,0.742,44116200,0.741,30241800,0.740,47467300,0.739,31866900,0.744,11932600,0.745,27233500,0.746,28472300,0.747,26166100,0.748,23985900,771,0,1
sh513130,09:30:05,1767835808883,09:31:08,1767835808784,0.743,0.7437,-0.0941,5700.45,0.8981,2.6621,0,0,0.743,0.981,0.743,13894300,0.742,44116200,0.741,30241800,0.740,47467300,0.739,31866900,0.744,11932600,0.745,27233500,0.746,28472300,0.747,26166100,0.748,23985900,99,0,0
sh513130,09:30:05,1767835809884,09:31:08,1767835808784,0.743,0.7437,-0.0941,5700.45,0.8981,4.3944,0,0,0.743,1.001,0.743,13894300,0.742,44116200,0.741,30241800,0.740,47467300,0.739,31866900,0.744,11932600,0.745,27233500,0.746,28472300,0.747,26166100,0.748,23985900,1100,0,0
sh513130,09:30:08,1767835810883,09:31:10,1767835810515,0.743,0.7424,0.0808,5699.79,0.8981,4.5736,7237200,5378673,0.7432,1.0,0.743,5396600,0.742,43206700,0.741,35813500,0.740,49452500,0.739,40150400,0.744,17405800,0.745,24572000,0.746,28810800,0.747,22175600,0.748,21309100,367,0,0
sh513130,09:30:08,1767835811884,09:31:10,1767835810949,0.743,0.7424,0.0808,5699.79,0.8981,4.8396,0,0,0.743,1.001,0.743,5396600,0.742,43206700,0.741,35813500,0.740,49452500,0.739,40150400,0.744,17405800,0.745,24572000,0.746,28810800,0.747,22175600,0.748,21309100,935,0,0
sh513130,09:30:11,1767835812883,09:31:12,1767835812517,0.744,0.7417,0.3101,5696.84,0.8981,4.362,535400,398056,0.7435,0.998,0.743,8970700,0.742,28996500,0.741,37566500,0.740,51221900,0.739,40619100,0.744,19235000,0.745,25717700,0.746,29437500,0.747,21496500,0.748,22229100,365,0,0
sh513130,09:30:11,1767835813882,09:31:12,1767835813115,0.744,0.7417,0.3101,5696.84,0.8981,3.5511,0,0,0.744,1.0,0.743,8970700,0.742,28996500,0.741,37566500,0.740,51221900,0.739,40619100,0.744,19235000,0.745,25717700,0.746,29437500,0.747,21496500,0.748,22229100,767,0,0
sh513130,09:30:11,1767835814885,09:31:14,1767835814541,0.744,0.7417,0.3101,5695.3,0.8981,3.7712,0,0,0.744,1.002,0.743,8970700,0.742,28996500,0.741,37566500,0.740,51221900,0.739,40619100,0.744,19235000,0.745,25717700,0.746,29437500,0.747,21496500,0.748,22229100,343,0,0
sh513130,09:30:11,1767835815884,09:31:14,1767835815294,0.744,0.7417,0.3101,5695.3,0.8981,4.4238,0,0,0.744,0.999,0.743,8970700,0.742,28996500,0.741,37566500,0.740,51221900,0.739,40619100,0.744,19235000,0.745,25717700,0.746,29437500,0.747,21496500,0.748,22229100,589,0,0
sh513130,09:30:14,1767835816887,09:31:16,1767835816521,0.743,0.7417,0.1753,5694.22,0.8981,4.409,7094000,5271194,0.743,1.004,0.743,5969700,0.742,27114400,0.741,38127900,0.740,54559700,0.739,40694700,0.744,19665100,0.745,26168600,0.746,29554600,0.747,22360100,0.748,22975900,366,0,0
sh513130,09:30:14,1767835817887,09:31:16,1767835817461,0.743,0.7417,0.1753,5694.22,0.8981,2.7255,0,0,0.743,1.0,0.743,5969700,0.742,27114400,0.741,38127900,0.740,54559700,0.739,40694700,0.744,19665100,0.745,26168600,0.746,29554600,0.747,22360100,0.748,22975900,425,0,0
sh513130,09:30:14,1767835818893,09:31:18,1767835818501,0.743,0.7417,0.1753,5691.23,0.8981,3.2725,0,0,0.743,1.005,0.743,5969700,0.742,27114400,0.741,38127900,0.740,54559700,0.739,40694700,0.744,19665100,0.745,26168600,0.746,29554600,0.747,22360100,0.748,22975900,391,0,0
sh513130,09:30:17,1767835819888,09:31:18,1767835819627,0.743,0.741,0.2699,5691.23,0.8981,3.2117,6964300,5174645,0.743,0.995,0.742,26960600,0.741,38659100,0.740,56075500,0.739,41209500,0.738,38914900,0.743,4790200,0.744,20967400,0.745,30379000,0.746,29595900,0.747,22727700,261,0,0
sh513130,09:30:17,1767835820897,09:31:20,1767835820499,0.743,0.741,0.2699,5686.54,0.8981,2.3922,0,0,0.743,1.009,0.742,26960600,0.741,38659100,0.740,56075500,0.739,41209500,0.738,38914900,0.743,4790200,0.744,20967400,0.745,30379000,0.746,29595900,0.747,22727700,397,0,0
sh513130,09:30:17,1767835821908,09:31:20,1767835821789,0.743,0.741,0.2699,5686.54,0.8981,2.2718,0,0,0.743,1.012,0.742,26960600,0.741,38659100,0.740,56075500,0.739,41209500,0.738,38914900,0.743,4790200,0.744,20967400,0.745,30379000,0.746,29595900,0.747,22727700,119,0,0
sh513130,09:30:20,1767835822897,09:31:22,1767835822505,0.743,0.741,0.2699,5685.06,0.8981,2.6446,883500,656440,0.743,0.989,0.742,27134700,0.741,36971500,0.740,58504100,0.739,42294100,0.738,39140900,0.743,14117600,0.744,21487300,0.745,30760500,0.746,27982800,0.747,24907600,392,0,0
sh513130,09:30:20,1767835823884,09:31:22,1767835822505,0.743,0.741,0.2699,5685.06,0.8981,2.3418,0,0,0.743,0.987,0.742,27134700,0.741,36971500,0.740,58504100,0.739,42294100,0.738,39140900,0.743,14117600,0.744,21487300,0.745,30760500,0.746,27982800,0.747,24907600,1379,0,0
sh513130,09:30:23,1767835824882,09:31:24,1767835824664,0.742,0.741,0.135,5681.84,0.8981,3.3843,2025100,1503318,0.7423,0.998,0.742,20416100,0.741,34039100,0.740,63205900,0.739,43516700,0.738,39368400,0.743,19589200,0.744,21668400,0.745,31761100,0.746,28078200,0.747,24903400,218,0,0
sh513130,09:30:23,1767835825883,09:31:24,1767835824664,0.742,0.741,0.135,5681.84,0.8981,4.6054,0,0,0.742,1.001,0.742,20416100,0.741,34039100,0.740,63205900,0.739,43516700,0.738,39368400,0.743,19589200,0.744,21668400,0.745,31761100,0.746,28078200,0.747,24903400,1219,0,0
sh513130,09:30:23,1767835826892,09:31:26,1767835826547,0.742,0.741,0.135,5684.25,0.8981,4.5265,0,0,0.742,1.009,0.742,20416100,0.741,34039100,0.740,63205900,0.739,43516700,0.738,39368400,0.743,19589200,0.744,21668400,0.745,31761100,0.746,28078200,0.747,24903400,345,0,0
sh513130,09:30:23,1767835827897,09:31:26,1767835826547,0.742,0.741,0.135,5684.25,0.8981,4.8127,0,0,0.742,1.005,0.742,20416100,0.741,34039100,0.740,63205900,0.739,43516700,0.738,39368400,0.743,19589200,0.744,21668400,0.745,31761100,0.746,28078200,0.747,24903400,1350,0,0
sh513130,09:30:26,1767835828905,09:31:28,1767835828715,0.743,0.7397,0.4461,5686.52,0.8981,4.7317,3617300,2686960,0.7428,1.008,0.742,19980800,0.741,35056000,0.740,62087500,0.739,44889700,0.738,39493400,0.743,21210800,0.744,22281700,0.745,32016200,0.746,29178200,0.747,25519700,188,0,0
sh513130,09:30:26,1767835829907,09:31:28,1767835828715,0.743,0.7397,0.4461,5686.52,0.8981,4.7001,0,0,0.743,1.003,0.742,19980800,0.741,35056000,0.740,62087500,0.739,44889700,0.738,39493400,0.743,21210800,0.744,22281700,0.745,32016200,0.746,29178200,0.747,25519700,1191,0,0
sh513130,09:30:26,1767835830911,09:31:30,1767835830535,0.743,0.7397,0.4461,5687.85,0.8981,4.4443,0,0,0.743,1.004,0.742,19980800,0.741,35056000,0.740,62087500,0.739,44889700,0.738,39493400,0.743,21210800,0.744,22281700,0.745,32016200,0.746,29178200,0.747,25519700,375,0,0
sh513130,09:30:29,1767835831914,09:31:30,1767835830535,0.743,0.7397,0.4461,5687.85,0.8981,3.6862,4707200,3493172,0.7421,1.003,0.742,16622000,0.741,28232000,0.740,59303400,0.739,49189800,0.738,41857800,0.743,29136100,0.744,20499700,0.745,30490800,0.746,27413600,0.747,27175100,1378,0,0
sh513130,09:30:29,1767835832926,09:31:32,1767835832624,0.743,0.7397,0.4461,5687.98,0.8981,3.6191,0,0,0.743,1.012,0.742,16622000,0.741,28232000,0.740,59303400,0.739,49189800,0.738,41857800,0.743,29136100,0.744,20499700,0.745,30490800,0.746,27413600,0.747,27175100,302,0,0
sh513130,09:30:32,1767835833924,09:31:32,1767835832624,0.742,0.7397,0.3109,5687.98,0.8981,4.3586,1754100,1302079,0.7423,0.998,0.742,15871600,0.741,27256300,0.740,53436800,0.739,48316100,0.738,42954600,0.743,24678200,0.744,21062600,0.745,31250300,0.746,27426100,0.747,27984800,1299,0,0
sh513130,09:30:32,1767835834919,09:31:34,1767835834787,0.742,0.7397,0.3109,5689.22,0.8981,4.2826,0,0,0.742,0.995,0.742,15871600,0.741,27256300,0.740,53436800,0.739,48316100,0.738,42954600,0.743,24678200,0.744,21062600,0.745,31250300,0.746,27426100,0.747,27984800,131,0,0
sh513130,09:30:32,1767835835923,09:31:34,1767835834787,0.742,0.7397,0.3109,5689.22,0.8981,5.1628,0,0,0.742,1.005,0.742,15871600,0.741,27256300,0.740,53436800,0.739,48316100,0.738,42954600,0.743,24678200,0.744,21062600,0.745,31250300,0.746,27426100,0.747,27984800,1135,0,0
sh513130,09:30:35,1767835836919,09:31:36,1767835836498,0.743,0.7397,0.4461,5691.64,0.8981,5.1594,15652600,11614756,0.742,0.995,0.742,2524900,0.741,27444300,0.740,57557200,0.739,42402500,0.738,47994200,0.743,21702600,0.744,21848000,0.745,29264400,0.746,27828400,0.747,28467900,420,0,0
sh513130,09:30:35,1767835837912,09:31:36,1767835836954,0.743,0.7397,0.4461,5691.64,0.8981,5.5809,0,0,0.743,0.994,0.742,2524900,0.741,27444300,0.740,57557200,0.739,42402500,0.738,47994200,0.743,21702600,0.744,21848000,0.745,29264400,0.746,27828400,0.747,28467900,958,0,0
sh513130,09:30:35,1767835838926,09:31:38,1767835838500,0.743,0.7397,0.4461,5691.06,0.8981,5.7171,0,0,0.743,1.014,0.742,2524900,0.741,27444300,0.740,57557200,0.739,42402500,0.738,47994200,0.743,21702600,0.744,21848000,0.745,29264400,0.746,27828400,0.747,28467900,426,0,0
sh513130,09:30:35,1767835839919,09:31:38,1767835839113,0.743,0.7397,0.4461,5691.06,0.8981,4.8847,0,0,0.743,0.993,0.742,2524900,0.741,27444300,0.740,57557200,0.739,42402500,0.738,47994200,0.743,21702600,0.744,21848000,0.745,29264400,0.746,27828400,0.747,28467900,805,0,0
sh513130,09:30:38,1767835840917,09:31:40,1767835840478,0.743,0.7397,0.4461,5692.85,0.8981,5.2189,3372200,2502800,0.7422,0.998,0.741,25813900,0.740,61042600,0.739,45419600,0.738,49045900,0.737,41584500,0.742,3637300,0.743,27175400,0.744,24383000,0.745,31561200,0.746,28091400,439,0,0
sh513130,09:30:38,1767835841919,09:31:40,1767835841289,0.743,0.7397,0.4461,5692.85,0.8981,4.8074,0,0,0.743,1.002,0.741,25813900,0.740,61042600,0.739,45419600,0.738,49045900,0.737,41584500,0.742,3637300,0.743,27175400,0.744,24383000,0.745,31561200,0.746,28091400,629,0,0
sh513130,09:30:41,1767835842927,09:31:42,1767835842514,0.742,0.7404,0.2161,5692.09,0.8981,3.7712,1056100,783573,0.7419,1.007,0.741,30791300,0.740,57774400,0.739,45418700,0.738,49207900,0.737,40603100,0.742,12417200,0.743,25710000,0.744,30961600,0.745,33155000,0.746,28168700,411,0,0
sh513130,09:30:41,1767835843928,09:31:42,1767835843472,0.742,0.7404,0.2161,5692.09,0.8981,3.7679,0,0,0.742,1.001,0.741,30791300,0.740,57774400,0.739,45418700,0.738,49207900,0.737,40603100,0.742,12417200,0.743,25710000,0.744,30961600,0.745,33155000,0.746,28168700,456,0,0
sh513130,09:30:41,1767835844936,09:31:44,1767835844451,0.742,0.7404,0.2161,5691.55,0.8981,4.3555,0,0,0.742,1.007,0.741,30791300,0.740,57774400,0.739,45418700,0.738,49207900,0.737,40603100,0.742,12417200,0.743,25710000,0.744,30961600,0.745,33155000,0.746,28168700,484,0,0
sh513130,09:30:41,1767835845929,09:31:44,1767835845657,0.742,0.7404,0.2161,5691.55,0.8981,4.2795,0,0,0.742,0.993,0.741,30791300,0.740,57774400,0.739,45418700,0.738,49207900,0.737,40603100,0.742,12417200,0.743,25710000,0.744,30961600,0.745,33155000,0.746,28168700,271,0,0
sh513130,09:30:44,1767835846928,09:31:46,1767835846473,0.742,0.7404,0.2161,5691.97,0.8981,3.4329,2134800,1583996,0.742,0.999,0.741,36368800,0.740,75184200,0.739,60663000,0.738,44244100,0.737,38636500,0.742,13464600,0.743,32919600,0.744,29784300,0.745,32991000,0.746,28258700,455,0,0
sh513130,09:30:44,1767835847941,09:31:46,1767835847826,0.742,0.7404,0.2161,5691.97,0.8981,3.9729,0,0,0.742,1.013,0.741,36368800,0.740,75184200,0.739,60663000,0.738,44244100,0.737,38636500,0.742,13464600,0.743,32919600,0.744,29784300,0.745,32991000,0.746,28258700,115,0,0
sh513130,09:30:44,1767835848931,09:31:48,1767835848511,0.742,0.7404,0.2161,5691.69,0.8981,3.486,0,0,0.742,0.99,0.741,36368800,0.740,75184200,0.739,60663000,0.738,44244100,0.737,38636500,0.742,13464600,0.743,32919600,0.744,29784300,0.745,32991000,0.746,28258700,420,0,0
sh513130,09:30:47,1767835849931,09:31:48,1767835848511,0.742,0.741,0.135,5691.69,0.8981,2.9468,2091700,1552041,0.742,0.999,0.741,57304000,0.740,77377200,0.739,60901800,0.738,43269100,0.737,37705000,0.742,8087000,0.743,30932200,0.744,28704300,0.745,33076200,0.746,29407300,1419,0,0
sh513130,09:30:47,1767835850941,09:31:50,1767835850468,0.742,0.741,0.135,5689.2,0.8981,3.5237,0,0,0.742,1.011,0.741,57304000,0.740,77377200,0.739,60901800,0.738,43269100,0.737,37705000,0.742,8087000,0.743,30932200,0.744,28704300,0.745,33076200,0.746,29407300,473,0,0
sh513130,09:30:50,1767835851941,09:31:50,1767835850468,0.742,0.741,0.135,5689.2,0.8981,2.3178,3367200,2497619,0.7417,1.0,0.741,55561300,0.740,77309100,0.739,41952600,0.738,42365400,0.737,37721900,0.742,11445600,0.743,25313100,0.744,28557800,0.745,34940400,0.746,29459300,1473,0,0
sh513130,09:30:50,1767835852941,09:31:52,1767835852504,0.742,0.741,0.135,5689.83,0.8981,2.1499,0,0,0.742,1.0,0.741,55561300,0.740,77309100,0.739,41952600,0.738,42365400,0.737,37721900,0.742,11445600,0.743,25313100,0.744,28557800,0.745,34940400,0.746,29459300,436,0,0
sh513130,09:30:50,1767835853938,09:31:52,1767835852504,0.742,0.741,0.135,5689.83,0.8981,1.6967,0,0,0.742,0.997,0.741,55561300,0.740,77309100,0.739,41952600,0.738,42365400,0.737,37721900,0.742,11445600,0.743,25313100,0.744,28557800,0.745,34940400,0.746,29459300,1433,0,0
sh513130,09:30:50,1767835854934,09:31:54,1767835854559,0.742,0.741,0.135,5688.54,0.8981,1.77,0,0,0.742,0.996,0.741,55561300,0.740,77309100,0.739,41952600,0.738,42365400,0.737,37721900,0.742,11445600,0.743,25313100,0.744,28557800,0.745,34940400,0.746,29459300,375,0,0
sh513130,09:30:53,1767835855929,09:31:54,1767835854559,0.742,0.7404,0.2161,5688.54,0.8981,1.6496,3923900,2910895,0.7418,0.994,0.741,52557500,0.740,74572000,0.739,42986600,0.738,43394400,0.737,40756900,0.742,18122700,0.743,31694600,0.744,29565700,0.745,35000400,0.746,28076900,1369,0,0
sh513130,09:30:53,1767835856942,09:31:56,1767835856549,0.742,0.7404,0.2161,5688.82,0.8981,3.8297,0,0,0.742,1.014,0.741,52557500,0.740,74572000,0.739,42986600,0.738,43394400,0.737,40756900,0.742,18122700,0.743,31694600,0.744,29565700,0.745,35000400,0.746,28076900,393,0,0
sh513130,09:30:56,1767835857955,09:31:56,1767835856549,0.742,0.7397,0.3109,5688.82,0.8981,3.8203,2577800,1912021,0.7417,1.013,0.741,53388300,0.740,74642900,0.739,42993000,0.738,44394400,0.737,40866400,0.742,10570500,0.743,32862200,0.744,29690900,0.745,35320000,0.746,28148100,1405,0,0
sh513130,09:30:56,1767835858947,09:31:58,1767835858692,0.742,0.7397,0.3109,5688.64,0.8981,5.3556,0,0,0.742,0.992,0.741,53388300,0.740,74642900,0.739,42993000,0.738,44394400,0.737,40866400,0.742,10570500,0.743,32862200,0.744,29690900,0.745,35320000,0.746,28148100,255,0,0
sh513130,09:30:56,1767835859964,09:31:58,1767835858692,0.742,0.7397,0.3109,5688.64,0.8981,4.3904,0,0,0.742,1.017,0.741,53388300,0.740,74642900,0.739,42993000,0.738,44394400,0.737,40866400,0.742,10570500,0.743,32862200,0.744,29690900,0.745,35320000,0.746,28148100,1271,0,0
sh513130,09:30:59,1767835860954,09:32:00,1767835860861,0.742,0.7397,0.3109,5687.37,0.8981,3.6678,41546300,30787564,0.741,0.99,0.741,18230900,0.740,93362300,0.739,59031400,0.738,61507400,0.737,40892500,0.742,9443800,0.743,33149800,0.744,29101100,0.745,35136700,0.746,28148100,93,0,0
sh513130,09:30:59,1767835861943,09:32:00,1767835860861,0.742,0.7397,0.3109,5687.37,0.8981,3.6311,0,0,0.742,0.989,0.741,18230900,0.740,93362300,0.739,59031400,0.738,61507400,0.737,40892500,0.742,9443800,0.743,33149800,0.744,29101100,0.745,35136700,0.746,28148100,1082,0,0
sh513130,09:30:59,1767835862956,09:32:02,1767835862501,0.742,0.7397,0.3109,5687.09,0.8981,4.6935,0,0,0.742,1.012,0.741,18230900,0.740,93362300,0.739,59031400,0.738,61507400,0.737,40892500,0.742,9443800,0.743,33149800,0.744,29101100,0.745,35136700,0.746,28148100,454,0,0
sh513130,09:31:02,1767835863951,09:32:02,1767835863033,0.741,0.7404,0.081,5687.09,0.8981,3.8228,10267900,7608787,0.741,0.995,0.741,15243100,0.740,79601400,0.739,59088000,0.738,61522200,0.737,55868700,0.742,11222200,0.743,34926600,0.744,29079500,0.745,31141600,0.746,28148100,916,0,0
sh513130,09:31:02,1767835864949,09:32:04,1767835864592,0.741,0.7404,0.081,5685.63,0.8981,5.9004,0,0,0.741,0.998,0.741,15243100,0.740,79601400,0.739,59088000,0.738,61522200,0.737,55868700,0.742,11222200,0.743,34926600,0.744,29079500,0.745,31141600,0.746,28148100,357,0,0
sh513130,09:31:02,1767835865950,09:32:04,1767835865209,0.741,0.7404,0.081,5685.63,0.8981,5.8846,0,0,0.741,1.0,0.741,15243100,0.740,79601400,0.739,59088000,0.738,61522200,0.737,55868700,0.742,11222200,0.743,34926600,0.744,29079500,0.745,31141600,0.746,28148100,740,0,0
sh513130,09:31:05,1767835866949,09:32:06,1767835866494,0.741,0.7404,0.081,5684.02,0.8981,5.0621,15178700,11247692,0.741,1.0,0.740,79791800,0.739,76073100,0.738,60523500,0.737,55878700,0.736,32892300,0.741,12471500,0.742,18374500,0.743,34492600,0.744,27840500,0.745,31137800,455,0,0
sh513130,09:31:05,1767835867947,09:32:06,1767835867383,0.741,0.7404,0.081,5684.02,0.8981,4.4954,0,0,0.741,0.997,0.740,79791800,0.739,76073100,0.738,60523500,0.737,55878700,0.736,32892300,0.741,12471500,0.742,18374500,0.743,34492600,0.744,27840500,0.745,31137800,563,0,0
sh513130,09:31:05,1767835868946,09:32:08,1767835868552,0.741,0.7404,0.081,5680.42,0.8981,3.4507,0,0,0.741,0.999,0.740,79791800,0.739,76073100,0.738,60523500,0.737,55878700,0.736,32892300,0.741,12471500,0.742,18374500,0.743,34492600,0.744,27840500,0.745,31137800,393,0,0
sh513130,09:31:05,1767835869944,09:32:08,1767835869553,0.741,0.7404,0.081,5680.42,0.8981,3.2046,0,0,0.741,0.998,0.740,79791800,0.739,76073100,0.738,60523500,0.737,55878700,0.736,32892300,0.741,12471500,0.742,18374500,0.743,34492600,0.744,27840500,0.745,31137800,391,0,0
sh513130,09:31:08,1767835870953,09:32:10,1767835870500,0.741,0.7397,0.1757,5684.97,0.8981,3.157,558100,413536,0.741,1.009,0.740,74586000,0.739,77691400,0.738,60554500,0.737,56888700,0.736,33913300,0.741,17789300,0.742,28222700,0.743,36772500,0.744,25896300,0.745,31045800,453,0,0
sh513130,09:31:08,1767835871953,09:32:10,1767835871738,0.741,0.7397,0.1757,5684.97,0.8981,6.3343,0,0,0.741,1.0,0.740,74586000,0.739,77691400,0.738,60554500,0.737,56888700,0.736,33913300,0.741,17789300,0.742,28222700,0.743,36772500,0.744,25896300,0.745,31045800,215,0,0
sh513130,09:31:08,1767835872950,09:32:12,1767835872556,0.741,0.7397,0.1757,5683.12,0.8981,5.0956,0,0,0.741,0.997,0.740,74586000,0.739,77691400,0.738,60554500,0.737,56888700,0.736,33913300,0.741,17789300,0.742,28222700,0.743,36772500,0.744,25896300,0.745,31045800,394,0,0
sh513130,09:31:11,1767835873948,09:32:12,1767835873916,0.741,0.739,0.2706,5683.12,0.8981,4.0486,9490400,7032427,0.741,0.998,0.741,20135900,0.740,79572000,0.739,78236500,0.738,60559500,0.737,56096700,0.742,31327000,0.743,41086400,0.744,25806500,0.745,31045800,0.746,28199400,32,0,0
sh513130,09:31:11,1767835874959,09:32:14,1767835874505,0.741,0.739,0.2706,5683.94,0.8981,4.1429,0,0,0.741,1.01,0.741,20135900,0.740,79572000,0.739,78236500,0.738,60559500,0.737,56096700,0.742,31327000,0.743,41086400,0.744,25806500,0.745,31045800,0.746,28199400,453,0,0
sh513130,09:31:11,1767835875961,09:32:14,1767835874505,0.741,0.739,0.2706,5683.94,0.8981,5.2652,0,0,0.741,1.002,0.741,20135900,0.740,79572000,0.739,78236500,0.738,60559500,0.737,56096700,0.742,31327000,0.743,41086400,0.744,25806500,0.745,31045800,0.746,28199400,1456,0,0
sh513130,09:31:14,1767835876972,09:32:16,1767835876506,0.741,0.739,0.2706,5684.58,0.8981,5.2624,3427500,2539125,0.7408,1.011,0.740,77490100,0.739,78276700,0.738,60412500,0.737,56097700,0.736,30926300,0.741,867800,0.742,35831300,0.743,43573000,0.744,27772600,0.745,31295300,466,0,0
sh513130,09:31:14,1767835877971,09:32:16,1767835876506,0.741,0.739,0.2706,5684.58,0.8981,4.6519,0,0,0.741,0.999,0.740,77490100,0.739,78276700,0.738,60412500,0.737,56097700,0.736,30926300,0.741,867800,0.742,35831300,0.743,43573000,0.744,27772600,0.745,31295300,1464,0,0
sh513130,09:31:14,1767835878959,09:32:18,1767835878502,0.741,0.739,0.2706,5685.1,0.8981,2.7588,0,0,0.741,0.988,0.740,77490100,0.739,78276700,0.738,60412500,0.737,56097700,0.736,30926300,0.741,867800,0.742,35831300,0.743,43573000,0.744,27772600,0.745,31295300,456,0,0
sh513130,09:31:17,1767835879962,09:32:18,1767835878502,0.741,0.7394,0.2164,5685.1,0.8981,2.7095,12908500,9565158,0.741,1.003,0.741,221600,0.740,82736800,0.739,78296700,0.738,60414500,0.737,56108000,0.742,34258400,0.743,42265700,0.744,27877000,0.745,31095300,0.746,28199400,1459,0,0
sh513130,09:31:17,1767835880967,09:32:20,1767835880511,0.741,0.7394,0.2164,5688.34,0.8981,2.0089,0,0,0.741,1.005,0.741,221600,0.740,82736800,0.739,78296700,0.738,60414500,0.737,56108000,0.742,34258400,0.743,42265700,0.744,27877000,0.745,31095300,0.746,28199400,456,0,0
sh513130,09:31:20,1767835881972,09:32:20,1767835880511,0.741,0.7394,0.2164,5688.34,0.8981,3.2692,1151400,853193,0.741,1.005,0.741,27258000,0.740,79863200,0.739,78301800,0.738,60439800,0.737,56148300,0.742,37070000,0.743,53446400,0.744,28101500,0.745,31278800,0.746,28199400,1461,0,0
sh513130,09:31:20,1767835882973,09:32:22,1767835882611,0.741,0.7394,0.2164,5686.72,0.8981,3.1298,0,0,0.741,1.001,0.741,27258000,0.740,79863200,0.739,78301800,0.738,60439800,0.737,56148300,0.742,37070000,0.743,53446400,0.744,28101500,0.745,31278800,0.746,28199400,360,0,0
sh513130,09:31:20,1767835883966,09:32:22,1767835882611,0.741,0.7394,0.2164,5686.72,0.8981,2.1946,0,0,0.741,0.993,0.741,27258000,0.740,79863200,0.739,78301800,0.738,60439800,0.737,56148300,0.742,37070000,0.743,53446400,0.744,28101500,0.745,31278800,0.746,28199400,1354,0,0
sh513130,09:31:20,1767835884968,09:32:24,1767835884775,0.741,0.7394,0.2164,5686.15,0.8981,2.2207,0,0,0.741,1.002,0.741,27258000,0.740,79863200,0.739,78301800,0.738,60439800,0.737,56148300,0.742,37070000,0.743,53446400,0.744,28101500,0.745,31278800,0.746,28199400,192,0,0
sh513130,09:31:23,1767835885960,09:32:24,1767835884775,0.741,0.7394,0.2164,5686.15,0.8981,2.5563,1674000,1240603,0.7411,0.992,0.741,3448400,0.740,80084000,0.739,78312500,0.738,60523100,0.737,56148300,0.742,37783400,0.743,53550900,0.744,28107100,0.745,31287600,0.746,28199400,1184,0,0
sh513130,09:31:23,1767835886955,09:32:26,1767835886941,0.741,0.7394,0.2164,5686.66,0.8981,3.6391,0,0,0.741,0.995,0.741,3448400,0.740,80084000,0.739,78312500,0.738,60523100,0.737,56148300,0.742,37783400,0.743,53550900,0.744,28107100,0.745,31287600,0.746,28199400,14,0,0
sh513130,09:31:23,1767835887945,09:32:26,1767835886941,0.741,0.7394,0.2164,5686.66,0.8981,3.4347,0,0,0.741,0.99,0.741,3448400,0.740,80084000,0.739,78312500,0.738,60523100,0.737,56148300,0.742,37783400,0.743,53550900,0.744,28107100,0.745,31287600,0.746,28199400,1004,0,0
sh513130,09:31:26,1767835888956,09:32:28,1767835888476,0.741,0.7394,0.2164,5686.36,0.8981,3.1564,564200,418077,0.741,1.011,0.741,29371800,0.740,80348000,0.739,78362500,0.738,60590800,0.737,56240600,0.742,37936900,0.743,54094600,0.744,28107100,0.745,31288100,0.746,28199400,479,0,0
sh513130,09:31:26,1767835889955,09:32:28,1767835889106,0.741,0.7394,0.2164,5686.36,0.8981,3.8162,0,0,0.741,0.999,0.741,29371800,0.740,80348000,0.739,78362500,0.738,60590800,0.737,56240600,0.742,37936900,0.743,54094600,0.744,28107100,0.745,31288100,0.746,28199400,849,0,0
sh513130,09:31:26,1767835890948,09:32:30,1767835890480,0.741,0.7394,0.2164,5686.67,0.8981,3.8168,0,0,0.741,0.993,0.741,29371800,0.740,80348000,0.739,78362500,0.738,60590800,0.737,56240600,0.742,37936900,0.743,54094600,0.744,28107100,0.745,31288100,0.746,28199400,468,0,0
sh513130,09:31:29,1767835891945,09:32:30,1767835891278,0.742,0.7394,0.3516,5686.67,0.8981,5.6133,669200,495977,0.7411,0.997,0.741,25112400,0.740,81772400,0.739,78363500,0.738,60626300,0.737,56244600,0.742,41323000,0.743,55244600,0.744,28097600,0.745,31318100,0.746,28199400,666,0,0
sh513130,09:31:29,1767835892948,09:32:32,1767835892525,0.742,0.7394,0.3516,5686.39,0.8981,5.6031,0,0,0.742,1.003,0.741,25112400,0.740,81772400,0.739,78363500,0.738,60626300,0.737,56244600,0.742,41323000,0.743,55244600,0.744,28097600,0.745,31318100,0.746,28199400,423,0,0
sh513130,09:31:32,1767835893957,09:32:32,1767835893452,0.742,0.7394,0.3516,5686.39,0.8981,4.9743,6768900,5015909,0.741,1.008,0.741,35291400,0.740,82066900,0.739,78478500,0.738,60648300,0.737,56253600,0.742,42545200,0.743,55248100,0.744,28084100,0.745,31470000,0.746,28199400,505,0,0
sh513130,09:31:32,1767835894955,09:32:34,1767835894484,0.742,0.7394,0.3516,5685.99,0.8981,4.813,0,0,0.742,0.998,0.741,35291400,0.740,82066900,0.739,78478500,0.738,60648300,0.737,56253600,0.742,42545200,0.743,55248100,0.744,28084100,0.745,31470000,0.746,28199400,470,0,0
sh513130,09:31:32,1767835895948,09:32:34,1767835895627,0.742,0.7394,0.3516,5685.99,0.8981,5.3868,0,0,0.742,0.993,0.741,35291400,0.740,82066900,0.739,78478500,0.738,60648300,0.737,56253600,0.742,42545200,0.743,55248100,0.744,28084100,0.745,31470000,0.746,28199400,320,0,0
sh513130,09:31:35,1767835896945,09:32:36,1767835896495,0.741,0.7394,0.2164,5685.06,0.8981,4.5912,74500,55222,0.7412,0.997,0.741,21907000,0.740,97384000,0.739,78453900,0.738,60688500,0.737,41268700,0.742,44205400,0.743,55243100,0.744,26922500,0.745,31470000,0.746,28204400,449,0,0
sh513130,09:31:35,1767835897943,09:32:36,1767835897798,0.741,0.7394,0.2164,5685.06,0.8981,4.2486,0,0,0.741,0.998,0.741,21907000,0.740,97384000,0.739,78453900,0.738,60688500,0.737,41268700,0.742,44205400,0.743,55243100,0.744,26922500,0.745,31470000,0.746,28204400,144,0,0
sh513130,09:31:35,1767835898937,09:32:38,1767835898465,0.741,0.7394,0.2164,5685.93,0.8981,4.2998,0,0,0.741,0.994,0.741,21907000,0.740,97384000,0.739,78453900,0.738,60688500,0.737,41268700,0.742,44205400,0.743,55243100,0.744,26922500,0.745,31470000,0.746,28204400,471,0,0
sh513130,09:31:35,1767835899938,09:32:38,1767835898465,0.741,0.7394,0.2164,5685.93,0.8981,3.6837,0,0,0.741,1.001,0.741,21907000,0.740,97384000,0.739,78453900,0.738,60688500,0.737,41268700,0.742,44205400,0.743,55243100,0.744,26922500,0.745,31470000,0.746,28204400,1472,0,0
sh513130,09:31:38,1767835900929,09:32:40,1767835900478,0.741,0.7394,0.2164,5683.99,0.8981,3.6428,7133600,5286040,0.741,0.991,0.741,441900,0.740,82698500,0.739,78489900,0.738,60688500,0.737,56559500,0.742,43317400,0.743,38667600,0.744,26861700,0.745,31260000,0.746,28237400,450,0,0
sh513130,09:31:38,1767835901936,09:32:40,1767835900478,0.741,0.7394,0.2164,5683.99,0.8981,4.2978,0,0,0.741,1.008,0.741,441900,0.740,82698500,0.739,78489900,0.738,60688500,0.737,56559500,0.742,43317400,0.743,38667600,0.744,26861700,0.745,31260000,0.746,28237400,1458,0,0
sh513130,09:31:38,1767835902932,09:32:42,1767835902524,0.741,0.7394,0.2164,5681.96,0.8981,6.1924,0,0,0.741,0.995,0.741,441900,0.740,82698500,0.739,78489900,0.738,60688500,0.737,56559500,0.742,43317400,0.743,38667600,0.744,26861700,0.745,31260000,0.746,28237400,407,0,0
sh513130,09:31:41,1767835903927,09:32:42,1767835902524,0.741,0.7388,0.2978,5681.96,0.8981,5.8058,1650900,1223317,0.741,0.996,0.740,82754100,0.739,77510400,0.738,60808500,0.737,57549500,0.736,32392500,0.741,9511200,0.742,37998800,0.743,38667600,0.744,27011400,0.745,31353200,1403,0,0
sh513130,09:31:41,1767835904935,09:32:44,1767835904505,0.741,0.7388,0.2978,5683.79,0.8981,4.5315,0,0,0.741,1.008,0.740,82754100,0.739,77510400,0.738,60808500,0.737,57549500,0.736,32392500,0.741,9511200,0.742,37998800,0.743,38667600,0.744,27011400,0.745,31353200,430,0,0
sh513130,09:31:44,1767835905930,09:32:44,1767835904505,0.741,0.7388,0.2978,5683.79,0.8981,4.3923,2743400,2032847,0.741,0.995,0.740,83337900,0.739,74647200,0.738,60874500,0.737,57680900,0.736,35530300,0.741,24342800,0.742,33749600,0.743,38821100,0.744,28016500,0.745,31753200,1425,0,0
sh513130,09:31:44,1767835906940,09:32:46,1767835906513,0.741,0.7388,0.2978,5682.65,0.8981,4.3825,0,0,0.741,1.01,0.740,83337900,0.739,74647200,0.738,60874500,0.737,57680900,0.736,35530300,0.741,24342800,0.742,33749600,0.743,38821100,0.744,28016500,0.745,31753200,427,0,0
sh513130,09:31:44,1767835907955,09:32:46,1767835906513,0.741,0.7388,0.2978,5682.65,0.8981,4.7261,0,0,0.741,1.015,0.740,83337900,0.739,74647200,0.738,60874500,0.737,57680900,0.736,35530300,0.741,24342800,0.742,33749600,0.743,38821100,0.744,28016500,0.745,31753200,1442,0,0
sh513130,09:31:44,1767835908936,09:32:48,1767835908681,0.741,0.7388,0.2978,5683.31,0.8981,6.6407,0,0,0.741,0.981,0.740,83337900,0.739,74647200,0.738,60874500,0.737,57680900,0.736,35530300,0.741,24342800,0.742,33749600,0.743,38821100,0.744,28016500,0.745,31753200,255,0,0
sh513130,09:31:47,1767835909942,09:32:48,1767835908681,0.741,0.7388,0.2978,5683.31,0.8981,6.232,732100,542486,0.741,1.006,0.740,83569800,0.739,77647200,0.738,60966200,0.737,57680900,0.736,32579500,0.741,26567400,0.742,35453000,0.743,38771300,0.744,28016500,0.745,31713200,1261,0,0
sh513130,09:31:47,1767835910946,09:32:50,1767835910854,0.741,0.7388,0.2978,5682.24,0.8981,5.4989,0,0,0.741,1.003,0.740,83569800,0.739,77647200,0.738,60966200,0.737,57680900,0.736,32579500,0.741,26567400,0.742,35453000,0.743,38771300,0.744,28016500,0.745,31713200,91,0,0
sh513130,09:31:50,1767835911956,09:32:50,1767835910854,0.741,0.7388,0.2978,5682.24,0.8981,3.5581,1133400,839822,0.741,1.011,0.740,84056800,0.739,77975200,0.738,61063200,0.737,57680900,0.736,32581600,0.741,13119800,0.742,35642000,0.743,57372000,0.744,28025200,0.745,31766200,1102,0,0
sh513130,09:31:50,1767835912960,09:32:52,1767835912505,0.741,0.7388,0.2978,5683.83,0.8981,3.5846,0,0,0.741,1.004,0.740,84056800,0.739,77975200,0.738,61063200,0.737,57680900,0.736,32581600,0.741,13119800,0.742,35642000,0.743,57372000,0.744,28025200,0.745,31766200,454,0,0
sh513130,09:31:50,1767835913961,09:32:52,1767835913019,0.741,0.7388,0.2978,5683.83,0.8981,2.7905,0,0,0.741,1.002,0.740,84056800,0.739,77975200,0.738,61063200,0.737,57680900,0.736,32581600,0.741,13119800,0.742,35642000,0.743,57372000,0.744,28025200,0.745,31766200,942,0,0
sh513130,09:31:53,1767835914966,09:32:54,1767835914496,0.741,0.7388,0.2978,5684.67,0.8981,2.7663,4947800,3666320,0.741,1.004,0.741,14336800,0.740,84352400,0.739,78095400,0.738,61219600,0.737,56832600,0.742,35837400,0.743,57372000,0.744,28125200,0.745,31766200,0.746,28257400,469,0,0
sh513130,09:31:53,1767835915959,09:32:54,1767835915187,0.741,0.7388,0.2978,5684.67,0.8981,6.8867,0,0,0.741,0.993,0.741,14336800,0.740,84352400,0.739,78095400,0.738,61219600,0.737,56832600,0.742,35837400,0.743,57372000,0.744,28125200,0.745,31766200,0.746,28257400,772,0,0
sh513130,09:31:53,1767835916957,09:32:56,1767835916496,0.741,0.7388,0.2978,5684.45,0.8981,5.626,0,0,0.741,0.998,0.741,14336800,0.740,84352400,0.739,78095400,0.738,61219600,0.737,56832600,0.742,35837400,0.743,57372000,0.744,28125200,0.745,31766200,0.746,28257400,459,0,0
sh513130,09:31:56,1767835917947,09:32:56,1767835917354,0.74,0.7394,0.0811,5684.45,0.8981,5.3352,1011100,749176,0.741,0.99,0.740,84638100,0.739,79137400,0.738,61225100,0.737,56886500,0.736,32421400,0.741,8457900,0.742,35284900,0.743,57261500,0.744,28082200,0.745,31966200,592,0,0
sh513130,09:31:56,1767835918948,09:32:58,1767835918480,0.74,0.7394,0.0811,5684.79,0.8981,4.9381,0,0,0.74,1.001,0.740,84638100,0.739,79137400,0.738,61225100,0.737,56886500,0.736,32421400,0.741,8457900,0.742,35284900,0.743,57261500,0.744,28082200,0.745,31966200,468,0,0
sh513130,09:31:56,1767835919943,09:32:58,1767835919513,0.74,0.7394,0.0811,5684.79,0.8981,4.9549,0,0,0.74,0.995,0.740,84638100,0.739,79137400,0.738,61225100,0.737,56886500,0.736,32421400,0.741,8457900,0.742,35284900,0.743,57261500,0.744,28082200,0.745,31966200,429,0,0
sh513130,09:31:59,1767835920947,09:33:00,1767835920557,0.741,0.7394,0.2164,5685.05,0.8981,4.8983,2897700,2147200,0.741,1.004,0.740,85816300,0.739,79455800,0.738,61566400,0.737,58095400,0.736,32421500,0.741,455200,0.742,34224800,0.743,56261500,0.744,28099800,0.745,31774500,390,0,0
sh513130,09:31:59,1767835921945,09:33:00,1767835921684,0.741,0.7394,0.2164,5685.05,0.8981,4.8164,0,0,0.741,0.997,0.740,85816300,0.739,79455800,0.738,61566400,0.737,58095400,0.736,32421500,0.741,455200,0.742,34224800,0.743,56261500,0.744,28099800,0.745,31774500,260,0,0
sh513130,09:31:59,1767835922953,09:33:02,1767835922468,0.741,0.7394,0.2164,5684.3,0.8981,3.7107,0,0,0.741,1.009,0.740,85816300,0.739,79455800,0.738,61566400,0.737,58095400,0.736,32421500,0.741,455200,0.742,34224800,0.743,56261500,0.744,28099800,0.745,31774500,485,0,0
sh513130,09:32:02,1767835923955,09:33:02,1767835923866,0.74,0.7394,0.0811,5684.3,0.8981,3.4744,7093500,5255739,0.7409,1.001,0.740,81945900,0.739,79485100,0.738,61620400,0.737,58287600,0.736,32472800,0.741,11717400,0.742,33041000,0.743,44375600,0.744,28112300,0.745,31814500,89,0,0
sh513130,09:32:02,1767835924947,09:33:04,1767835924493,0.74,0.7394,0.0811,5681.83,0.8981,5.1901,0,0,0.74,0.992,0.740,81945900,0.739,79485100,0.738,61620400,0.737,58287600,0.736,32472800,0.741,11717400,0.742,33041000,0.743,44375600,0.744,28112300,0.745,31814500,453,0,0
sh513130,09:32:02,1767835925944,09:33:04,1767835924493,0.74,0.7394,0.0811,5681.83,0.8981,3.7972,0,0,0.74,0.997,0.740,81945900,0.739,79485100,0.738,61620400,0.737,58287600,0.736,32472800,0.741,11717400,0.742,33041000,0.743,44375600,0.744,28112300,0.745,31814500,1451,0,0
sh513130,09:32:02,1767835926945,09:33:06,1767835926505,0.74,0.7394,0.0811,5682.79,0.8981,3.3161,0,0,0.74,1.0,0.740,81945900,0.739,79485100,0.738,61620400,0.737,58287600,0.736,32472800,0.741,11717400,0.742,33041000,0.743,44375600,0.744,28112300,0.745,31814500,439,0,0
sh513130,09:32:05,1767835927944,09:33:06,1767835926505,0.74,0.7394,0.0811,5682.79,0.8981,3.1675,1098100,813407,0.7407,0.999,0.740,86783300,0.739,79854900,0.738,62762600,0.737,58533600,0.736,32589000,0.741,13349300,0.742,27467200,0.743,40735700,0.744,24112300,0.745,32092700,1438,0,0
sh513130,09:32:05,1767835928953,09:33:06,1767835928208,0.74,0.7394,0.0811,5682.79,0.8981,3.3927,0,0,0.74,1.009,0.740,86783300,0.739,79854900,0.738,62762600,0.737,58533600,0.736,32589000,0.741,13349300,0.742,27467200,0.743,40735700,0.744,24112300,0.745,32092700,745,0,0
sh513130,09:32:05,1767835929957,09:33:08,1767835929211,0.74,0.7394,0.0811,5682.36,0.8981,3.9603,0,0,0.74,1.004,0.740,86783300,0.739,79854900,0.738,62762600,0.737,58533600,0.736,32589000,0.741,13349300,0.742,27467200,0.743,40735700,0.744,24112300,0.745,32092700,745,0,0
sh513130,09:32:08,1767835930952,09:33:10,1767835930670,0.741,0.7394,0.2164,5681.93,0.8981,4.4333,425500,315167,0.7407,0.995,0.740,86409300,0.739,79927400,0.738,62930600,0.737,58435400,0.736,32602000,0.741,13119100,0.742,27496900,0.743,41735700,0.744,26112300,0.745,32097700,282,0,0
sh513130,09:32:08,1767835931949,09:33:10,1767835930670,0.741,0.7394,0.2164,5681.93,0.8981,3.0809,0,0,0.741,0.997,0.740,86409300,0.739,79927400,0.738,62930600,0.737,58435400,0.736,32602000,0.741,13119100,0.742,27496900,0.743,41735700,0.744,26112300,0.745,32097700,1278,0,0
sh513130,09:32:11,1767835932955,09:33:12,1767835932571,0.741,0.7387,0.3114,5682.05,0.8981,1.037,388600,287812,0.7406,1.005,0.740,86381600,0.739,80647400,0.738,63349500,0.737,58409300,0.736,32808700,0.741,16897200,0.742,27528400,0.743,40617300,0.744,24112300,0.745,31879700,383,0,0
sh513130,09:32:11,1767835933948,09:33:12,1767835932571,0.741,0.7387,0.3114,5682.05,0.8981,3.2318,0,0,0.741,0.994,0.740,86381600,0.739,80647400,0.738,63349500,0.737,58409300,0.736,32808700,0.741,16897200,0.742,27528400,0.743,40617300,0.744,24112300,0.745,31879700,1376,0,0
sh513130,09:32:11,1767835934943,09:33:14,1767835934751,0.741,0.7387,0.3114,5683.21,0.8981,4.89,0,0,0.741,0.994,0.740,86381600,0.739,80647400,0.738,63349500,0.737,58409300,0.736,32808700,0.741,16897200,0.742,27528400,0.743,40617300,0.744,24112300,0.745,31879700,191,0,0
sh513130,09:32:11,1767835935932,09:33:14,1767835934751,0.741,0.7387,0.3114,5683.21,0.8981,4.8042,0,0,0.741,0.989,0.740,86381600,0.739,80647400,0.738,63349500,0.737,58409300,0.736,32808700,0.741,16897200,0.742,27528400,0.743,40617300,0.744,24112300,0.745,31879700,1180,0,0
sh513130,09:32:14,1767835936918,09:33:16,1767835936913,0.741,0.7387,0.3114,5684.06,0.8981,4.7232,463100,343045,0.7408,0.986,0.740,87473100,0.739,80806300,0.738,63264600,0.737,58459500,0.736,33130200,0.741,11766200,0.742,30599700,0.743,40930900,0.744,26460500,0.745,31899700,4,0,0
sh513130,09:32:14,1767835937913,09:33:16,1767835936913,0.741,0.7387,0.3114,5684.06,0.8981,5.1449,0,0,0.741,0.995,0.740,87473100,0.739,80806300,0.738,63264600,0.737,58459500,0.736,33130200,0.741,11766200,0.742,30599700,0.743,40930900,0.744,26460500,0.745,31899700,999,0,0
sh513130,09:32:14,1767835938913,09:33:18,1767835938467,0.741,0.7387,0.3114,5684.96,0.8981,7.7767,0,0,0.741,1.0,0.740,87473100,0.739,80806300,0.738,63264600,0.737,58459500,0.736,33130200,0.741,11766200,0.742,30599700,0.743,40930900,0.744,26460500,0.745,31899700,445,0,0
sh513130,09:32:17,1767835939915,09:33:18,1767835939080,0.74,0.7387,0.176,5684.96,0.8981,7.6932,543200,402330,0.7407,1.003,0.740,87703200,0.739,80917800,0.738,63380900,0.737,58571900,0.736,33183400,0.741,6036400,0.742,31379400,0.743,53768000,0.744,26510500,0.745,31879100,835,0,0
sh513130,09:32:17,1767835940922,09:33:20,1767835940514,0.74,0.7387,0.176,5684.44,0.8981,7.8024,0,0,0.74,1.007,0.740,87703200,0.739,80917800,0.738,63380900,0.737,58571900,0.736,33183400,0.741,6036400,0.742,31379400,0.743,53768000,0.744,26510500,0.745,31879100,408,0,0
sh513130,09:32:17,1767835941921,09:33:20,1767835941255,0.74,0.7387,0.176,5684.44,0.8981,7.2163,0,0,0.74,0.998,0.740,87703200,0.739,80917800,0.738,63380900,0.737,58571900,0.736,33183400,0.741,6036400,0.742,31379400,0.743,53768000,0.744,26510500,0.745,31879100,665,0,0
sh513130,09:32:20,1767835942922,09:33:22,1767835942539,0.74,0.7387,0.176,5685.35,0.8981,6.3047,1269000,939415,0.7403,1.002,0.740,87740100,0.739,81028600,0.738,63384100,0.737,58506400,0.736,33183400,0.741,20261100,0.742,27931000,0.743,39915100,0.744,26510500,0.745,31879500,383,0,0
sh513130,09:32:20,1767835943917,09:33:22,1767835943428,0.74,0.7387,0.176,5685.35,0.8981,5.5953,0,0,0.74,0.995,0.740,87740100,0.739,81028600,0.738,63384100,0.737,58506400,0.736,33183400,0.741,20261100,0.742,27931000,0.743,39915100,0.744,26510500,0.745,31879500,488,0,0
sh513130,09:32:20,1767835944917,09:33:24,1767835944464,0.74,0.7387,0.176,5685.03,0.8981,5.5836,0,0,0.74,1.0,0.740,87740100,0.739,81028600,0.738,63384100,0.737,58506400,0.736,33183400,0.741,20261100,0.742,27931000,0.743,39915100,0.744,26510500,0.745,31879500,452,0,0
sh513130,09:32:23,1767835945913,09:33:24,1767835945597,0.741,0.7387,0.3114,5685.03,0.8981,6.1702,1233700,914063,0.7409,0.996,0.740,89860300,0.739,81077600,0.738,63456300,0.737,58548200,0.736,33196900,0.741,19284900,0.742,27631400,0.743,39690100,0.744,26510500,0.745,30309500,316,0,0
sh513130,09:32:23,1767835946899,09:33:26,1767835946486,0.741,0.7387,0.3114,5685.35,0.8981,5.0514,0,0,0.741,0.986,0.740,89860300,0.739,81077600,0.738,63456300,0.737,58548200,0.736,33196900,0.741,19284900,0.742,27631400,0.743,39690100,0.744,26510500,0.745,30309500,412,0,0
sh513130,09:32:23,1767835947892,09:33:26,1767835947773,0.741,0.7387,0.3114,5685.35,0.8981,5.1686,0,0,0.741,0.994,0.740,89860300,0.739,81077600,0.738,63456300,0.737,58548200,0.736,33196900,0.741,19284900,0.742,27631400,0.743,39690100,0.744,26510500,0.745,30309500,119,0,0
sh513130,09:32:26,1767835948890,09:33:28,1767835948512,0.741,0.7388,0.2978,5684.81,0.8981,5.1329,336600,249313,0.7407,0.998,0.740,89904100,0.739,81162800,0.738,63502200,0.737,58564200,0.736,33236000,0.741,19536600,0.742,27688000,0.743,41060100,0.744,26525000,0.745,30309500,377,0,0
sh513130,09:32:26,1767835949891,09:33:28,1767835948512,0.741,0.7388,0.2978,5684.81,0.8981,4.6715,0,0,0.741,1.001,0.740,89904100,0.739,81162800,0.738,63502200,0.737,58564200,0.736,33236000,0.741,19536600,0.742,27688000,0.743,41060100,0.744,26525000,0.745,30309500,1379,0,0
sh513130,09:32:29,1767835950886,09:33:30,1767835950557,0.741,0.7388,0.2978,5683.72,0.8981,2.6267,449300,332790,0.7407,0.994,0.740,90743000,0.739,81186800,0.738,63909100,0.737,58625200,0.736,33288000,0.741,22094000,0.742,28086800,0.743,41390100,0.744,24535000,0.745,30497900,328,0,0
sh513130,09:32:29,1767835951892,09:33:30,1767835950557,0.741,0.7388,0.2978,5683.72,0.8981,2.5765,0,0,0.741,1.006,0.740,90743000,0.739,81186800,0.738,63909100,0.737,58625200,0.736,33288000,0.741,22094000,0.742,28086800,0.743,41390100,0.744,24535000,0.745,30497900,1334,0,0
sh513130,09:32:29,1767835952883,09:33:32,1767835952526,0.741,0.7388,0.2978,5684.46,0.8981,2.5405,0,0,0.741,0.992,0.740,90743000,0.739,81186800,0.738,63909100,0.737,58625200,0.736,33288000,0.741,22094000,0.742,28086800,0.743,41390100,0.744,24535000,0.745,30497900,357,0,0
sh513130,09:32:32,1767835953880,09:33:32,1767835952526,0.741,0.7388,0.2978,5684.46,0.8981,3.9221,1043500,772886,0.7407,0.997,0.740,89873700,0.739,81120800,0.738,64121100,0.737,58663500,0.736,33288000,0.741,21948100,0.742,27902200,0.743,41406600,0.744,24535000,0.745,30509400,1353,0,0
sh513130,09:32:32,1767835954876,09:33:34,1767835954517,0.741,0.7388,0.2978,5683.21,0.8981,3.365,0,0,0.741,0.996,0.740,89873700,0.739,81120800,0.738,64121100,0.737,58663500,0.736,33288000,0.741,21948100,0.742,27902200,0.743,41406600,0.744,24535000,0.745,30509400,359,0,0
sh513130,09:32:32,1767835955881,09:33:34,1767835954517,0.741,0.7388,0.2978,5683.21,0.8981,3.1764,0,0,0.741,1.005,0.740,89873700,0.739,81120800,0.738,64121100,0.737,58663500,0.736,33288000,0.741,21948100,0.742,27902200,0.743,41406600,0.744,24535000,0.745,30509400,1364,0,0
sh513130,09:32:32,1767835956881,09:33:36,1767835956508,0.741,0.7388,0.2978,5682.69,0.8981,2.556,0,0,0.741,1.0,0.740,89873700,0.739,81120800,0.738,64121100,0.737,58663500,0.736,33288000,0.741,21948100,0.742,27902200,0.743,41406600,0.744,24535000,0.745,30509400,373,0,0
sh513130,09:32:35,1767835957884,09:33:36,1767835956508,0.741,0.7388,0.2978,5682.69,0.8981,2.3061,1073300,795283,0.741,1.003,0.740,90341900,0.739,81282800,0.738,64253200,0.737,58662500,0.736,33429800,0.741,25536400,0.742,27810300,0.743,41391100,0.744,24535000,0.745,30512400,1376,0,0
sh513130,09:32:35,1767835958890,09:33:38,1767835958614,0.741,0.7388,0.2978,5684.16,0.8981,1.79,0,0,0.741,1.006,0.740,90341900,0.739,81282800,0.738,64253200,0.737,58662500,0.736,33429800,0.741,25536400,0.742,27810300,0.743,41391100,0.744,24535000,0.745,30512400,275,0,0
sh513130,09:32:38,1767835959886,09:33:38,1767835958614,0.741,0.7388,0.2978,5684.16,0.8981,1.755,1120400,829778,0.7406,0.996,0.740,90959000,0.739,81403300,0.738,65257400,0.737,58722500,0.736,33446400,0.741,20865300,0.742,30122500,0.743,41191100,0.744,26533000,0.745,30119400,1271,0,0
sh513130,09:32:38,1767835960889,09:33:40,1767835960788,0.741,0.7388,0.2978,5683.64,0.8981,3.9333,0,0,0.741,1.003,0.740,90959000,0.739,81403300,0.738,65257400,0.737,58722500,0.736,33446400,0.741,20865300,0.742,30122500,0.743,41191100,0.744,26533000,0.745,30119400,100,0,0
sh513130,09:32:38,1767835961883,09:33:40,1767835960788,0.741,0.7388,0.2978,5683.64,0.8981,3.5866,0,0,0.741,0.994,0.740,90959000,0.739,81403300,0.738,65257400,0.737,58722500,0.736,33446400,0.741,20865300,0.742,30122500,0.743,41191100,0.744,26533000,0.745,30119400,1094,0,0
sh513130,09:32:41,1767835962890,09:33:42,1767835962472,0.74,0.7388,0.1624,5683.19,0.8981,3.2805,610400,452203,0.7408,1.007,0.740,92217700,0.739,81427300,0.738,65297000,0.737,58730500,0.736,33509500,0.741,24703600,0.742,28936900,0.743,41493800,0.744,24494700,0.745,30119400,418,0,0
sh513130,09:32:41,1767835963884,09:33:42,1767835962962,0.74,0.7388,0.1624,5683.19,0.8981,2.1334,0,0,0.74,0.994,0.740,92217700,0.739,81427300,0.738,65297000,0.737,58730500,0.736,33509500,0.741,24703600,0.742,28936900,0.743,41493800,0.744,24494700,0.745,30119400,921,0,0
sh513130,09:32:41,1767835964891,09:33:44,1767835964571,0.74,0.7388,0.1624,5684.02,0.8981,1.4585,0,0,0.74,1.007,0.740,92217700,0.739,81427300,0.738,65297000,0.737,58730500,0.736,33509500,0.741,24703600,0.742,28936900,0.743,41493800,0.744,24494700,0.745,30119400,320,0,0
sh513130,09:32:44,1767835965882,09:33:44,1767835965133,0.741,0.7388,0.2978,5684.02,0.8981,1.4514,189100,140065,0.7407,0.991,0.740,93332700,0.739,81462700,0.738,65297000,0.737,58898200,0.736,33519600,0.741,22912000,0.742,28896900,0.743,41277800,0.744,26494800,0.745,30209800,748,0,0
sh513130,09:32:44,1767835966892,09:33:46,1767835966562,0.741,0.7388,0.2978,5684.07,0.8981,3.0219,0,0,0.741,1.01,0.740,93332700,0.739,81462700,0.738,65297000,0.737,58898200,0.736,33519600,0.741,22912000,0.742,28896900,0.743,41277800,0.744,26494800,0.745,30209800,330,0,0
sh513130,09:32:44,1767835967886,09:33:46,1767835967305,0.741,0.7388,0.2978,5684.07,0.8981,3.01,0,0,0.741,0.994,0.740,93332700,0.739,81462700,0.738,65297000,0.737,58898200,0.736,33519600,0.741,22912000,0.742,28896900,0.743,41277800,0.744,26494800,0.745,30209800,581,0,0
sh513130,09:32:47,1767835968889,09:33:48,1767835968465,0.741,0.7388,0.2978,5685.79,0.8981,2.4238,554100,410526,0.7409,1.003,0.740,92431100,0.739,81707200,0.738,65317600,0.737,58908200,0.736,33528100,0.741,9173200,0.742,31369600,0.743,55210300,0.744,26768600,0.745,30189800,423,0,0
sh513130,09:32:47,1767835969882,09:33:48,1767835969465,0.741,0.7388,0.2978,5685.79,0.8981,3.9658,0,0,0.741,0.993,0.740,92431100,0.739,81707200,0.738,65317600,0.737,58908200,0.736,33528100,0.741,9173200,0.742,31369600,0.743,55210300,0.744,26768600,0.745,30189800,416,0,0
sh513130,09:32:47,1767835970886,09:33:50,1767835970510,0.741,0.7388,0.2978,5686.12,0.8981,3.1426,0,0,0.741,1.003,0.740,92431100,0.739,81707200,0.738,65317600,0.737,58908200,0.736,33528100,0.741,9173200,0.742,31369600,0.743,55210300,0.744,26768600,0.745,30189800,375,0,0
sh513130,09:32:50,1767835971887,09:33:50,1767835971648,0.74,0.7388,0.1624,5686.12,0.8981,3.5966,1220300,904017,0.7408,1.002,0.740,93137600,0.739,82735300,0.738,65306700,0.737,59006300,0.736,33498200,0.741,18029000,0.742,30803600,0.743,40296400,0.744,26722900,0.745,30189800,239,0,0
sh513130,09:32:50,1767835972888,09:33:52,1767835972560,0.74,0.7388,0.1624,5686.68,0.8981,4.9589,0,0,0.74,1.001,0.740,93137600,0.739,82735300,0.738,65306700,0.737,59006300,0.736,33498200,0.741,18029000,0.742,30803600,0.743,40296400,0.744,26722900,0.745,30189800,328,0,0
sh513130,09:32:50,1767835973892,09:33:52,1767835973828,0.74,0.7388,0.1624,5686.68,0.8981,4.3627,0,0,0.74,1.004,0.740,93137600,0.739,82735300,0.738,65306700,0.737,59006300,0.736,33498200,0.741,18029000,0.742,30803600,0.743,40296400,0.744,26722900,0.745,30189800,63,0,0
sh513130,09:32:50,1767835974892,09:33:54,1767835974515,0.74,0.7388,0.1624,5685.58,0.8981,4.0527,0,0,0.74,1.0,0.740,93137600,0.739,82735300,0.738,65306700,0.737,59006300,0.736,33498200,0.741,18029000,0.742,30803600,0.743,40296400,0.744,26722900,0.745,30189800,376,0,0
sh513130,09:32:53,1767835975881,09:33:54,1767835974515,0.74,0.7388,0.1624,5685.58,0.8981,3.9552,661900,490260,0.7407,0.99,0.740,93460300,0.739,82811300,0.738,66595700,0.737,59092700,0.736,33498200,0.741,17951000,0.742,31251700,0.743,40286400,0.744,26722900,0.745,30239800,1365,0,0
sh513130,09:32:53,1767835976894,09:33:56,1767835976488,0.74,0.7388,0.1624,5685.86,0.8981,3.3809,0,0,0.74,1.013,0.740,93460300,0.739,82811300,0.738,66595700,0.737,59092700,0.736,33498200,0.741,17951000,0.742,31251700,0.743,40286400,0.744,26722900,0.745,30239800,406,0,0
sh513130,09:32:56,1767835977884,09:33:56,1767835976488,0.741,0.7394,0.2164,5685.86,0.8981,3.3184,145600,107843,0.7407,0.99,0.740,93830100,0.739,82937500,0.738,66913500,0.737,59233200,0.736,33498200,0.741,18007600,0.742,31251700,0.743,40375200,0.744,26732900,0.745,30239800,1396,0,0
sh513130,09:32:56,1767835978888,09:33:58,1767835978499,0.741,0.7394,0.2164,5686.41,0.8981,4.336,0,0,0.741,1.004,0.740,93830100,0.739,82937500,0.738,66913500,0.737,59233200,0.736,33498200,0.741,18007600,0.742,31251700,0.743,40375200,0.744,26732900,0.745,30239800,389,0,0
sh513130,09:32:56,1767835979885,09:33:58,1767835978499,0.741,0.7394,0.2164,5686.41,0.8981,4.0583,0,0,0.741,0.997,0.740,93830100,0.739,82937500,0.738,66913500,0.737,59233200,0.736,33498200,0.741,18007600,0.742,31251700,0.743,40375200,0.744,26732900,0.745,30239800,1386,0,0
sh513130,09:32:56,1767835980889,09:34:00,1767835980510,0.741,0.7394,0.2164,5685.5,0.8981,4.2003,0,0,0.741,1.003,0.740,93830100,0.739,82937500,0.738,66913500,0.737,59233200,0.736,33498200,0.741,18007600,0.742,31251700,0.743,40375200,0.744,26732900,0.745,30239800,378,0,0
sh513130,09:32:56,1767835981884,09:34:00,1767835980510,0.741,0.7394,0.2164,5685.5,0.8981,4.1784,0,0,0.741,0.996,0.740,93830100,0.739,82937500,0.738,66913500,0.737,59233200,0.736,33498200,0.741,18007600,0.742,31251700,0.743,40375200,0.744,26732900,0.745,30239800,1373,0,0
sh513130,09:32:59,1767835982894,09:34:02,1767835982568,0.74,0.7394,0.0811,5684.93,0.8981,3.6777,1160500,858779,0.74,1.009,0.740,93217100,0.739,83010400,0.738,68042300,0.737,59284700,0.736,33502300,0.741,20239800,0.742,30068300,0.743,40375200,0.744,26732900,0.745,30239800,325,0,0
sh513130,09:33:02,1767835983881,09:34:02,1767835983129,0.741,0.7394,0.2164,5684.93,0.8981,5.3816,497100,368112,0.7405,0.988,0.740,94587600,0.739,85103500,0.738,70798400,0.737,59284700,0.736,33767800,0.741,20796400,0.742,31766700,0.743,43099300,0.744,21732900,0.745,30270400,752,0,0
sh513130,09:33:02,1767835984893,09:34:04,1767835984691,0.741,0.7394,0.2164,5684.77,0.8981,4.7076,0,0,0.741,1.012,0.740,94587600,0.739,85103500,0.738,70798400,0.737,59284700,0.736,33767800,0.741,20796400,0.742,31766700,0.743,43099300,0.744,21732900,0.745,30270400,201,0,0
sh513130,09:33:02,1767835985895,09:34:04,1767835984691,0.741,0.7394,0.2164,5684.77,0.8981,4.1833,0,0,0.741,1.002,0.740,94587600,0.739,85103500,0.738,70798400,0.737,59284700,0.736,33767800,0.741,20796400,0.742,31766700,0.743,43099300,0.744,21732900,0.745,30270400,1203,0,0
sh513130,09:33:02,1767835986895,09:34:06,1767835986865,0.741,0.7394,0.2164,5684.63,0.8981,4.0957,0,0,0.741,1.0,0.740,94587600,0.739,85103500,0.738,70798400,0.737,59284700,0.736,33767800,0.741,20796400,0.742,31766700,0.743,43099300,0.744,21732900,0.745,30270400,30,0,0
sh513130,09:33:05,1767835987896,09:34:06,1767835986865,0.74,0.7394,0.0811,5684.63,0.8981,5.8807,382900,283492,0.7404,1.001,0.740,95341400,0.739,85161500,0.738,70768100,0.737,59297700,0.736,33767800,0.741,21288400,0.742,30786700,0.743,43099300,0.744,21739900,0.745,30260100,1031,0,0
sh513130,09:33:05,1767835988889,09:34:08,1767835988529,0.74,0.7394,0.0811,5684.4,0.8981,4.8099,0,0,0.74,0.993,0.740,95341400,0.739,85161500,0.738,70768100,0.737,59297700,0.736,33767800,0.741,21288400,0.742,30786700,0.743,43099300,0.744,21739900,0.745,30260100,360,0,0
sh513130,09:33:08,1767835989889,09:34:08,1767835989023,0.74,0.7388,0.1624,5684.4,0.8981,4.2725,431200,319116,0.7401,1.0,0.740,95677500,0.739,86779100,0.738,70836900,0.737,59372800,0.736,33772800,0.741,30569900,0.742,30815400,0.743,43088200,0.744,19746600,0.745,30260100,864,0,0
sh513130,09:33:08,1767835990892,09:34:10,1767835990563,0.74,0.7388,0.1624,5681.53,0.8981,4.1976,0,0,0.74,1.004,0.740,95677500,0.739,86779100,0.738,70836900,0.737,59372800,0.736,33772800,0.741,30569900,0.742,30815400,0.743,43088200,0.744,19746600,0.745,30260100,328,0,0
sh513130,09:33:08,1767835991888,09:34:10,1767835991205,0.74,0.7388,0.1624,5681.53,0.8981,5.5358,0,0,0.74,0.996,0.740,95677500,0.739,86779100,0.738,70836900,0.737,59372800,0.736,33772800,0.741,30569900,0.742,30815400,0.743,43088200,0.744,19746600,0.745,30260100,683,0,0
sh513130,09:33:08,1767835992892,09:34:12,1767835992764,0.74,0.7388,0.1624,5679.8,0.8981,4.9008,0,0,0.74,1.004,0.740,95677500,0.739,86779100,0.738,70836900,0.737,59372800,0.736,33772800,0.741,30569900,0.742,30815400,0.743,43088200,0.744,19746600,0.745,30260100,128,0,0
sh513130,09:33:11,1767835993886,09:34:12,1767835993362,0.741,0.7388,0.2978,5679.8,0.8981,5.0241,471700,349391,0.7407,0.993,0.740,70619100,0.739,77752300,0.738,92954700,0.737,59719200,0.736,51815300,0.741,32343300,0.742,30815400,0.743,41108200,0.744,19746600,0.745,30260100,523,0,0
sh513130,09:33:11,1767835994892,09:34:14,1767835994568,0.741,0.7388,0.2978,5678.98,0.8981,5.3761,0,0,0.741,1.006,0.740,70619100,0.739,77752300,0.738,92954700,0.737,59719200,0.736,51815300,0.741,32343300,0.742,30815400,0.743,41108200,0.744,19746600,0.745,30260100,323,0,0
sh513130,09:33:14,1767835995882,09:34:14,1767835995552,0.741,0.7388,0.2978,5678.98,0.8981,4.8835,714700,529185,0.7404,0.99,0.740,70353000,0.739,74832600,0.738,93042700,0.737,62788200,0.736,51778300,0.741,33195800,0.742,30735400,0.743,40948200,0.744,19837600,0.745,30290100,330,0,0
sh513130,09:33:14,1767835996880,09:34:16,1767835996504,0.741,0.7388,0.2978,5680.02,0.8981,5.8462,0,0,0.741,0.998,0.740,70353000,0.739,74832600,0.738,93042700,0.737,62788200,0.736,51778300,0.741,33195800,0.742,30735400,0.743,40948200,0.744,19837600,0.745,30290100,375,0,0
sh513130,09:33:14,1767835997888,09:34:16,1767835997722,0.741,0.7388,0.2978,5680.02,0.8981,5.8026,0,0,0.741,1.008,0.740,70353000,0.739,74832600,0.738,93042700,0.737,62788200,0.736,51778300,0.741,33195800,0.742,30735400,0.743,40948200,0.744,19837600,0.745,30290100,166,0,0
sh513130,09:33:17,1767835998897,09:34:18,1767835998506,0.741,0.7382,0.3793,5678.6,0.8981,5.7088,934700,691840,0.7402,1.009,0.740,70520600,0.739,77821500,0.738,93394700,0.737,60822500,0.736,51814300,0.741,35111400,0.742,31332900,0.743,40948200,0.744,19837600,0.745,29881800,391,0,0
sh513130,09:33:17,1767835999899,09:34:18,1767835999892,0.741,0.7382,0.3793,5678.6,0.8981,5.5538,0,0,0.741,1.001,0.740,70520600,0.739,77821500,0.738,93394700,0.737,60822500,0.736,51814300,0.741,35111400,0.742,31332900,0.743,40948200,0.744,19837600,0.745,29881800,7,0,0
sh513130,09:33:17,1767836000909,09:34:20,1767836000487,0.741,0.7382,0.3793,5678.21,0.8981,4.6256,0,0,0.741,1.01,0.740,70520600,0.739,77821500,0.738,93394700,0.737,60822500,0.736,51814300,0.741,35111400,0.742,31332900,0.743,40948200,0.744,19837600,0.745,29881800,421,0,0
sh513130,09:33:20,1767836001897,09:34:20,1767836000487,0.741,0.7382,0.3793,5678.21,0.8981,4.1853,869300,644024,0.7409,0.988,0.740,69420300,0.739,75261900,0.738,93489200,0.737,63848900,0.736,51964400,0.741,36047400,0.742,31349300,0.743,39958200,0.744,19902800,0.745,29879800,1410,0,0
sh513130,09:33:20,1767836002903,09:34:22,1767836002745,0.741,0.7382,0.3793,5680.02,0.8981,4.2421,0,0,0.741,1.006,0.740,69420300,0.739,75261900,0.738,93489200,0.737,63848900,0.736,51964400,0.741,36047400,0.742,31349300,0.743,39958200,0.744,19902800,0.745,29879800,158,0,0
sh513130,09:33:20,1767836003898,09:34:22,1767836002745,0.741,0.7382,0.3793,5680.02,0.8981,2.7831,0,0,0.741,0.995,0.740,69420300,0.739,75261900,0.738,93489200,0.737,63848900,0.736,51964400,0.741,36047400,0.742,31349300,0.743,39958200,0.744,19902800,0.745,29879800,1153,0,0
sh513130,09:33:20,1767836004904,09:34:24,1767836004526,0.741,0.7382,0.3793,5679.13,0.8981,2.648,0,0,0.741,1.006,0.740,69420300,0.739,75261900,0.738,93489200,0.737,63848900,0.736,51964400,0.741,36047400,0.742,31349300,0.743,39958200,0.744,19902800,0.745,29879800,377,0,0
sh513130,09:33:23,1767836005908,09:34:24,1767836004526,0.741,0.7382,0.3793,5679.13,0.8981,2.3095,284200,210557,0.7409,1.004,0.740,92141900,0.739,93338900,0.738,93594200,0.737,63851900,0.736,34042200,0.741,36177200,0.742,31381900,0.743,40948200,0.744,19901800,0.745,29818900,1381,0,0
sh513130,09:33:23,1767836006911,09:34:26,1767836006471,0.741,0.7382,0.3793,5679.55,0.8981,2.3918,0,0,0.741,1.003,0.740,92141900,0.739,93338900,0.738,93594200,0.737,63851900,0.736,34042200,0.741,36177200,0.742,31381900,0.743,40948200,0.744,19901800,0.745,29818900,439,0,0
sh513130,09:33:23,1767836007938,09:34:26,1767836006471,0.741,0.7382,0.3793,5679.55,0.8981,4.8793,0,0,0.741,1.027,0.740,92141900,0.739,93338900,0.738,93594200,0.737,63851900,0.736,34042200,0.741,36177200,0.742,31381900,0.743,40948200,0.744,19901800,0.745,29818900,1467,0,0
sh513130,09:33:26,1767836008922,09:34:28,1767836008591,0.741,0.7382,0.3793,5680.36,0.8981,4.7976,1292100,956843,0.7405,0.984,0.740,91976500,0.739,95293400,0.738,93605200,0.737,61036500,0.736,34212200,0.741,36970700,0.742,31394700,0.743,42788800,0.744,19901800,0.745,29818900,330,0,0
sh513130,09:33:26,1767836009926,09:34:28,1767836008591,0.741,0.7382,0.3793,5680.36,0.8981,5.8233,0,0,0.741,1.004,0.740,91976500,0.739,95293400,0.738,93605200,0.737,61036500,0.736,34212200,0.741,36970700,0.742,31394700,0.743,42788800,0.744,19901800,0.745,29818900,1333,0,0
sh513130,09:33:29,1767836010923,09:34:30,1767836010767,0.741,0.7382,0.3793,5679.92,0.8981,5.8025,388300,287639,0.7408,0.997,0.740,103930100,0.739,89734000,0.738,94872100,0.737,65448300,0.736,34222000,0.741,39311500,0.742,32198500,0.743,43185200,0.744,19903500,0.745,29818900,155,0,0
sh513130,09:33:29,1767836011913,09:34:30,1767836010767,0.741,0.7382,0.3793,5679.92,0.8981,5.1043,0,0,0.741,0.99,0.740,103930100,0.739,89734000,0.738,94872100,0.737,65448300,0.736,34222000,0.741,39311500,0.742,32198500,0.743,43185200,0.744,19903500,0.745,29818900,1145,0,0
sh513130,09:33:29,1767836012926,09:34:32,1767836012533,0.741,0.7382,0.3793,5680.33,0.8981,5.0205,0,0,0.741,1.013,0.740,103930100,0.739,89734000,0.738,94872100,0.737,65448300,0.736,34222000,0.741,39311500,0.742,32198500,0.743,43185200,0.744,19903500,0.745,29818900,393,0,0
sh513130,09:33:32,1767836013938,09:34:32,1767836012933,0.741,0.7382,0.3793,5680.33,0.8981,5.9605,1364500,1010392,0.7405,1.012,0.740,98837700,0.739,95707800,0.738,95897100,0.737,65571800,0.736,38641200,0.741,39142700,0.742,32236800,0.743,43185100,0.744,19903500,0.745,29854900,1003,0,0
sh513130,09:33:32,1767836014928,09:34:34,1767836014488,0.741,0.7382,0.3793,5680.74,0.8981,4.8953,0,0,0.741,0.99,0.740,98837700,0.739,95707800,0.738,95897100,0.737,65571800,0.736,38641200,0.741,39142700,0.742,32236800,0.743,43185100,0.744,19903500,0.745,29854900,439,0,0
sh513130,09:33:32,1767836015928,09:34:34,1767836015101,0.741,0.7382,0.3793,5680.74,0.8981,4.7968,0,0,0.741,1.0,0.740,98837700,0.739,95707800,0.738,95897100,0.737,65571800,0.736,38641200,0.741,39142700,0.742,32236800,0.743,43185100,0.744,19903500,0.745,29854900,826,0,0
sh513130,09:33:35,1767836016941,09:34:36,1767836016485,0.74,0.7382,0.2438,5681.89,0.8981,4.7018,985800,730375,0.7409,1.013,0.740,107072600,0.739,90412500,0.738,96946300,0.737,65619200,0.736,38722200,0.741,40299200,0.742,32304900,0.743,43205400,0.744,19951900,0.745,29864900,455,0,0
sh513130,09:33:35,1767836017931,09:34:36,1767836017273,0.74,0.7382,0.2438,5681.89,0.8981,4.0821,0,0,0.74,0.99,0.740,107072600,0.739,90412500,0.738,96946300,0.737,65619200,0.736,38722200,0.741,40299200,0.742,32304900,0.743,43205400,0.744,19951900,0.745,29864900,657,0,0
sh513130,09:33:35,1767836018934,09:34:38,1767836018480,0.74,0.7382,0.2438,5682.17,0.8981,3.0965,0,0,0.74,1.003,0.740,107072600,0.739,90412500,0.738,96946300,0.737,65619200,0.736,38722200,0.741,40299200,0.742,32304900,0.743,43205400,0.744,19951900,0.745,29864900,454,0,0
sh513130,09:33:38,1767836019941,09:34:38,1767836019446,0.741,0.7388,0.2978,5682.17,0.8981,2.89,1016300,752175,0.7401,1.007,0.740,107605200,0.739,91693500,0.738,97006600,0.737,65619700,0.736,38684600,0.741,40657800,0.742,32304900,0.743,43205400,0.744,19951900,0.745,29864900,494,0,0
sh513130,09:33:38,1767836020933,09:34:40,1767836020479,0.741,0.7388,0.2978,5682.75,0.8981,3.5898,0,0,0.741,0.992,0.740,107605200,0.739,91693500,0.738,97006600,0.737,65619700,0.736,38684600,0.741,40657800,0.742,32304900,0.743,43205400,0.744,19951900,0.745,29864900,454,0,0
sh513130,09:33:38,1767836021939,09:34:40,1767836021630,0.741,0.7388,0.2978,5682.75,0.8981,2.5135,0,0,0.741,1.006,0.740,107605200,0.739,91693500,0.738,97006600,0.737,65619700,0.736,38684600,0.741,40657800,0.742,32304900,0.743,43205400,0.744,19951900,0.745,29864900,309,0,0
sh513130,09:33:41,1767836022931,09:34:42,1767836022492,0.741,0.7382,0.3793,5682.05,0.8981,3.7416,624500,462449,0.7405,0.992,0.740,107819300,0.739,92755400,0.738,97003800,0.737,65629900,0.736,38684800,0.741,35152200,0.742,34500800,0.743,44201000,0.744,21952500,0.745,29864900,438,0,0
sh513130,09:33:41,1767836023938,09:34:42,1767836023805,0.741,0.7382,0.3793,5682.05,0.8981,3.2784,0,0,0.741,1.007,0.740,107819300,0.739,92755400,0.738,97003800,0.737,65629900,0.736,38684800,0.741,35152200,0.742,34500800,0.743,44201000,0.744,21952500,0.745,29864900,133,0,0
sh513130,09:33:41,1767836024932,09:34:44,1767836024495,0.741,0.7382,0.3793,5682.5,0.8981,3.2175,0,0,0.741,0.993,0.740,107819300,0.739,92755400,0.738,97003800,0.737,65629900,0.736,38684800,0.741,35152200,0.742,34500800,0.743,44201000,0.744,21952500,0.745,29864900,436,0,0
sh513130,09:33:41,1767836025938,09:34:44,1767836024495,0.741,0.7382,0.3793,5682.5,0.8981,4.583,0,0,0.741,1.006,0.740,107819300,0.739,92755400,0.738,97003800,0.737,65629900,0.736,38684800,0.741,35152200,0.742,34500800,0.743,44201000,0.744,21952500,0.745,29864900,1443,0,0
sh513130,09:33:44,1767836026939,09:34:46,1767836026477,0.74,0.7382,0.2438,5681.51,0.8981,3.8847,974500,721276,0.7401,1.001,0.740,106607900,0.739,93610600,0.738,97030400,0.737,65689900,0.736,38976900,0.741,41946100,0.742,32387900,0.743,43211000,0.744,19936900,0.745,29879900,462,0,0
sh513130,09:33:44,1767836027929,09:34:46,1767836026477,0.74,0.7382,0.2438,5681.51,0.8981,3.0491,0,0,0.74,0.989,0.740,106607900,0.739,93610600,0.738,97030400,0.737,65689900,0.736,38976900,0.741,41946100,0.742,32387900,0.743,43211000,0.744,19936900,0.745,29879900,1451,0,0
sh513130,09:33:44,1767836028941,09:34:48,1767836028511,0.74,0.7382,0.2438,5680.84,0.8981,2.8185,0,0,0.74,1.013,0.740,106607900,0.739,93610600,0.738,97030400,0.737,65689900,0.736,38976900,0.741,41946100,0.742,32387900,0.743,43211000,0.744,19936900,0.745,29879900,430,0,0
sh513130,09:33:47,1767836029928,09:34:48,1767836028511,0.741,0.7388,0.2978,5680.84,0.8981,2.784,1138600,843477,0.7408,0.987,0.740,93629800,0.739,100148400,0.738,97217200,0.737,65689900,0.736,38983900,0.741,41574900,0.742,32387900,0.743,43218000,0.744,19936900,0.745,29961800,1417,0,0
sh513130,09:33:50,1767836030942,09:34:50,1767836030518,0.741,0.7388,0.2978,5680.51,0.8981,3.0273,655000,484942,0.7404,1.014,0.740,74138800,0.739,86190800,0.738,97304200,0.737,66080500,0.736,53957200,0.741,44650000,0.742,32467900,0.743,43218000,0.744,19936900,0.745,29961800,423,0,0
sh513130,09:33:47,1767836031935,09:34:50,1767836030518,0.741,0.7388,0.2978,5680.51,0.8981,2.7028,0,0,0.741,0.993,0.740,93629800,0.739,100148400,0.738,97217200,0.737,65689900,0.736,38983900,0.741,41574900,0.742,32387900,0.743,43218000,0.744,19936900,0.745,29961800,1417,0,1
sh513130,09:33:50,1767836032933,09:34:52,1767836032477,0.741,0.7388,0.2978,5681.22,0.8981,2.8831,655000,484942,0.7404,0.998,0.740,74138800,0.739,86190800,0.738,97304200,0.737,66080500,0.736,53957200,0.741,44650000,0.742,32467900,0.743,43218000,0.744,19936900,0.745,29961800,455,0,0
sh513130,09:33:50,1767836033938,09:34:52,1767836032477,0.741,0.7388,0.2978,5681.22,0.8981,6.0489,0,0,0.741,1.006,0.740,74138800,0.739,86190800,0.738,97304200,0.737,66080500,0.736,53957200,0.741,44650000,0.742,32467900,0.743,43218000,0.744,19936900,0.745,29961800,1461,0,0
sh513130,09:33:50,1767836034936,09:34:54,1767836034648,0.741,0.7388,0.2978,5681.56,0.8981,5.4934,0,0,0.741,0.998,0.740,74138800,0.739,86190800,0.738,97304200,0.737,66080500,0.736,53957200,0.741,44650000,0.742,32467900,0.743,43218000,0.744,19936900,0.745,29961800,288,0,0
sh513130,09:33:53,1767836035930,09:34:54,1767836034648,0.741,0.7388,0.2978,5681.56,0.8981,5.2323,4490100,3323313,0.7401,0.993,0.740,71931100,0.739,99033200,0.738,97337200,0.737,66100700,0.736,42027200,0.741,44125000,0.742,32485900,0.743,42195000,0.744,19936900,0.745,29961800,1281,0,0
sh513130,09:33:53,1767836036934,09:34:56,1767836036817,0.741,0.7388,0.2978,5681.0,0.8981,5.5427,0,0,0.741,1.004,0.740,71931100,0.739,99033200,0.738,97337200,0.737,66100700,0.736,42027200,0.741,44125000,0.742,32485900,0.743,42195000,0.744,19936900,0.745,29961800,116,0,0
sh513130,09:33:53,1767836037935,09:34:56,1767836036817,0.741,0.7388,0.2978,5681.0,0.8981,4.706,0,0,0.741,1.001,0.740,71931100,0.739,99033200,0.738,97337200,0.737,66100700,0.736,42027200,0.741,44125000,0.742,32485900,0.743,42195000,0.744,19936900,0.745,29961800,1117,0,0
sh513130,09:33:56,1767836038928,09:34:58,1767836038470,0.741,0.7382,0.3793,5680.78,0.8981,4.0084,269700,199792,0.7408,0.993,0.740,101015200,0.739,102083200,0.738,97261100,0.737,65701700,0.736,39450000,0.741,44334700,0.742,33364300,0.743,43485000,0.744,20887000,0.745,29961800,458,0,0
sh513130,09:33:56,1767836039941,09:34:58,1767836038979,0.741,0.7382,0.3793,5680.78,0.8981,2.9012,0,0,0.741,1.013,0.740,101015200,0.739,102083200,0.738,97261100,0.737,65701700,0.736,39450000,0.741,44334700,0.742,33364300,0.743,43485000,0.744,20887000,0.745,29961800,959,0,0
sh513130,09:33:59,1767836040935,09:35:00,1767836040528,0.741,0.7382,0.3793,5681.84,0.8981,3.4057,259000,191791,0.7405,0.994,0.740,102130200,0.739,102231800,0.738,98446000,0.737,65706800,0.736,39497000,0.741,45972100,0.742,32818300,0.743,42438800,0.744,20687000,0.745,29961800,407,0,0
sh513130,09:33:59,1767836041927,09:35:00,1767836041146,0.741,0.7382,0.3793,5681.84,0.8981,3.3428,0,0,0.741,0.992,0.740,102130200,0.739,102231800,0.738,98446000,0.737,65706800,0.736,39497000,0.741,45972100,0.742,32818300,0.743,42438800,0.744,20687000,0.745,29961800,781,0,0
sh513130,09:33:59,1767836042942,09:35:02,1767836042478,0.741,0.7382,0.3793,5681.59,0.8981,3.2599,0,0,0.741,1.014,0.740,102130200,0.739,102231800,0.738,98446000,0.737,65706800,0.736,39497000,0.741,45972100,0.742,32818300,0.743,42438800,0.744,20687000,0.745,29961800,462,0,0
sh513130,09:34:02,1767836043954,09:35:02,1767836043318,0.741,0.7382,0.3793,5681.59,0.8981,2.5054,1514300,1121325,0.7405,1.013,0.740,110039700,0.739,96702900,0.738,99374700,0.737,65844500,0.736,39517900,0.741,43494900,0.742,33470900,0.743,42465800,0.744,22687000,0.745,29971800,636,0,0
sh513130,09:34:02,1767836044954,09:35:04,1767836044523,0.741,0.7382,0.3793,5681.4,0.8981,3.3095,0,0,0.741,0.999,0.740,110039700,0.739,96702900,0.738,99374700,0.737,65844500,0.736,39517900,0.741,43494900,0.742,33470900,0.743,42465800,0.744,22687000,0.745,29971800,430,0,0
sh513130,09:34:02,1767836045938,09:35:04,1767836045498,0.741,0.7382,0.3793,5681.4,0.8981,4.6172,0,0,0.741,0.985,0.740,110039700,0.739,96702900,0.738,99374700,0.737,65844500,0.736,39517900,0.741,43494900,0.742,33470900,0.743,42465800,0.744,22687000,0.745,29971800,440,0,0
sh513130,09:34:02,1767836046936,09:35:06,1767836046562,0.741,0.7382,0.3793,5682.27,0.8981,5.3908,0,0,0.741,0.998,0.740,110039700,0.739,96702900,0.738,99374700,0.737,65844500,0.736,39517900,0.741,43494900,0.742,33470900,0.743,42465800,0.744,22687000,0.745,29971800,374,0,0
sh513130,09:34:05,1767836047930,09:35:06,1767836047674,0.74,0.7382,0.2438,5682.27,0.8981,5.3525,1031000,763108,0.7402,0.994,0.740,112348900,0.739,96618400,0.738,99423800,0.737,66702600,0.736,39585100,0.741,45044800,0.742,33470900,0.743,42465800,0.744,22687000,0.745,29971800,255,0,0
sh513130,09:34:05,1767836048939,09:35:08,1767836048531,0.74,0.7382,0.2438,5682.6,0.8981,5.7477,0,0,0.74,1.01,0.740,112348900,0.739,96618400,0.738,99423800,0.737,66702600,0.736,39585100,0.741,45044800,0.742,33470900,0.743,42465800,0.744,22687000,0.745,29971800,407,0,0
sh513130,09:34:05,1767836049929,09:35:08,1767836049860,0.74,0.7382,0.2438,5682.6,0.8981,4.7888,0,0,0.74,0.99,0.740,112348900,0.739,96618400,0.738,99423800,0.737,66702600,0.736,39585100,0.741,45044800,0.742,33470900,0.743,42465800,0.744,22687000,0.745,29971800,69,0,0
sh513130,09:34:08,1767836050930,09:35:10,1767836050523,0.741,0.7382,0.3793,5682.12,0.8981,4.708,1059100,784718,0.7409,1.0,0.740,112634100,0.739,96853200,0.738,99941800,0.737,68609800,0.736,39615000,0.741,47518000,0.742,34141000,0.743,42600300,0.744,20713500,0.745,29971800,407,0,0
sh513130,09:34:08,1767836051934,09:35:10,1767836050523,0.741,0.7382,0.3793,5682.12,0.8981,5.6507,0,0,0.741,1.004,0.740,112634100,0.739,96853200,0.738,99941800,0.737,68609800,0.736,39615000,0.741,47518000,0.742,34141000,0.743,42600300,0.744,20713500,0.745,29971800,1411,0,0
sh513130,09:34:11,1767836052938,09:35:12,1767836052578,0.741,0.7389,0.2842,5682.17,0.8981,6.4189,109700,81274,0.7409,1.004,0.740,113250100,0.739,96988600,0.738,99956800,0.737,68609800,0.736,39665000,0.741,46689400,0.742,34141000,0.743,42590300,0.744,20713500,0.745,29971800,359,0,0
sh513130,09:34:11,1767836053926,09:35:12,1767836052578,0.741,0.7389,0.2842,5682.17,0.8981,5.9143,0,0,0.741,0.988,0.740,113250100,0.739,96988600,0.738,99956800,0.737,68609800,0.736,39665000,0.741,46689400,0.742,34141000,0.743,42590300,0.744,20713500,0.745,29971800,1347,0,0
sh513130,09:34:11,1767836054930,09:35:14,1767836054526,0.741,0.7389,0.2842,5681.71,0.8981,5.8822,0,0,0.741,1.005,0.740,113250100,0.739,96988600,0.738,99956800,0.737,68609800,0.736,39665000,0.741,46689400,0.742,34141000,0.743,42590300,0.744,20713500,0.745,29971800,404,0,0
sh513130,09:34:11,1767836055935,09:35:14,1767836054526,0.741,0.7389,0.2842,5681.71,0.8981,5.1048,0,0,0.741,1.004,0.740,113250100,0.739,96988600,0.738,99956800,0.737,68609800,0.736,39665000,0.741,46689400,0.742,34141000,0.743,42590300,0.744,20713500,0.745,29971800,1409,0,0
sh513130,09:34:14,1767836056939,09:35:16,1767836056485,0.74,0.7389,0.1489,5682.37,0.8981,5.0902,222200,164618,0.7409,1.005,0.740,112636900,0.739,97025200,0.738,100008600,0.737,69622100,0.736,39609200,0.741,50357800,0.742,34168000,0.743,41600300,0.744,20693500,0.745,25926200,454,0,0
sh513130,09:34:14,1767836057937,09:35:16,1767836056485,0.74,0.7389,0.1489,5682.37,0.8981,5.6093,0,0,0.74,0.997,0.740,112636900,0.739,97025200,0.738,100008600,0.737,69622100,0.736,39609200,0.741,50357800,0.742,34168000,0.743,41600300,0.744,20693500,0.745,25926200,1452,0,0
sh513130,09:34:14,1767836058931,09:35:18,1767836058557,0.74,0.7389,0.1489,5681.52,0.8981,4.4802,0,0,0.74,0.995,0.740,112636900,0.739,97025200,0.738,100008600,0.737,69622100,0.736,39609200,0.741,50357800,0.742,34168000,0.743,41600300,0.744,20693500,0.745,25926200,374,0,0
sh513130,09:34:17,1767836059929,09:35:18,1767836058557,0.74,0.7382,0.2438,5681.52,0.8981,3.8222,1136800,841541,0.7403,0.997,0.740,112134300,0.739,97025400,0.738,100184200,0.737,70491600,0.736,39610300,0.741,50191800,0.742,34224800,0.743,41600300,0.744,20694500,0.745,25928200,1371,0,0
sh513130,09:34:17,1767836060938,09:35:20,1767836060738,0.74,0.7382,0.2438,5681.7,0.8981,3.7532,0,0,0.74,1.009,0.740,112134300,0.739,97025400,0.738,100184200,0.737,70491600,0.736,39610300,0.741,50191800,0.742,34224800,0.743,41600300,0.744,20694500,0.745,25928200,200,0,0
sh513130,09:34:20,1767836061937,09:35:20,1767836060738,0.741,0.7382,0.3793,5681.7,0.8981,3.6497,844200,624768,0.7401,1.0,0.740,109084600,0.739,102732200,0.738,100366800,0.737,71418200,0.736,39620100,0.741,50663200,0.742,34224800,0.743,41307800,0.744,20701300,0.745,25981000,1199,0,0
sh513130,09:34:17,1767836062925,09:35:22,1767836062908,0.74,0.7382,0.2438,5683.21,0.8981,4.4077,0,0,0.74,0.987,0.740,112134300,0.739,97025400,0.738,100184200,0.737,70491600,0.736,39610300,0.741,50191800,0.742,34224800,0.743,41600300,0.744,20694500,0.745,25928200,17,0,1
sh513130,09:34:20,1767836063938,09:35:22,1767836062908,0.741,0.7382,0.3793,5683.21,0.8981,4.3312,844200,624768,0.7401,1.013,0.740,109084600,0.739,102732200,0.738,100366800,0.737,71418200,0.736,39620100,0.741,50663200,0.742,34224800,0.743,41307800,0.744,20701300,0.745,25981000,1029,0,0
sh513130,09:34:23,1767836064932,09:35:24,1767836064521,0.741,0.7382,0.3793,5680.78,0.8981,3.5538,762800,564590,0.7402,0.994,0.740,109911700,0.739,102747100,0.738,100433000,0.737,72242100,0.736,39638000,0.741,49919100,0.742,34236800,0.743,42265200,0.744,20786800,0.745,26019000,410,0,0
sh513130,09:34:23,1767836065937,09:35:24,1767836065072,0.741,0.7382,0.3793,5680.78,0.8981,3.3648,0,0,0.741,1.005,0.740,109911700,0.739,102747100,0.738,100433000,0.737,72242100,0.736,39638000,0.741,49919100,0.742,34236800,0.743,42265200,0.744,20786800,0.745,26019000,865,0,0
sh513130,09:34:23,1767836066927,09:35:26,1767836066477,0.741,0.7382,0.3793,5680.49,0.8981,2.5685,0,0,0.741,0.99,0.740,109911700,0.739,102747100,0.738,100433000,0.737,72242100,0.736,39638000,0.741,49919100,0.742,34236800,0.743,42265200,0.744,20786800,0.745,26019000,450,0,0
sh513130,09:34:26,1767836067933,09:35:26,1767836067241,0.741,0.7382,0.3793,5680.49,0.8981,2.5194,959400,710708,0.7408,1.006,0.740,83220500,0.739,88263400,0.738,100385300,0.737,72403100,0.736,54638000,0.741,49946300,0.742,34286800,0.743,42265200,0.744,20786800,0.745,26019000,691,0,0
sh513130,09:34:26,1767836068942,09:35:28,1767836068535,0.741,0.7382,0.3793,5679.77,0.8981,4.1396,0,0,0.741,1.009,0.740,83220500,0.739,88263400,0.738,100385300,0.737,72403100,0.736,54638000,0.741,49946300,0.742,34286800,0.743,42265200,0.744,20786800,0.745,26019000,407,0,0
sh513130,09:34:26,1767836069932,09:35:28,1767836069408,0.741,0.7382,0.3793,5679.77,0.8981,3.502,0,0,0.741,0.99,0.740,83220500,0.739,88263400,0.738,100385300,0.737,72403100,0.736,54638000,0.741,49946300,0.742,34286800,0.743,42265200,0.744,20786800,0.745,26019000,523,0,0
sh513130,09:34:29,1767836070938,09:35:30,1767836070514,0.741,0.7382,0.3793,5679.84,0.8981,2.9151,590900,437697,0.7407,1.006,0.740,83461500,0.739,85502700,0.738,100546800,0.737,72803100,0.736,57718000,0.741,51002500,0.742,35144200,0.743,41275200,0.744,20818800,0.745,26024000,424,0,0
sh513130,09:34:29,1767836071936,09:35:30,1767836071575,0.741,0.7382,0.3793,5679.84,0.8981,4.6076,0,0,0.741,0.998,0.740,83461500,0.739,85502700,0.738,100546800,0.737,72803100,0.736,57718000,0.741,51002500,0.742,35144200,0.743,41275200,0.744,20818800,0.745,26024000,361,0,0
sh513130,09:34:29,1767836072938,09:35:32,1767836072506,0.741,0.7382,0.3793,5678.35,0.8981,4.5288,0,0,0.741,1.002,0.740,83461500,0.739,85502700,0.738,100546800,0.737,72803100,0.736,57718000,0.741,51002500,0.742,35144200,0.743,41275200,0.744,20818800,0.745,26024000,432,0,0
sh513130,09:34:29,1767836073928,09:35:32,1767836073748,0.741,0.7382,0.3793,5678.35,0.8981,1.8234,0,0,0.741,0.99,0.740,83461500,0.739,85502700,0.738,100546800,0.737,72803100,0.736,57718000,0.741,51002500,0.742,35144200,0.743,41275200,0.744,20818800,0.745,26024000,180,0,0
sh513130,09:34:32,1767836074928,09:35:34,1767836074486,0.74,0.7382,0.2438,5678.01,0.8981,1.7878,3588500,2655541,0.74,1.0,0.740,76519700,0.739,82033700,0.738,100549100,0.737,72891000,0.736,57735000,0.741,49955600,0.742,35954300,0.743,40350200,0.744,20818800,0.745,27054000,441,0,0
sh513130,09:34:32,1767836075929,09:35:34,1767836075917,0.74,0.7382,0.2438,5678.01,0.8981,3.4492,0,0,0.74,1.002,0.740,76519700,0.739,82033700,0.738,100549100,0.737,72891000,0.736,57735000,0.741,49955600,0.742,35954300,0.743,40350200,0.744,20818800,0.745,27054000,12,0,0
sh513130,09:34:35,1767836076935,09:35:36,1767836076521,0.74,0.7382,0.2438,5676.86,0.8981,3.1375,678400,502444,0.7406,1.006,0.740,75171000,0.739,80187200,0.738,100596400,0.737,75909100,0.736,57737000,0.741,58283600,0.742,35107000,0.743,39846900,0.744,21036900,0.745,27064000,414,0,0
sh513130,09:34:35,1767836077929,09:35:36,1767836076521,0.74,0.7382,0.2438,5676.86,0.8981,4.9154,0,0,0.74,0.994,0.740,75171000,0.739,80187200,0.738,100596400,0.737,75909100,0.736,57737000,0.741,58283600,0.742,35107000,0.743,39846900,0.744,21036900,0.745,27064000,1407,0,0
sh513130,09:34:35,1767836078928,09:35:38,1767836078490,0.74,0.7382,0.2438,5678.45,0.8981,6.9752,0,0,0.74,0.999,0.740,75171000,0.739,80187200,0.738,100596400,0.737,75909100,0.736,57737000,0.741,58283600,0.742,35107000,0.743,39846900,0.744,21036900,0.745,27064000,438,0,0
sh513130,09:34:35,1767836079942,09:35:38,1767836078490,0.74,0.7382,0.2438,5678.45,0.8981,6.8856,0,0,0.74,1.013,0.740,75171000,0.739,80187200,0.738,100596400,0.737,75909100,0.736,57737000,0.741,58283600,0.742,35107000,0.743,39846900,0.744,21036900,0.745,27064000,1451,0,0
sh513130,09:34:38,1767836080946,09:35:40,1767836080524,0.74,0.7376,0.3254,5676.97,0.8981,6.7956,4473400,3310342,0.74,1.004,0.740,92962800,0.739,82462200,0.738,100649000,0.737,76011500,0.736,57737600,0.741,58358800,0.742,35954400,0.743,39779900,0.744,21036900,0.745,27066000,421,0,0
sh513130,09:34:38,1767836081959,09:35:40,1767836080524,0.74,0.7376,0.3254,5676.97,0.8981,6.548,0,0,0.74,1.014,0.740,92962800,0.739,82462200,0.738,100649000,0.737,76011500,0.736,57737600,0.741,58358800,0.742,35954400,0.743,39779900,0.744,21036900,0.745,27066000,1434,0,0
sh513130,09:34:38,1767836082966,09:35:42,1767836082528,0.74,0.7376,0.3254,5675.52,0.8981,8.2021,0,0,0.74,1.007,0.740,92962800,0.739,82462200,0.738,100649000,0.737,76011500,0.736,57737600,0.741,58358800,0.742,35954400,0.743,39779900,0.744,21036900,0.745,27066000,437,0,0
sh513130,09:34:41,1767836083959,09:35:42,1767836082528,0.74,0.7383,0.2303,5675.52,0.8981,7.1089,328300,243042,0.7403,0.993,0.740,74155600,0.739,82557100,0.738,100852000,0.737,77021500,0.736,57742600,0.741,59060200,0.742,36801900,0.743,39779900,0.744,21036900,0.745,28068000,1430,0,0
sh513130,09:34:41,1767836084963,09:35:44,1767836084617,0.74,0.7383,0.2303,5676.62,0.8981,7.0244,0,0,0.74,1.004,0.740,74155600,0.739,82557100,0.738,100852000,0.737,77021500,0.736,57742600,0.741,59060200,0.742,36801900,0.743,39779900,0.744,21036900,0.745,28068000,346,0,0
sh513130,09:34:44,1767836085969,09:35:44,1767836084617,0.741,0.7383,0.3657,5676.62,0.8981,5.7029,224700,166494,0.741,1.005,0.740,93517700,0.739,84354200,0.738,100902200,0.737,77094500,0.736,57772600,0.741,59078800,0.742,35090700,0.743,39797800,0.744,21138900,0.745,28096000,1351,0,0
sh513130,09:34:44,1767836086973,09:35:46,1767836086791,0.741,0.7383,0.3657,5677.76,0.8981,5.6148,0,0,0.741,1.004,0.740,93517700,0.739,84354200,0.738,100902200,0.737,77094500,0.736,57772600,0.741,59078800,0.742,35090700,0.743,39797800,0.744,21138900,0.745,28096000,181,0,0
sh513130,09:34:44,1767836087976,09:35:46,1767836086791,0.741,0.7383,0.3657,5677.76,0.8981,4.6509,0,0,0.741,1.003,0.740,93517700,0.739,84354200,0.738,100902200,0.737,77094500,0.736,57772600,0.741,59078800,0.742,35090700,0.743,39797800,0.744,21138900,0.745,28096000,1184,0,0
sh513130,09:34:47,1767836088978,09:35:48,1767836088965,0.741,0.7383,0.3657,5676.91,0.8981,4.5716,629400,466033,0.7404,1.002,0.740,73960700,0.739,84388600,0.738,101097300,0.737,77145600,0.736,57786100,0.741,59081900,0.742,35938100,0.743,39797900,0.744,21238900,0.745,29127400,12,0,0
sh513130,09:34:47,1767836089984,09:35:48,1767836088965,0.741,0.7383,0.3657,5676.91,0.8981,3.9833,0,0,0.741,1.007,0.740,73960700,0.739,84388600,0.738,101097300,0.737,77145600,0.736,57786100,0.741,59081900,0.742,35938100,0.743,39797900,0.744,21238900,0.745,29127400,1018,0,0
sh513130,09:34:47,1767836090985,09:35:50,1767836090468,0.741,0.7383,0.3657,5676.14,0.8981,2.41,0,0,0.741,1.001,0.740,73960700,0.739,84388600,0.738,101097300,0.737,77145600,0.736,57786100,0.741,59081900,0.742,35938100,0.743,39797900,0.744,21238900,0.745,29127400,517,0,0
sh513130,09:34:50,1767836091975,09:35:50,1767836091198,0.741,0.7383,0.3657,5676.14,0.8981,3.0922,571700,423304,0.7404,0.99,0.740,74203800,0.739,84408900,0.738,101185300,0.737,77058300,0.736,57780800,0.741,59460400,0.742,36785500,0.743,39797900,0.744,21238900,0.745,29687400,777,0,0
sh513130,09:34:50,1767836092981,09:35:52,1767836092539,0.741,0.7383,0.3657,5676.55,0.8981,2.5516,0,0,0.741,1.006,0.740,74203800,0.739,84408900,0.738,101185300,0.737,77058300,0.736,57780800,0.741,59460400,0.742,36785500,0.743,39797900,0.744,21238900,0.745,29687400,442,0,0
sh513130,09:34:50,1767836093986,09:35:52,1767836093328,0.741,0.7383,0.3657,5676.55,0.8981,5.0157,0,0,0.741,1.005,0.740,74203800,0.739,84408900,0.738,101185300,0.737,77058300,0.736,57780800,0.741,59460400,0.742,36785500,0.743,39797900,0.744,21238900,0.745,29687400,658,0,0
sh513130,09:34:50,1767836094975,09:35:54,1767836094506,0.741,0.7383,0.3657,5676.48,0.8981,4.1462,0,0,0.741,0.989,0.740,74203800,0.739,84408900,0.738,101185300,0.737,77058300,0.736,57780800,0.741,59460400,0.742,36785500,0.743,39797900,0.744,21238900,0.745,29687400,468,0,0
sh513130,09:34:53,1767836095976,09:35:54,1767836095502,0.741,0.7383,0.3657,5676.48,0.8981,3.4608,689100,510278,0.7405,1.001,0.740,74411300,0.739,84564500,0.738,101237000,0.737,77045700,0.736,57801200,0.741,59326900,0.742,35177800,0.743,39812500,0.744,20773900,0.745,29707400,473,0,0
sh513130,09:34:53,1767836096987,09:35:56,1767836096467,0.741,0.7383,0.3657,5675.82,0.8981,3.4476,0,0,0.741,1.01,0.740,74411300,0.739,84564500,0.738,101237000,0.737,77045700,0.736,57801200,0.741,59326900,0.742,35177800,0.743,39812500,0.744,20773900,0.745,29707400,519,0,0
sh513130,09:34:56,1767836097975,09:35:56,1767836097673,0.741,0.7383,0.3657,5675.82,0.8981,3.3033,828700,613592,0.7404,0.989,0.740,74068900,0.739,84576200,0.738,101255200,0.737,77168100,0.736,57803200,0.741,71782700,0.742,35138300,0.743,35940900,0.744,20773900,0.745,29723900,302,0,0
sh513130,09:34:56,1767836098988,09:35:58,1767836098534,0.741,0.7383,0.3657,5675.07,0.8981,1.8279,0,0,0.741,1.012,0.740,74068900,0.739,84576200,0.738,101255200,0.737,77168100,0.736,57803200,0.741,71782700,0.742,35138300,0.743,35940900,0.744,20773900,0.745,29723900,453,0,0
sh513130,09:34:56,1767836099993,09:35:58,1767836099832,0.741,0.7383,0.3657,5675.07,0.8981,1.4694,0,0,0.741,1.005,0.740,74068900,0.739,84576200,0.738,101255200,0.737,77168100,0.736,57803200,0.741,71782700,0.742,35138300,0.743,35940900,0.744,20773900,0.745,29723900,161,0,0
sh513130,09:34:59,1767836101000,09:36:00,1767836100513,0.74,0.7383,0.2303,5675.43,0.8981,1.9873,5016200,3712087,0.74,1.007,0.740,70241000,0.739,87606800,0.738,101370500,0.737,74220500,0.736,57931200,0.741,72138100,0.742,36838600,0.743,35307300,0.744,20774200,0.745,29352900,486,0,0
sh513130,09:34:59,1767836101991,09:36:00,1767836100513,0.74,0.7383,0.2303,5675.43,0.8981,1.9539,0,0,0.74,0.991,0.740,70241000,0.739,87606800,0.738,101370500,0.737,74220500,0.736,57931200,0.741,72138100,0.742,36838600,0.743,35307300,0.744,20774200,0.745,29352900,1478,0,0
sh513130,09:34:59,1767836103001,09:36:02,1767836102483,0.74,0.7383,0.2303,5676.56,0.8981,1.9337,0,0,0.74,1.01,0.740,70241000,0.739,87606800,0.738,101370500,0.737,74220500,0.736,57931200,0.741,72138100,0.742,36838600,0.743,35307300,0.744,20774200,0.745,29352900,518,0,0
sh513130,09:34:59,1767836103997,09:36:02,1767836103128,0.74,0.7383,0.2303,5676.56,0.8981,2.5007,0,0,0.74,0.996,0.740,70241000,0.739,87606800,0.738,101370500,0.737,74220500,0.736,57931200,0.741,72138100,0.742,36838600,0.743,35307300,0.744,20774200,0.745,29352900,869,0,0
sh513130,09:35:02,1767836104991,09:36:04,1767836104473,0.74,0.7376,0.3254,5674.74,0.8981,3.192,3571700,2643250,0.7401,0.994,0.740,72089200,0.739,106818000,0.738,110427600,0.737,74777600,0.736,57962900,0.741,72231000,0.742,35268100,0.743,35193200,0.744,20779700,0.745,29462900,518,0,0
sh513130,09:35:02,1767836106002,09:36:04,1767836104473,0.74,0.7376,0.3254,5674.74,0.8981,1.5792,0,0,0.74,1.011,0.740,72089200,0.739,106818000,0.738,110427600,0.737,74777600,0.736,57962900,0.741,72231000,0.742,35268100,0.743,35193200,0.744,20779700,0.745,29462900,1528,0,0
sh513130,09:35:02,1767836107000,09:36:06,1767836106507,0.74,0.7376,0.3254,5672.78,0.8981,2.0364,0,0,0.74,0.998,0.740,72089200,0.739,106818000,0.738,110427600,0.737,74777600,0.736,57962900,0.741,72231000,0.742,35268100,0.743,35193200,0.744,20779700,0.745,29462900,492,0,0
sh513130,09:35:05,1767836108005,09:36:06,1767836106507,0.74,0.7376,0.3254,5672.78,0.8981,2.4122,16551900,12248445,0.74,1.005,0.740,48492900,0.739,107027000,0.738,110480700,0.737,74787600,0.736,58012900,0.741,67757800,0.742,36186100,0.743,34223300,0.744,20772200,0.745,29462900,1498,0,0
sh513130,09:35:05,1767836108989,09:36:08,1767836108535,0.74,0.7376,0.3254,5674.7,0.8981,1.9436,0,0,0.74,0.984,0.740,48492900,0.739,107027000,0.738,110480700,0.737,74787600,0.736,58012900,0.741,67757800,0.742,36186100,0.743,34223300,0.744,20772200,0.745,29462900,453,0,0
sh513130,09:35:05,1767836109996,09:36:08,1767836108535,0.74,0.7376,0.3254,5674.7,0.8981,2.8727,0,0,0.74,1.007,0.740,48492900,0.739,107027000,0.738,110480700,0.737,74787600,0.736,58012900,0.741,67757800,0.742,36186100,0.743,34223300,0.744,20772200,0.745,29462900,1460,0,0
sh513130,09:35:05,1767836110998,09:36:10,1767836110710,0.74,0.7376,0.3254,5675.55,0.8981,3.0359,0,0,0.74,1.002,0.740,48492900,0.739,107027000,0.738,110480700,0.737,74787600,0.736,58012900,0.741,67757800,0.742,36186100,0.743,34223300,0.744,20772200,0.745,29462900,287,0,0
sh513130,09:35:08,1767836111997,09:36:10,1767836110710,0.74,0.7376,0.3254,5675.55,0.8981,2.7046,51616000,38195732,0.74,0.999,0.739,110431800,0.738,111556500,0.737,74832700,0.736,58950500,0.735,41308400,0.740,26287400,0.741,63805800,0.742,26885900,0.743,32293500,0.744,20768200,1286,0,0
sh513130,09:35:11,1767836112998,09:36:12,1767836112884,0.74,0.7382,0.2438,5676.27,0.8981,4.6578,50529600,37391953,0.74,1.001,0.739,110362200,0.738,111648700,0.737,75923300,0.736,58393600,0.735,41341600,0.740,9612800,0.741,58493600,0.742,26889800,0.743,32289700,0.744,20768200,113,0,0
sh513130,09:35:11,1767836113990,09:36:12,1767836112884,0.74,0.7382,0.2438,5676.27,0.8981,2.7939,0,0,0.74,0.992,0.739,110362200,0.738,111648700,0.737,75923300,0.736,58393600,0.735,41341600,0.740,9612800,0.741,58493600,0.742,26889800,0.743,32289700,0.744,20768200,1105,0,0
sh513130,09:35:11,1767836114998,09:36:14,1767836114482,0.74,0.7382,0.2438,5675.95,0.8981,2.8728,0,0,0.74,1.008,0.739,110362200,0.738,111648700,0.737,75923300,0.736,58393600,0.735,41341600,0.740,9612800,0.741,58493600,0.742,26889800,0.743,32289700,0.744,20768200,516,0,0
sh513130,09:35:14,1767836115990,09:36:14,1767836115056,0.74,0.7382,0.2438,5675.95,0.8981,2.6515,45134700,33399719,0.74,0.992,0.739,87536700,0.738,92966400,0.737,74959900,0.736,55445600,0.735,41509700,0.740,25691000,0.741,53889900,0.742,25295000,0.743,32792500,0.744,20768200,934,0,0
sh513130,09:35:11,1767836116993,09:36:16,1767836116561,0.74,0.7382,0.2438,5675.03,0.8981,4.3925,0,0,0.74,1.003,0.739,110362200,0.738,111648700,0.737,75923300,0.736,58393600,0.735,41341600,0.740,9612800,0.741,58493600,0.742,26889800,0.743,32289700,0.744,20768200,432,0,1
sh513130,09:35:14,1767836117991,09:36:16,1767836117235,0.74,0.7382,0.2438,5675.03,0.8981,4.3481,45134700,33399719,0.74,0.998,0.739,87536700,0.738,92966400,0.737,74959900,0.736,55445600,0.735,41509700,0.740,25691000,0.741,53889900,0.742,25295000,0.743,32792500,0.744,20768200,756,0,0
sh513130,09:35:17,1767836118997,09:36:18,1767836118509,0.74,0.7382,0.2438,5676.15,0.8981,5.4499,663200,490732,0.7399,1.006,0.739,90216100,0.738,93006700,0.737,75042800,0.736,59412500,0.735,41607300,0.740,15345100,0.741,59175400,0.742,26142400,0.743,32742500,0.744,20765200,488,0,0
sh513130,09:35:17,1767836119996,09:36:18,1767836119415,0.74,0.7382,0.2438,5676.15,0.8981,5.4526,0,0,0.74,0.999,0.739,90216100,0.738,93006700,0.737,75042800,0.736,59412500,0.735,41607300,0.740,15345100,0.741,59175400,0.742,26142400,0.743,32742500,0.744,20765200,581,0,0
sh513130,09:35:17,1767836121000,09:36:20,1767836120466,0.74,0.7382,0.2438,5676.25,0.8981,4.8856,0,0,0.74,1.004,0.739,90216100,0.738,93006700,0.737,75042800,0.736,59412500,0.735,41607300,0.740,15345100,0.741,59175400,0.742,26142400,0.743,32742500,0.744,20765200,533,0,0
sh513130,09:35:17,1767836122002,09:36:20,1767836121588,0.74,0.7382,0.2438,5676.25,0.8981,4.5187,0,0,0.74,1.002,0.739,90216100,0.738,93006700,0.737,75042800,0.736,59412500,0.735,41607300,0.740,15345100,0.741,59175400,0.742,26142400,0.743,32742500,0.744,20765200,414,0,0
sh513130,09:35:20,1767836122999,09:36:22,1767836122504,0.74,0.7382,0.2438,5676.58,0.8981,6.3048,7719400,5711413,0.7399,0.997,0.739,92356300,0.738,93026900,0.737,75152800,0.736,57292300,0.735,41734700,0.740,8652100,0.741,59976800,0.742,26053300,0.743,32662300,0.744,20765200,494,0,0
sh513130,09:35:20,1767836123996,09:36:22,1767836123767,0.74,0.7382,0.2438,5676.58,0.8981,6.2145,0,0,0.74,0.997,0.739,92356300,0.738,93026900,0.737,75152800,0.736,57292300,0.735,41734700,0.740,8652100,0.741,59976800,0.742,26053300,0.743,32662300,0.744,20765200,228,0,0
sh513130,09:35:23,1767836124994,09:36:24,1767836124525,0.74,0.7382,0.2438,5675.41,0.8981,5.8959,2766700,2046112,0.7395,0.998,0.739,88254600,0.738,93978900,0.737,75207800,0.736,61244000,0.735,41849400,0.740,18029200,0.741,60702700,0.742,24610500,0.743,32612300,0.744,20766700,469,0,0
sh513130,09:35:23,1767836126003,09:36:24,1767836125934,0.74,0.7382,0.2438,5675.41,0.8981,5.2859,0,0,0.74,1.009,0.739,88254600,0.738,93978900,0.737,75207800,0.736,61244000,0.735,41849400,0.740,18029200,0.741,60702700,0.742,24610500,0.743,32612300,0.744,20766700,69,0,0
sh513130,09:35:23,1767836127019,09:36:26,1767836126486,0.74,0.7382,0.2438,5676.49,0.8981,4.711,0,0,0.74,1.015,0.739,88254600,0.738,93978900,0.737,75207800,0.736,61244000,0.735,41849400,0.740,18029200,0.741,60702700,0.742,24610500,0.743,32612300,0.744,20766700,532,0,0
sh513130,09:35:26,1767836128016,09:36:26,1767836126486,0.74,0.7382,0.2438,5676.49,0.8981,4.631,892200,660124,0.7399,0.997,0.739,92233200,0.738,94354200,0.737,75562800,0.736,59138300,0.735,41873400,0.740,12708300,0.741,58966900,0.742,26317600,0.743,32634900,0.744,20766700,1530,0,0
sh513130,09:35:26,1767836129016,09:36:28,1767836128487,0.74,0.7382,0.2438,5676.48,0.8981,3.0324,0,0,0.74,1.001,0.739,92233200,0.738,94354200,0.737,75562800,0.736,59138300,0.735,41873400,0.740,12708300,0.741,58966900,0.742,26317600,0.743,32634900,0.744,20766700,529,0,0
sh513130,09:35:26,1767836130010,09:36:28,1767836128487,0.74,0.7382,0.2438,5676.48,0.8981,2.9754,0,0,0.74,0.993,0.739,92233200,0.738,94354200,0.737,75562800,0.736,59138300,0.735,41873400,0.740,12708300,0.741,58966900,0.742,26317600,0.743,32634900,0.744,20766700,1523,0,0
sh513130,09:35:29,1767836131009,09:36:30,1767836130718,0.74,0.7382,0.2438,5676.76,0.8981,3.6692,3512400,2598949,0.7399,0.999,0.739,107405000,0.738,94476700,0.737,75609800,0.736,40722100,0.735,41893400,0.740,1287400,0.741,58042300,0.742,27215000,0.743,32635200,0.744,20892200,290,0,0
sh513130,09:35:29,1767836131997,09:36:30,1767836130718,0.74,0.7382,0.2438,5676.76,0.8981,2.6987,0,0,0.74,0.989,0.739,107405000,0.738,94476700,0.737,75609800,0.736,40722100,0.735,41893400,0.740,1287400,0.741,58042300,0.742,27215000,0.743,32635200,0.744,20892200,1279,0,0
sh513130,09:35:29,1767836133003,09:36:32,1767836132566,0.74,0.7382,0.2438,5677.11,0.8981,2.6878,0,0,0.74,1.006,0.739,107405000,0.738,94476700,0.737,75609800,0.736,40722100,0.735,41893400,0.740,1287400,0.741,58042300,0.742,27215000,0.743,32635200,0.744,20892200,436,0,0
sh513130,09:35:29,1767836133991,09:36:32,1767836132566,0.74,0.7382,0.2438,5677.11,0.8981,3.1241,0,0,0.74,0.988,0.739,107405000,0.738,94476700,0.737,75609800,0.736,40722100,0.735,41893400,0.740,1287400,0.741,58042300,0.742,27215000,0.743,32635200,0.744,20892200,1424,0,0
sh513130,09:35:32,1767836134994,09:36:34,1767836134652,0.74,0.7382,0.2438,5677.04,0.8981,2.2464,2604400,1927195,0.74,1.003,0.739,92602200,0.738,94454900,0.737,75638600,0.736,56581400,0.735,41913600,0.740,10627000,0.741,57116600,0.742,25594000,0.743,32631200,0.744,20892200,342,0,0
sh513130,09:35:32,1767836135993,09:36:34,1767836134652,0.74,0.7382,0.2438,5677.04,0.8981,2.4949,0,0,0.74,0.999,0.739,92602200,0.738,94454900,0.737,75638600,0.736,56581400,0.735,41913600,0.740,10627000,0.741,57116600,0.742,25594000,0.743,32631200,0.744,20892200,1341,0,0
sh513130,09:35:35,1767836136989,09:36:36,1767836136819,0.74,0.7382,0.2438,5677.72,0.8981,2.4949,1777500,1315223,0.7399,0.996,0.739,93693500,0.738,79526800,0.737,60645900,0.736,40772200,0.735,42005100,0.740,6846400,0.741,56588800,0.742,27012300,0.743,32631200,0.744,20892200,170,0,0
sh513130,09:35:35,1767836137991,09:36:36,1767836136819,0.74,0.7382,0.2438,5677.72,0.8981,2.7555,0,0,0.74,1.002,0.739,93693500,0.738,79526800,0.737,60645900,0.736,40772200,0.735,42005100,0.740,6846400,0.741,56588800,0.742,27012300,0.743,32631200,0.744,20892200,1172,0,0
sh513130,09:35:35,1767836139000,09:36:38,1767836138986,0.74,0.7382,0.2438,5677.01,0.8981,2.7471,0,0,0.74,1.009,0.739,93693500,0.738,79526800,0.737,60645900,0.736,40772200,0.735,42005100,0.740,6846400,0.741,56588800,0.742,27012300,0.743,32631200,0.744,20892200,13,0,0
sh513130,09:35:35,1767836139994,09:36:38,1767836138986,0.74,0.7382,0.2438,5677.01,0.8981,2.9959,0,0,0.74,0.994,0.739,93693500,0.738,79526800,0.737,60645900,0.736,40772200,0.735,42005100,0.740,6846400,0.741,56588800,0.742,27012300,0.743,32631200,0.744,20892200,1007,0,0
sh513130,09:35:38,1767836140997,09:36:40,1767836140532,0.74,0.7382,0.2438,5676.81,0.8981,3.3103,39391800,29149932,0.74,1.004,0.739,89065300,0.738,79751100,0.737,60578300,0.736,40804100,0.735,42156100,0.740,11025300,0.741,56466700,0.742,29617800,0.743,32720000,0.744,20942200,465,0,0
sh513130,09:35:38,1767836141993,09:36:40,1767836141153,0.74,0.7382,0.2438,5676.81,0.8981,2.242,0,0,0.74,0.996,0.739,89065300,0.738,79751100,0.737,60578300,0.736,40804100,0.735,42156100,0.740,11025300,0.741,56466700,0.742,29617800,0.743,32720000,0.744,20942200,839,0,0
sh513130,09:35:41,1767836142994,09:36:42,1767836142545,0.74,0.7383,0.2303,5676.6,0.8981,2.1987,1876900,1388890,0.74,1.001,0.739,90140300,0.738,79932800,0.737,60592000,0.736,40824100,0.735,43520500,0.740,24149700,0.741,56537900,0.742,29665200,0.743,32732600,0.744,20942200,449,0,0
sh513130,09:35:41,1767836144001,09:36:42,1767836143330,0.74,0.7383,0.2303,5676.6,0.8981,2.5286,0,0,0.74,1.007,0.739,90140300,0.738,79932800,0.737,60592000,0.736,40824100,0.735,43520500,0.740,24149700,0.741,56537900,0.742,29665200,0.743,32732600,0.744,20942200,671,0,0
sh513130,09:35:41,1767836144996,09:36:44,1767836144503,0.74,0.7383,0.2303,5676.44,0.8981,2.4802,0,0,0.74,0.996,0.739,90140300,0.738,79932800,0.737,60592000,0.736,40824100,0.735,43520500,0.740,24149700,0.741,56537900,0.742,29665200,0.743,32732600,0.744,20942200,493,0,0
sh513130,09:35:44,1767836145995,09:36:44,1767836145511,0.739,0.7383,0.0948,5676.44,0.8981,3.123,508600,376233,0.7397,0.999,0.739,87566000,0.738,79832200,0.737,61067300,0.736,41248300,0.735,43563600,0.740,25416800,0.741,55443200,0.742,27997400,0.743,32732600,0.744,20942200,484,0,0
sh513130,09:35:41,1767836146996,09:36:46,1767836146495,0.74,0.7383,0.2303,5677.69,0.8981,3.1206,0,0,0.74,1.001,0.739,90140300,0.738,79932800,0.737,60592000,0.736,40824100,0.735,43520500,0.740,24149700,0.741,56537900,0.742,29665200,0.743,32732600,0.744,20942200,501,0,1
sh513130,09:35:44,1767836147994,09:36:46,1767836147695,0.739,0.7383,0.0948,5677.69,0.8981,3.847,508600,376233,0.7397,0.998,0.739,87566000,0.738,79832200,0.737,61067300,0.736,41248300,0.735,43563600,0.740,25416800,0.741,55443200,0.742,27997400,0.743,32732600,0.744,20942200,298,0,0
sh513130,09:35:47,1767836149003,09:36:48,1767836148497,0.74,0.7383,0.2303,5678.8,0.8981,7.3202,3674900,2717837,0.7396,1.009,0.739,93303500,0.738,79868100,0.737,61082700,0.736,41262700,0.735,43618300,0.740,15314200,0.741,62444500,0.742,31138700,0.743,32763200,0.744,20995200,506,0,0
sh513130,09:35:47,1767836150000,09:36:48,1767836149867,0.74,0.7383,0.2303,5678.8,0.8981,5.6738,0,0,0.74,0.997,0.739,93303500,0.738,79868100,0.737,61082700,0.736,41262700,0.735,43618300,0.740,15314200,0.741,62444500,0.742,31138700,0.743,32763200,0.744,20995200,132,0,0
sh513130,09:35:47,1767836151006,09:36:50,1767836150486,0.74,0.7383,0.2303,5677.56,0.8981,4.9089,0,0,0.74,1.007,0.739,93303500,0.738,79868100,0.737,61082700,0.736,41262700,0.735,43618300,0.740,15314200,0.741,62444500,0.742,31138700,0.743,32763200,0.744,20995200,520,0,0
sh513130,09:35:47,1767836152009,09:36:50,1767836150486,0.74,0.7383,0.2303,5677.56,0.8981,3.9863,0,0,0.74,1.002,0.739,93303500,0.738,79868100,0.737,61082700,0.736,41262700,0.735,43618300,0.740,15314200,0.741,62444500,0.742,31138700,0.743,32763200,0.744,20995200,1522,0,0
sh513130,09:35:50,1767836153008,09:36:52,1767836152554,0.74,0.7383,0.2303,5678.19,0.8981,3.6008,1878400,1389934,0.74,1.0,0.739,94875500,0.738,80138600,0.737,61393300,0.736,41282700,0.735,44698400,0.740,16418200,0.741,62431600,0.742,30193000,0.743,32737500,0.744,20995200,454,0,0
sh513130,09:35:53,1767836154014,09:36:52,1767836152554,0.74,0.7382,0.2438,5678.19,0.8981,4.2667,8634000,6388685,0.7399,1.005,0.739,112080800,0.738,95344700,0.737,76393300,0.736,41373000,0.735,44708900,0.740,1262700,0.741,63175900,0.742,30276200,0.743,32737500,0.744,20999700,1460,0,0
sh513130,09:35:50,1767836155017,09:36:54,1767836154469,0.74,0.7383,0.2303,5678.36,0.8981,3.3342,0,0,0.74,1.003,0.739,94875500,0.738,80138600,0.737,61393300,0.736,41282700,0.735,44698400,0.740,16418200,0.741,62431600,0.742,30193000,0.743,32737500,0.744,20995200,548,0,1
sh513130,09:35:53,1767836156019,09:36:54,1767836154469,0.74,0.7382,0.2438,5678.36,0.8981,2.9307,8634000,6388685,0.7399,1.002,0.739,112080800,0.738,95344700,0.737,76393300,0.736,41373000,0.735,44708900,0.740,1262700,0.741,63175900,0.742,30276200,0.743,32737500,0.744,20999700,1550,0,0
sh513130,09:35:53,1767836157031,09:36:56,1767836156527,0.74,0.7382,0.2438,5677.88,0.8981,2.5581,0,0,0.74,1.011,0.739,112080800,0.738,95344700,0.737,76393300,0.736,41373000,0.735,44708900,0.740,1262700,0.741,63175900,0.742,30276200,0.743,32737500,0.744,20999700,503,0,0
sh513130,09:35:56,1767836158029,09:36:56,1767836156527,0.74,0.7382,0.2438,5677.88,0.8981,2.297,2829500,2093706,0.74,0.998,0.739,113601500,0.738,95434900,0.737,76422800,0.736,41547500,0.735,44802400,0.740,716500,0.741,63954800,0.742,32326200,0.743,34967500,0.744,20999700,1501,0,0
sh513130,09:35:56,1767836159033,09:36:58,1767836158557,0.74,0.7382,0.2438,5680.05,0.8981,3.6523,0,0,0.74,1.004,0.739,113601500,0.738,95434900,0.737,76422800,0.736,41547500,0.735,44802400,0.740,716500,0.741,63954800,0.742,32326200,0.743,34967500,0.744,20999700,476,0,0
sh513130,09:35:56,1767836160023,09:36:58,1767836158557,0.74,0.7382,0.2438,5680.05,0.8981,3.6885,0,0,0.74,0.99,0.739,113601500,0.738,95434900,0.737,76422800,0.736,41547500,0.735,44802400,0.740,716500,0.741,63954800,0.742,32326200,0.743,34967500,0.744,20999700,1466,0,0
sh513130,09:35:59,1767836161024,09:37:00,1767836160727,0.74,0.7382,0.2438,5678.71,0.8981,3.3401,878900,650386,0.74,1.001,0.740,40356600,0.739,120145300,0.738,97640900,0.737,81542100,0.736,41576100,0.741,61997300,0.742,32397200,0.743,37887400,0.744,20999700,0.745,28677700,295,0,0
sh513130,09:35:59,1767836162019,09:37:00,1767836160727,0.74,0.7382,0.2438,5678.71,0.8981,3.2782,0,0,0.74,0.996,0.740,40356600,0.739,120145300,0.738,97640900,0.737,81542100,0.736,41576100,0.741,61997300,0.742,32397200,0.743,37887400,0.744,20999700,0.745,28677700,1290,0,0
sh513130,09:35:59,1767836163035,09:37:02,1767836162904,0.74,0.7382,0.2438,5679.88,0.8981,3.5612,0,0,0.74,1.016,0.740,40356600,0.739,120145300,0.738,97640900,0.737,81542100,0.736,41576100,0.741,61997300,0.742,32397200,0.743,37887400,0.744,20999700,0.745,28677700,130,0,0
sh513130,09:35:59,1767836164037,09:37:02,1767836163127,0.74,0.7382,0.2438,5679.88,0.8981,2.9834,0,0,0.74,1.002,0.740,40356600,0.739,120145300,0.738,97640900,0.737,81542100,0.736,41576100,0.741,61997300,0.742,32397200,0.743,37887400,0.744,20999700,0.745,28677700,908,0,0
sh513130,09:36:02,1767836165047,09:37:04,1767836164542,0.74,0.7382,0.2438,5678.85,0.8981,2.5667,11112800,8223472,0.74,1.01,0.740,9548700,0.739,122226700,0.738,99700200,0.737,81225200,0.736,41593000,0.741,65857000,0.742,41419700,0.743,37887400,0.744,20990700,0.745,28677700,505,0,0
sh513130,09:36:02,1767836166050,09:37:04,1767836165079,0.74,0.7382,0.2438,5678.85,0.8981,2.8994,0,0,0.74,1.002,0.740,9548700,0.739,122226700,0.738,99700200,0.737,81225200,0.736,41593000,0.741,65857000,0.742,41419700,0.743,37887400,0.744,20990700,0.745,28677700,970,0,0
sh513130,09:36:02,1767836167041,09:37:06,1767836166578,0.74,0.7382,0.2438,5678.95,0.8981,4.7057,0,0,0.74,0.991,0.740,9548700,0.739,122226700,0.738,99700200,0.737,81225200,0.736,41593000,0.741,65857000,0.742,41419700,0.743,37887400,0.744,20990700,0.745,28677700,463,0,0
sh513130,09:36:05,1767836168049,09:37:06,1767836167253,0.74,0.7382,0.2438,5678.95,0.8981,4.123,10453600,7735662,0.74,1.008,0.739,122956900,0.738,100688500,0.737,81704700,0.736,41626600,0.735,45347300,0.740,24305300,0.741,65724200,0.742,29353400,0.743,37107400,0.744,21114200,795,0,0
sh513130,09:36:05,1767836169040,09:37:08,1767836168560,0.74,0.7382,0.2438,5678.21,0.8981,4.0499,0,0,0.74,0.991,0.739,122956900,0.738,100688500,0.737,81704700,0.736,41626600,0.735,45347300,0.740,24305300,0.741,65724200,0.742,29353400,0.743,37107400,0.744,21114200,480,0,0
sh513130,09:36:08,1767836170036,09:37:08,1767836169416,0.74,0.7382,0.2438,5678.21,0.8981,3.4464,2172100,1607354,0.74,0.996,0.739,108433800,0.738,100855200,0.737,81798400,0.736,56656600,0.735,45420700,0.740,40461400,0.741,62906000,0.742,29364200,0.743,33625400,0.744,21114200,619,0,0
