symbol,tx_server_time,tx_local_time,index_price,fx_rate,sentiment,price,iopv,premium_rate,tick_vol,tick_amt,tick_vwap,bp1,bv1,bp2,bv2,bp3,bv3,bp4,bv4,bp5,bv5,sp1,sv1,sp2,sv2,sp3,sv3,sp4,sv4,sp5,sv5,idx_delay_ms,fut_delay_ms,data_flags
sh513130,09:29:44,1768440590091,,0.8939,0.0,0.758,0.7609,-0.3811,0,0,0.758,0.758,17531200,0.757,16165800,0.756,32442900,0.755,32100600,0.754,34455000,0.759,7943300,0.760,9240300,0.761,16075300,0.762,19281300,0.763,15913800,99999,99999,1
sh513130,09:29:47,1768440592072,,0.8939,0.0,0.758,0.7609,-0.3811,0,0,0.758,0.758,17531200,0.757,16165800,0.756,32442900,0.755,32100600,0.754,34455000,0.759,7943300,0.760,9240300,0.761,16075300,0.762,19281300,0.763,15913800,99999,99999,0
sh513130,09:29:50,1768440594101,,0.8939,0.0,0.758,0.7609,-0.3811,0,0,0.758,0.758,17531200,0.757,16165800,0.756,32442900,0.755,32100600,0.754,34455000,0.759,7943300,0.760,9240300,0.761,16075300,0.762,19281300,0.763,15913800,99999,99999,0
sh513130,09:29:53,1768440596129,,0.8939,0.0,0.758,0.7609,-0.3811,0,0,0.758,0.758,17531200,0.757,16165800,0.756,32442900,0.755,32100600,0.754,34455000,0.759,7943300,0.760,9240300,0.761,16075300,0.762,19281300,0.763,15913800,99999,99999,0
sh513130,09:29:56,1768440600194,,0.8939,0.0,0.758,0.7609,-0.3811,0,0,0.758,0.758,17531200,0.757,16165800,0.756,32442900,0.755,32100600,0.754,34455000,0.759,7943300,0.760,9240300,0.761,16075300,0.762,19281300,0.763,15913800,99999,99999,0
sh513130,09:29:59,1768440603230,,0.8939,0.0,0.758,0.7609,-0.3811,0,0,0.758,0.758,17531200,0.757,16165800,0.756,32442900,0.755,32100600,0.754,34455000,0.759,7943300,0.760,9240300,0.761,16075300,0.762,19281300,0.763,15913800,99999,99999,0
sh513130,09:30:02,1768440605246,,0.8939,3.2043,0.759,0.7609,-0.2497,5316900,4030422,0.758,0.758,12499300,0.757,19656000,0.756,33451000,0.755,31135000,0.754,34488000,0.759,17327700,0.760,10811800,0.761,16591000,0.762,19638600,0.763,16878900,99999,99999,0
sh513130,09:30:05,1768440608275,,0.8939,3.2496,0.759,0.7589,0.0132,2693900,2042782,0.7583,0.758,10846100,0.757,22279800,0.756,35082100,0.755,35045800,0.754,36235700,0.759,18381400,0.760,12050700,0.761,16922600,0.762,18743700,0.763,17075800,99999,99999,0
sh513130,09:30:08,1768440612271,5849.39,0.8939,0.288,0.759,0.7589,0.0132,12180300,9233760,0.7581,0.758,1532300,0.757,23155400,0.756,36303800,0.755,36564400,0.754,36800800,0.759,20605300,0.760,13151000,0.761,14436300,0.762,18987900,0.763,17254000,1298,99999,0
sh513130,09:30:11,1768440616319,5842.7,0.8939,3.6402,0.758,0.7582,-0.0264,7329500,5555900,0.758,0.757,23966900,0.756,33614300,0.755,37009900,0.754,37269600,0.753,36573600,0.758,9768600,0.759,25357400,0.760,18488900,0.761,14624900,0.762,17656200,1059,99999,0
sh513130,09:30:14,1768440618339,5838.48,0.8939,2.8934,0.758,0.7569,0.1453,1940600,1469849,0.7574,0.757,22561300,0.756,34928300,0.755,36166800,0.754,50147600,0.753,41903300,0.758,11924500,0.759,30559500,0.760,19179900,0.761,16666900,0.762,18159700,927,99999,0
sh513130,09:30:17,1768440621352,5837.62,0.8939,2.4991,0.758,0.7569,0.1453,3854600,2919556,0.7574,0.757,23146900,0.756,31359900,0.755,33893500,0.754,67877900,0.753,59437300,0.758,14422700,0.759,50212900,0.760,20116400,0.761,18662000,0.762,18171700,769,99999,0
sh513130,09:30:20,1768440624380,5835.36,0.8939,2.1448,0.758,0.7556,0.3176,3108200,2354094,0.7574,0.757,22454200,0.756,31767900,0.755,36778500,0.754,67985800,0.753,59596000,0.758,23942900,0.759,58416100,0.760,19250800,0.761,18687200,0.762,18369500,485,99999,0
sh513130,09:30:23,1768440626408,5833.01,0.8939,2.1554,0.758,0.7556,0.3176,4072900,3086069,0.7577,0.757,22336300,0.756,31412800,0.755,37948300,0.754,66031900,0.753,60695900,0.758,29024100,0.759,62706200,0.760,29901400,0.761,18687200,0.762,18413400,366,99999,0
sh513130,09:30:26,1768440629435,5825.86,0.8939,2.1621,0.758,0.7556,0.3176,9230900,6989233,0.7572,0.757,14424000,0.756,31271700,0.755,37622100,0.754,66108900,0.753,63699900,0.758,45972000,0.759,51122100,0.760,29120200,0.761,20021200,0.762,18542700,854,99999,0
sh513130,09:30:23,1768440630434,5825.86,0.8939,1.6488,0.758,0.7556,0.3176,0,0,0.758,0.757,22336300,0.756,31412800,0.755,37948300,0.754,66031900,0.753,60695900,0.758,29024100,0.759,62706200,0.760,29901400,0.761,18687200,0.762,18413400,91,99999,2
sh513130,09:30:26,1768440631450,5823.2,0.8939,2.6094,0.758,0.7556,0.3176,0,0,0.758,0.757,14424000,0.756,31271700,0.755,37622100,0.754,66108900,0.753,63699900,0.758,45972000,0.759,51122100,0.760,29120200,0.761,20021200,0.762,18542700,844,99999,0
sh513130,09:30:29,1768440633450,5826.79,0.8939,3.0026,0.757,0.7556,0.1853,15408700,11664532,0.757,0.756,31249100,0.755,36937500,0.754,46369000,0.753,63673200,0.752,42056900,0.757,7023200,0.758,52109900,0.759,47768000,0.760,29006200,0.761,18021400,923,99999,0
sh513130,09:30:32,1768440636450,5825.36,0.8939,1.0542,0.757,0.7543,0.3579,14452500,10929343,0.7562,0.756,20251600,0.755,37037400,0.754,37969100,0.753,63719700,0.752,42326600,0.757,9425600,0.758,49936600,0.759,47285100,0.760,26841200,0.761,17224700,17,99999,0
sh513130,09:30:35,1768440639460,5823.12,0.8939,1.4007,0.757,0.7542,0.3713,3285600,2486792,0.7569,0.756,20485300,0.755,37671100,0.754,28743400,0.753,56634100,0.752,40062600,0.757,28762900,0.758,50989500,0.759,41763200,0.760,25451100,0.761,17365300,500,99999,0
sh513130,09:30:38,1768440641491,5820.72,0.8939,1.0454,0.756,0.7542,0.2387,21227400,16050755,0.7561,0.756,2420200,0.755,38267400,0.754,28846500,0.753,44651300,0.752,40104400,0.757,31750100,0.758,52640300,0.759,31612600,0.760,25456800,0.761,17375300,361,99999,0
sh513130,09:30:41,1768440644540,5820.55,0.8939,3.8812,0.756,0.7536,0.3185,6517400,4928497,0.7562,0.755,39987200,0.754,28843700,0.753,32647700,0.752,45616800,0.751,28581200,0.756,1567200,0.757,19753000,0.758,43281900,0.759,24907100,0.760,10478900,88,99999,0
sh513130,09:30:44,1768440648545,5820.65,0.8939,3.6295,0.756,0.7536,0.3185,3385400,2558265,0.7557,0.755,40013900,0.754,27946000,0.753,31777900,0.752,40650600,0.751,29584000,0.756,34208200,0.757,33569300,0.758,35547900,0.759,25318300,0.760,10527700,12,99999,0
sh513130,09:30:47,1768440651541,5823.15,0.8939,4.2134,0.756,0.7536,0.3185,16233700,12259098,0.7552,0.755,28554800,0.754,28051400,0.753,30429200,0.752,47433900,0.751,29850000,0.756,17876000,0.757,35405500,0.758,36241000,0.759,23247100,0.760,8523800,1039,99999,0
sh513130,09:30:50,1768440653547,5825.36,0.8939,6.4851,0.755,0.7536,0.1858,31297800,23631192,0.755,0.754,27313600,0.753,27591200,0.752,38244300,0.751,44872800,0.750,46939700,0.755,229600,0.756,24691600,0.757,31890700,0.758,46037600,0.759,21250500,1061,99999,0
sh513130,09:30:53,1768440656570,5830.41,0.8939,7.68,0.755,0.7536,0.1858,5754500,4344602,0.755,0.754,31513700,0.753,27467200,0.752,52501100,0.751,62873500,0.750,47108500,0.755,43893200,0.756,46754300,0.757,47019700,0.758,45417400,0.759,20257300,76,99999,0
sh513130,09:30:56,1768440659609,5831.02,0.8939,5.4728,0.755,0.7549,0.0132,8694600,6563970,0.7549,0.754,30006100,0.753,65406300,0.752,61015900,0.751,41888500,0.750,39936200,0.755,2366100,0.756,49964400,0.757,28976100,0.758,42737400,0.759,22031000,1038,99999,0
sh513130,09:30:59,1768440663642,5831.93,0.8939,8.3206,0.755,0.7549,0.0132,8896000,6715810,0.7549,0.754,43616400,0.753,66541000,0.752,61176000,0.751,44911200,0.750,39923200,0.755,11841600,0.756,52480300,0.757,50789800,0.758,39309700,0.759,27111700,985,99999,0
sh513130,09:31:02,1768440666673,5830.47,0.8939,5.4453,0.756,0.7549,0.1457,17789600,13430368,0.755,0.755,1492700,0.754,49494100,0.753,67309500,0.752,64156100,0.751,47053600,0.756,50763500,0.757,39432200,0.758,39092300,0.759,19976900,0.760,11205300,107,99999,0
sh513130,09:31:05,1768440668686,5828.38,0.8939,3.8325,0.755,0.7556,-0.0794,6705600,5062037,0.7549,0.754,25917500,0.753,73514900,0.752,64298700,0.751,47053600,0.750,38601100,0.755,23413100,0.756,42075800,0.757,46585900,0.758,38410700,0.759,20228100,170,99999,0
sh513130,09:31:08,1768440672730,5826.77,0.8939,3.602,0.755,0.7556,-0.0794,14717900,11100184,0.7542,0.754,23002600,0.753,71886000,0.752,61486500,0.751,47133600,0.750,41631400,0.755,17407800,0.756,63975300,0.757,29746800,0.758,38710600,0.759,20269300,140,99999,0
sh513130,09:31:11,1768440674740,5827.57,0.8939,3.3196,0.754,0.7544,-0.053,17684100,13334123,0.754,0.753,63552300,0.752,64539300,0.751,65214400,0.750,45612400,0.749,11808400,0.754,12395600,0.755,35902000,0.756,52083800,0.757,29784700,0.758,38586700,218,99999,0
sh513130,09:31:14,1768440678795,5829.99,0.8939,3.9293,0.755,0.7544,0.0795,9078900,6845873,0.754,0.754,6024000,0.753,62421700,0.752,68387200,0.751,67659000,0.750,39712600,0.755,35954900,0.756,62835900,0.757,26469300,0.758,38562700,0.759,19838100,203,99999,0
sh513130,09:31:17,1768440680812,5827.56,0.8939,3.7748,0.755,0.7538,0.1592,1037800,783369,0.7548,0.754,9903800,0.753,62701200,0.752,68294100,0.751,67672900,0.750,39870800,0.755,38671300,0.756,62893100,0.757,30087100,0.758,35348600,0.759,19838100,216,99999,0
sh513130,09:31:20,1768440682826,5827.57,0.8939,3.7069,0.754,0.7544,-0.053,8475900,6391087,0.754,0.753,65584000,0.752,65343000,0.751,67772500,0.750,40086700,0.749,11838400,0.754,3970200,0.755,43350300,0.756,53504200,0.757,27910900,0.758,35795000,265,99999,0
sh513130,09:31:23,1768440686843,5825.92,0.8939,3.1666,0.754,0.7544,-0.053,4286500,3231923,0.754,0.753,75797800,0.752,65592700,0.751,67845600,0.750,46439900,0.749,14131200,0.754,4151700,0.755,51421100,0.756,59445500,0.757,26951500,0.758,35795000,245,99999,0
sh513130,09:31:26,1768440689856,5824.18,0.8939,3.4357,0.754,0.7537,0.0398,2495600,1881067,0.7538,0.753,71195500,0.752,66643200,0.751,68930900,0.750,50776800,0.749,14318100,0.754,29242500,0.755,53479900,0.756,38223800,0.757,26935600,0.758,35429900,1312,99999,0
sh513130,09:31:29,1768440693876,5822.91,0.8939,3.5526,0.754,0.7537,0.0398,2364700,1782784,0.7539,0.753,36909200,0.752,66953200,0.751,69756700,0.750,50878800,0.749,14324200,0.754,38604400,0.755,51771100,0.756,39305600,0.757,28914700,0.758,34425100,1059,99999,0
sh513130,09:31:32,1768440695881,5826.01,0.8939,3.8149,0.754,0.7537,0.0398,2228100,1679906,0.754,0.753,76034800,0.752,67583600,0.751,71304800,0.750,43920000,0.749,14390300,0.754,10007800,0.755,53683800,0.756,62014200,0.757,29014700,0.758,31366000,900,99999,0
sh513130,09:31:35,1768440698893,5829.15,0.8939,6.9201,0.754,0.7531,0.1195,3727900,2810393,0.7539,0.753,77005400,0.752,71481400,0.751,70664100,0.750,41130300,0.749,14359600,0.754,9200100,0.755,52246100,0.756,62129200,0.757,29004800,0.758,31255400,340,99999,0
sh513130,09:31:38,1768440701906,5830.2,0.8939,5.1579,0.754,0.7531,0.1195,9712000,7321995,0.7539,0.753,78984200,0.752,72367000,0.751,70775000,0.750,41331400,0.749,14406300,0.754,1192200,0.755,47421500,0.756,61917700,0.757,32010100,0.758,36276400,463,99999,0
sh513130,09:31:41,1768440705917,5831.43,0.8939,2.1778,0.755,0.7544,0.0795,3512300,2648349,0.754,0.754,7739300,0.753,84593700,0.752,78485600,0.751,75773000,0.750,41651700,0.755,64219400,0.756,78109900,0.757,46950100,0.758,36053200,0.759,21918000,195,99999,0
sh513130,09:31:44,1768440707915,5831.07,0.8939,2.3067,0.754,0.7544,-0.053,2310000,1742255,0.7542,0.754,8767300,0.753,86054100,0.752,76866300,0.751,57849300,0.750,41485500,0.755,63390000,0.756,78299300,0.757,46950100,0.758,35856100,0.759,21918000,15,99999,0
sh513130,09:31:47,1768440711921,5830.17,0.8939,2.9102,0.754,0.7544,-0.053,5296100,3993744,0.7541,0.754,14466700,0.753,86278300,0.752,78323600,0.751,57906100,0.750,41631000,0.755,64069700,0.756,78251000,0.757,46960100,0.758,36104600,0.759,21917900,1436,99999,0
sh513130,09:31:50,1768440713918,5829.21,0.8939,2.0797,0.755,0.7537,0.1725,12605400,9504965,0.754,0.754,3439900,0.753,86825200,0.752,79072100,0.751,58576100,0.750,41855100,0.755,62822000,0.756,77568800,0.757,34132300,0.758,36285200,0.759,21793300,1371,99999,0
sh513130,09:31:53,1768440716933,5828.18,0.8939,2.6886,0.754,0.7537,0.0398,2259100,1704339,0.7544,0.754,5879500,0.753,87126800,0.752,79980600,0.751,58735700,0.750,42027600,0.755,63475600,0.756,79573300,0.757,33142300,0.758,36257800,0.759,21833300,373,99999,0
sh513130,09:31:56,1768440719961,5828.1,0.8939,1.3489,0.754,0.7544,-0.053,27026400,20378888,0.754,0.754,2466200,0.753,88510100,0.752,74224700,0.751,58787900,0.750,42144100,0.755,58343400,0.756,59139100,0.757,30192700,0.758,36756400,0.759,21825600,1298,99999,0
sh513130,09:31:59,1768440723988,5831.43,0.8939,2.4096,0.755,0.7544,0.0795,801200,604690,0.7547,0.754,39502400,0.753,89791400,0.752,76017800,0.751,53801900,0.750,42272700,0.755,58785800,0.756,59228200,0.757,31286700,0.758,36711300,0.759,22424200,702,99999,0
sh513130,09:32:02,1768440726013,5831.88,0.8939,3.5796,0.755,0.7537,0.1725,902500,681229,0.7548,0.754,55046300,0.753,87833300,0.752,76096300,0.751,43461900,0.750,42728800,0.755,17256800,0.756,77262800,0.757,49406000,0.758,36672600,0.759,27559800,888,99999,0
sh513130,09:32:05,1768440730051,5833.23,0.8939,2.7503,0.755,0.7544,0.0795,13298500,10037817,0.7548,0.754,55650300,0.753,88062000,0.752,77061900,0.751,43459000,0.750,43218400,0.755,21475700,0.756,77253900,0.757,34406500,0.758,36672600,0.759,27579800,621,99999,0
sh513130,09:32:08,1768440732079,5832.82,0.8939,5.4967,0.755,0.7544,0.0795,2881100,2174978,0.7549,0.754,57729500,0.753,91092100,0.752,77156400,0.751,43495800,0.750,43282000,0.755,22836400,0.756,78573200,0.757,35409100,0.758,36532500,0.759,27629900,486,99999,0
sh513130,09:32:11,1768440736105,5832.2,0.8939,4.1076,0.755,0.7544,0.0795,1845700,1393435,0.755,0.754,46556600,0.753,96990500,0.752,78014800,0.751,55869900,0.750,43385500,0.755,46875000,0.756,59873700,0.757,36325000,0.758,36692100,0.759,22631900,214,99999,0
sh513130,09:32:14,1768440739117,5835.1,0.8939,3.331,0.755,0.7544,0.0795,5251000,3961902,0.7545,0.754,60306000,0.753,91981400,0.752,78865900,0.751,43582000,0.750,43419500,0.755,6235500,0.756,78909900,0.757,51306100,0.758,36693600,0.759,22758800,622,99999,0
sh513130,09:32:17,1768440741148,5835.34,0.8939,6.6226,0.755,0.7544,0.0795,2269500,1713383,0.755,0.754,61719100,0.753,92068700,0.752,79582700,0.751,43643400,0.750,43432100,0.755,5242000,0.756,80444500,0.757,51398100,0.758,36688200,0.759,27758800,630,99999,0
sh513130,09:32:20,1768440744196,5834.85,0.8939,7.0231,0.755,0.7544,0.0795,5602100,4229601,0.755,0.755,8456100,0.754,63426000,0.753,93239500,0.752,79594200,0.751,43725100,0.756,79579800,0.757,51839600,0.758,36688200,0.759,27910800,0.760,14668200,1611,99999,0
sh513130,09:32:17,1768440745212,5837.51,0.8939,6.5578,0.755,0.7544,0.0795,0,0,0.755,0.754,61719100,0.753,92068700,0.752,79582700,0.751,43643400,0.750,43432100,0.755,5242000,0.756,80444500,0.757,51398100,0.758,36688200,0.759,27758800,700,99999,2
sh513130,09:32:20,1768440746208,5837.51,0.8939,5.9885,0.755,0.7544,0.0795,0,0,0.755,0.755,8456100,0.754,63426000,0.753,93239500,0.752,79594200,0.751,43725100,0.756,79579800,0.757,51839600,0.758,36688200,0.759,27910800,0.760,14668200,1696,99999,0
sh513130,09:32:23,1768440747223,5839.14,0.8939,7.3609,0.755,0.7544,0.0795,187200,141356,0.7551,0.755,30201800,0.754,58393900,0.753,96265000,0.752,67410700,0.751,41271500,0.756,34302600,0.757,70848500,0.758,57770100,0.759,27958400,0.760,14668200,559,99999,0
sh513130,09:32:26,1768440750232,5838.61,0.8939,5.9575,0.756,0.7551,0.1192,1144500,864414,0.7553,0.755,27707100,0.754,62314500,0.753,100429900,0.752,71897600,0.751,41322100,0.756,66029900,0.757,44840800,0.758,44760100,0.759,28049300,0.760,19638200,1411,99999,0
sh513130,09:32:29,1768440753269,5839.93,0.8939,4.6996,0.756,0.7551,0.1192,868800,656083,0.7552,0.755,33677200,0.754,64960700,0.753,100733200,0.752,67533400,0.751,41332100,0.756,53722300,0.757,65440800,0.758,44760200,0.759,28049300,0.760,19638300,147,99999,0
sh513130,09:32:32,1768440756294,5839.83,0.8939,5.446,0.756,0.7551,0.1192,1965800,1486007,0.7559,0.755,50156400,0.754,66080400,0.753,101487700,0.752,67592200,0.751,41317100,0.756,72825700,0.757,49850800,0.758,44742100,0.759,28049300,0.760,14642300,1018,99999,0
sh513130,09:32:35,1768440760339,5838.1,0.8939,4.1303,0.756,0.7557,0.0397,519600,392767,0.7559,0.755,61643400,0.754,66730500,0.753,102299100,0.752,62683200,0.751,41287100,0.756,58359800,0.757,61177500,0.758,44731300,0.759,28136400,0.760,14637800,767,99999,0
sh513130,09:32:38,1768440761352,5838.29,0.8939,4.0809,0.756,0.7557,0.0397,1789400,1352608,0.7559,0.755,67320600,0.754,64479100,0.753,103330100,0.752,65703200,0.751,41555200,0.756,49631200,0.757,65433000,0.758,43636100,0.759,28338200,0.760,20181400,835,99999,0
sh513130,09:32:41,1768440764399,5839.54,0.8939,5.6208,0.756,0.7557,0.0397,1561000,1179904,0.7559,0.755,76138200,0.754,67861700,0.753,104277000,0.752,55403200,0.751,41568100,0.756,41450000,0.757,74339300,0.758,43759700,0.759,28368200,0.760,15216800,504,99999,0
sh513130,09:32:44,1768440767445,5841.02,0.8939,6.814,0.756,0.7551,0.1192,2190300,1655768,0.756,0.755,77135200,0.754,68519600,0.753,105463700,0.752,55448100,0.751,41564100,0.756,24260900,0.757,73705900,0.758,57409400,0.759,28368200,0.760,15216800,899,99999,0
sh513130,09:32:47,1768440771466,5842.33,0.8939,2.9343,0.756,0.7551,0.1192,21973800,16612203,0.756,0.756,8363200,0.755,73534100,0.754,69626200,0.753,102504600,0.752,62157700,0.757,74159600,0.758,72358300,0.759,43420200,0.760,21759500,0.761,15006200,865,99999,0
sh513130,09:32:50,1768440773474,5843.87,0.8939,3.9518,0.756,0.7558,0.0265,3824200,2891095,0.756,0.756,8368400,0.755,82107800,0.754,69885800,0.753,102638000,0.752,51450100,0.757,74334100,0.758,72436500,0.759,43920200,0.760,22069500,0.761,15021200,918,99999,0
sh513130,09:32:53,1768440777520,5845.81,0.8939,2.707,0.756,0.7558,0.0265,1773100,1341664,0.7567,0.756,42548200,0.755,78123200,0.754,70916100,0.753,80151900,0.752,51450100,0.757,65797300,0.758,76685900,0.759,46100200,0.760,22058400,0.761,15021200,708,99999,0
sh513130,09:32:56,1768440780523,5842.91,0.8939,1.6813,0.756,0.7558,0.0265,1082500,818637,0.7562,0.756,14953500,0.755,84825600,0.754,71277600,0.753,84312700,0.752,51478000,0.757,69067700,0.758,74599700,0.759,46100200,0.760,21059400,0.761,15251000,15,99999,0
sh513130,09:32:59,1768440782551,5843.05,0.8939,0.6875,0.756,0.7557,0.0397,18955900,14332499,0.7561,0.755,78336100,0.754,69126700,0.753,84187000,0.752,58844100,0.751,41729900,0.756,10862200,0.757,57519700,0.758,74599700,0.759,29167700,0.760,21059400,116,99999,0
sh513130,09:33:02,1768440786596,5843.99,0.8939,3.0054,0.757,0.7557,0.172,9105900,6885550,0.7562,0.756,16772200,0.755,85697700,0.754,69636400,0.753,84266100,0.752,51586100,0.757,75420000,0.758,75895800,0.759,24167700,0.760,16059400,0.761,15551000,1160,99999,0
sh513130,09:33:05,1768440788581,5844.76,0.8939,3.0787,0.756,0.7557,0.0397,7037000,5320322,0.756,0.756,21117900,0.755,87374800,0.754,69919700,0.753,84339100,0.752,51602700,0.757,78308300,0.758,78945500,0.759,25359600,0.760,15989400,0.761,16049600,15,99999,0
sh513130,09:33:08,1768440791620,5844.44,0.8939,4.4258,0.757,0.7557,0.172,1293600,978750,0.7566,0.756,28075000,0.755,87456400,0.754,70711400,0.753,79030500,0.752,51597700,0.757,77552600,0.758,80732000,0.759,30075000,0.760,16061400,0.761,16049600,1055,99999,0
sh513130,09:33:11,1768440794626,5844.38,0.8939,5.0667,0.757,0.7564,0.0793,1953300,1477572,0.7564,0.756,43590200,0.755,89365500,0.754,68613500,0.753,76125500,0.752,52647700,0.757,76196500,0.758,81557500,0.759,31070000,0.760,16660800,0.761,16299600,136,99999,0
sh513130,09:33:14,1768440797645,5844.6,0.8939,5.7233,0.757,0.7564,0.0793,2593500,1961235,0.7562,0.756,8827000,0.755,83069900,0.754,69178000,0.753,80876400,0.752,59037700,0.757,75363500,0.758,84423400,0.759,31072000,0.760,16660800,0.761,16456100,1123,99999,0
sh513130,09:33:17,1768440801657,5847.11,0.8939,4.0513,0.757,0.7564,0.0793,19123000,14457348,0.756,0.756,31019300,0.755,84345400,0.754,70035100,0.753,75775000,0.752,51755700,0.757,60394300,0.758,94189000,0.759,46087600,0.760,16788300,0.761,16471100,966,99999,0
sh513130,09:33:20,1768440803675,5847.73,0.8939,1.8248,0.756,0.7557,0.0397,1065600,806353,0.7567,0.756,38413400,0.755,84259200,0.754,70064600,0.753,75812000,0.752,51765900,0.757,74690600,0.758,94189000,0.759,31037800,0.760,16800300,0.761,16491100,997,99999,0
sh513130,09:33:23,1768440807688,5846.63,0.8939,1.5877,0.757,0.7557,0.172,1768200,1337464,0.7564,0.756,24970700,0.755,89265200,0.754,70685400,0.753,80837800,0.752,52683800,0.757,74463100,0.758,95073000,0.759,31037800,0.760,16858500,0.761,17006000,707,99999,0
sh513130,09:33:26,1768440809682,5848.37,0.8939,3.2222,0.756,0.7564,-0.0529,2841200,2150604,0.7569,0.756,40898300,0.755,82225500,0.754,71533200,0.753,78267000,0.752,51683800,0.757,42194400,0.758,101498500,0.759,45047800,0.760,16858500,0.761,17006000,532,99999,0
sh513130,09:33:29,1768440813709,5847.38,0.8939,2.563,0.757,0.7564,0.0793,444800,336469,0.7565,0.756,43887000,0.755,85476600,0.754,72519900,0.753,75427400,0.752,51702800,0.757,52420800,0.758,87435800,0.759,49107500,0.760,16863500,0.761,17006000,243,99999,0
sh513130,09:33:32,1768440816724,5847.88,0.8939,2.6477,0.757,0.7564,0.0793,1476100,1117326,0.7569,0.756,52010000,0.755,91731600,0.754,77702100,0.753,76009600,0.752,51721700,0.757,66363200,0.758,86583800,0.759,49120500,0.760,16783500,0.761,17006000,159,99999,0
sh513130,09:33:35,1768440818730,5846.97,0.8939,1.975,0.757,0.7564,0.0793,871300,659522,0.7569,0.756,47668800,0.755,98166600,0.754,78732200,0.753,76107300,0.752,51693200,0.757,81023700,0.758,86583800,0.759,34118500,0.760,16968900,0.761,17018000,246,99999,0
sh513130,09:33:38,1768440822754,5846.65,0.8939,3.5012,0.757,0.7564,0.0793,919900,696342,0.757,0.756,43391400,0.755,96705200,0.754,80079100,0.753,76041700,0.752,52671400,0.757,81132500,0.758,87634300,0.759,34123500,0.760,17508000,0.761,17058000,266,99999,0
sh513130,09:33:41,1768440825764,5845.88,0.8939,2.8585,0.756,0.7564,-0.0529,926300,701132,0.7569,0.756,63024200,0.755,92233900,0.754,80900300,0.753,76199200,0.752,51874700,0.757,65664500,0.758,87618900,0.759,49179500,0.760,17508000,0.761,17365800,1208,99999,0
sh513130,09:33:44,1768440828785,5844.76,0.8939,4.8772,0.757,0.7564,0.0793,1394700,1054785,0.7563,0.756,16678000,0.755,87978000,0.754,80964800,0.753,84087200,0.752,59289900,0.757,82571800,0.758,88144100,0.759,33189500,0.760,17594000,0.761,17367800,244,99999,0
sh513130,09:33:47,1768440831813,5843.91,0.8939,3.1076,0.756,0.7564,-0.0529,16459500,12443864,0.756,0.755,88165200,0.754,70691500,0.753,89091500,0.752,59365900,0.751,42229100,0.756,413100,0.757,83415700,0.758,87144100,0.759,33190500,0.760,17617900,1107,99999,0
sh513130,09:33:50,1768440834845,5844.05,0.8939,3.3488,0.756,0.7557,0.0397,2257800,1706925,0.756,0.756,366800,0.755,88893900,0.754,70773600,0.753,89859000,0.752,59384800,0.757,85758100,0.758,86727100,0.759,32199500,0.760,17513000,0.761,17432800,310,99999,0
sh513130,09:33:53,1768440836844,5843.4,0.8939,3.4145,0.756,0.7557,0.0397,660400,499547,0.7564,0.756,5952300,0.755,89406100,0.754,70960700,0.753,85730000,0.752,59394800,0.757,84084000,0.758,86921600,0.759,32239500,0.760,17516800,0.761,17432800,286,99999,0
sh513130,09:33:56,1768440839844,5843.2,0.8939,5.1489,0.756,0.7557,0.0397,379800,287175,0.7561,0.756,8583500,0.755,92417900,0.754,73872900,0.753,91662000,0.752,59464800,0.757,85015300,0.758,87909000,0.759,32254500,0.760,17521800,0.761,17432800,480,99999,0
sh513130,09:33:59,1768440842857,5841.85,0.8939,5.6551,0.756,0.7557,0.0397,4650300,3515732,0.756,0.756,23483100,0.755,93114100,0.754,74957500,0.753,91640900,0.752,59530600,0.757,84114500,0.758,87929000,0.759,32249700,0.760,17521800,0.761,17570900,301,99999,0
sh513130,09:34:02,1768440845904,5841.14,0.8939,3.161,0.756,0.7557,0.0397,1640600,1240423,0.7561,0.756,4773200,0.755,92999700,0.754,74993200,0.753,92243700,0.752,59530700,0.757,85064400,0.758,87976100,0.759,32503500,0.760,17596800,0.761,17570900,100,99999,0
sh513130,09:34:05,1768440849937,5843.7,0.8939,3.5802,0.756,0.7557,0.0397,660800,500005,0.7567,0.756,24581100,0.755,93421100,0.754,75843800,0.753,92314200,0.752,59530700,0.757,84222000,0.758,88000900,0.759,33228800,0.760,17641400,0.761,17584600,1398,99999,0
sh513130,09:34:08,1768440851938,5842.09,0.8939,2.1392,0.757,0.7557,0.172,673900,509725,0.7564,0.756,6879400,0.755,93851200,0.754,75379000,0.753,92468000,0.752,59600400,0.757,86018800,0.758,88000900,0.759,33228800,0.760,17835900,0.761,17584600,1409,99999,0
sh513130,09:34:11,1768440854936,5841.95,0.8939,3.7586,0.756,0.7557,0.0397,13813200,10442520,0.756,0.755,94323300,0.754,75368900,0.753,93563200,0.752,59622600,0.751,42810500,0.756,2104600,0.757,86153400,0.758,87990900,0.759,33240800,0.760,17742300,411,99999,0
sh513130,09:34:14,1768440857952,5842.75,0.8939,2.5206,0.756,0.7557,0.0397,15194400,11487124,0.756,0.755,94208200,0.754,75406300,0.753,94901800,0.752,59671100,0.751,42800500,0.756,11624200,0.757,76693900,0.758,86055700,0.759,30241100,0.760,17717300,1361,99999,0
sh513130,09:34:17,1768440861967,5841.49,0.8939,2.087,0.756,0.7557,0.0397,12198500,9222045,0.756,0.756,287600,0.755,95023200,0.754,75479600,0.753,94996400,0.752,59691700,0.757,76984600,0.758,94039700,0.759,30692700,0.760,18717300,0.761,17584600,1062,99999,0
sh513130,09:34:20,1768440863976,5842.71,0.8939,4.2667,0.756,0.7557,0.0397,627200,474759,0.7569,0.756,6442600,0.755,97072700,0.754,75504200,0.753,95172100,0.752,59696700,0.757,78356500,0.758,94045100,0.759,30724600,0.760,18717300,0.761,17604600,915,99999,0
sh513130,09:34:23,1768440867007,5841.99,0.8939,3.96,0.757,0.7557,0.172,882900,667505,0.756,0.756,10840400,0.755,97749500,0.754,75338100,0.753,95283400,0.752,59865000,0.757,81153200,0.758,94045100,0.759,30474600,0.760,18733300,0.761,17604600,467,99999,0
sh513130,09:34:26,1768440870032,5840.29,0.8939,2.6191,0.756,0.7557,0.0397,20584400,15562211,0.756,0.755,93342600,0.754,68051100,0.753,98483400,0.752,59898700,0.751,50343500,0.756,62556200,0.757,50220300,0.758,56194100,0.759,30495600,0.760,18833400,485,99999,0
sh513130,09:34:29,1768440873029,5838.93,0.8939,5.6442,0.756,0.7557,0.0397,2949900,2229210,0.7557,0.755,97648000,0.754,74423800,0.753,98496600,0.752,60730800,0.751,44434100,0.756,62263200,0.757,50264600,0.758,55428700,0.759,30495600,0.760,18853400,505,99999,0
sh513130,09:34:32,1768440876027,5839.1,0.8939,6.5922,0.756,0.7557,0.0397,570100,430946,0.7559,0.755,87320400,0.754,73722300,0.753,98581100,0.752,66564300,0.751,50819100,0.756,69313400,0.757,49843300,0.758,55290400,0.759,25245600,0.760,19141900,36,99999,0
sh513130,09:34:35,1768440879043,5838.55,0.8939,2.2396,0.756,0.755,0.1325,1036600,783390,0.7557,0.755,98155500,0.754,68073300,0.753,91274300,0.752,55046300,0.751,43440400,0.756,71197100,0.757,49447100,0.758,47165200,0.759,25255600,0.760,19012400,447,99999,0
sh513130,09:34:38,1768440881057,5839.7,0.8939,3.1705,0.756,0.755,0.1325,483900,365745,0.7558,0.755,99106800,0.754,68221400,0.753,88359000,0.752,55882300,0.751,43540400,0.756,65667900,0.757,54846100,0.758,47976400,0.759,25335200,0.760,18817400,547,99999,0
sh513130,09:34:41,1768440884088,5840.62,0.8939,2.6097,0.756,0.755,0.1325,6079600,4596019,0.756,0.755,99300400,0.754,69228000,0.753,88451000,0.752,56755300,0.751,43540400,0.756,1664100,0.757,80349800,0.758,72339600,0.759,30335200,0.760,18842300,1541,99999,0
sh513130,09:34:44,1768440887123,5843.32,0.8939,2.3642,0.757,0.755,0.2649,2300000,1738831,0.756,0.756,31393900,0.755,100752700,0.754,70225900,0.753,87497200,0.752,52597800,0.757,79826400,0.758,72623400,0.759,30417800,0.760,18873300,0.761,19440400,362,99999,0
sh513130,09:34:47,1768440891166,5842.8,0.8939,1.2624,0.756,0.755,0.1325,2944100,2225776,0.756,0.756,28883300,0.755,102040300,0.754,71037300,0.753,83792900,0.752,52669400,0.757,83427200,0.758,72643400,0.759,30467800,0.760,18846300,0.761,19443400,91,99999,0
sh513130,09:34:50,1768440894191,5842.52,0.8939,2.0898,0.756,0.7556,0.0529,1149800,870338,0.7569,0.756,12217200,0.755,104824000,0.754,71180000,0.753,80839300,0.752,52705500,0.757,81984700,0.758,72645000,0.759,31457800,0.760,18861300,0.761,19443400,962,99999,0
sh513130,09:34:53,1768440898230,5843.31,0.8939,2.3836,0.756,0.7556,0.0529,37236200,28150642,0.756,0.755,104475100,0.754,69601000,0.753,88735800,0.752,52726900,0.751,43594000,0.756,216200,0.757,79002300,0.758,72792700,0.759,30447900,0.760,18899400,680,99999,0
sh513130,09:34:56,1768440899242,5843.85,0.8939,2.8627,0.757,0.7563,0.0926,1007100,762069,0.7567,0.756,47960200,0.755,105037300,0.754,69468700,0.753,87700700,0.752,52928200,0.757,81336500,0.758,72854300,0.759,30447900,0.760,18913400,0.761,19497400,715,99999,0
sh513130,09:34:59,1768440904300,5842.51,0.8939,2.3213,0.757,0.7563,0.0926,295200,223206,0.7561,0.756,42807800,0.755,108162600,0.754,70429300,0.753,86310800,0.752,52946300,0.757,81428200,0.758,72886300,0.759,31447900,0.760,18913400,0.761,19517400,284,99999,0
sh513130,09:35:02,1768440906311,5842.48,0.8939,3.2505,0.756,0.7556,0.0529,29300300,22151180,0.756,0.755,118332000,0.754,71205600,0.753,86493900,0.752,53063700,0.751,43647900,0.756,4990700,0.757,95379800,0.758,81553900,0.759,30457900,0.760,19013400,137,99999,0
sh513130,09:35:05,1768440910316,5839.68,0.8939,4.4169,0.756,0.7556,0.0529,1208900,913783,0.7559,0.755,108663100,0.754,77162800,0.753,92657300,0.752,54414700,0.751,43649900,0.756,82408700,0.757,66714300,0.758,47921400,0.759,30457900,0.760,19020000,1788,99999,0
sh513130,09:35:08,1768440912328,5838.21,0.8939,3.2145,0.756,0.7556,0.0529,5112800,3865277,0.756,0.755,96361600,0.754,77245500,0.753,92558300,0.752,60278800,0.751,43651900,0.756,88360100,0.757,65820200,0.758,46902800,0.759,25572900,0.760,19020000,1789,99999,0
sh513130,09:35:11,1768440914340,5838.16,0.8939,2.1635,0.756,0.755,0.1325,720700,544849,0.756,0.755,53144700,0.754,79801900,0.753,92570000,0.752,61090900,0.751,43681700,0.756,89240100,0.757,65632400,0.758,44912800,0.759,25640000,0.760,19020500,1697,99999,0
sh513130,09:35:14,1768440917371,5837.08,0.8939,2.3525,0.756,0.755,0.1325,1126600,851606,0.7559,0.755,114818800,0.754,87243200,0.753,110578200,0.752,56952200,0.751,43681700,0.756,89531900,0.757,65638000,0.758,43922800,0.759,25640000,0.760,21046100,416,99999,0
sh513130,09:35:17,1768440920414,5837.93,0.8939,2.9529,0.756,0.755,0.1325,765700,578642,0.7557,0.755,111946600,0.754,93113600,0.753,110713900,0.752,62744700,0.751,43681700,0.756,88143400,0.757,66475500,0.758,44966800,0.759,25650000,0.760,21096100,1310,99999,0
sh513130,09:35:20,1768440923428,5840.18,0.8939,6.1624,0.756,0.755,0.1325,1605500,1213356,0.7557,0.755,127639900,0.754,87618000,0.753,107754900,0.752,57801700,0.751,43686700,0.756,10962400,0.757,98586700,0.758,81038800,0.759,25664000,0.760,20996100,18,99999,0
sh513130,09:35:23,1768440927465,5842.47,0.8939,6.1538,0.756,0.755,0.1325,5220400,3946499,0.756,0.756,94673200,0.755,126030600,0.754,69806300,0.753,83896500,0.752,53725200,0.757,93753300,0.758,77038800,0.759,25664000,0.760,20996100,0.761,20045300,843,99999,0
sh513130,09:35:26,1768440930460,5842.49,0.8939,4.1802,0.756,0.755,0.1325,7215800,5455215,0.756,0.756,55290500,0.755,128624400,0.754,69871700,0.753,81975200,0.752,53731700,0.757,94780100,0.758,77864200,0.759,25664000,0.760,20996100,0.761,20024400,575,99999,0
sh513130,09:35:29,1768440934496,5843.08,0.8939,3.1104,0.757,0.7556,0.1853,1533700,1159485,0.756,0.756,33441100,0.755,129078000,0.754,69710400,0.753,81994900,0.752,53784300,0.757,96257900,0.758,79530100,0.759,25664000,0.760,20996100,0.761,20026600,284,99999,0
sh513130,09:35:32,1768440935513,5840.87,0.8939,2.9402,0.756,0.7556,0.0529,11009800,8323439,0.756,0.755,126382900,0.754,70890600,0.753,85023800,0.752,55212500,0.751,43099500,0.756,56326700,0.757,84762300,0.758,58780900,0.759,25722400,0.760,21996100,980,99999,0
sh513130,09:35:35,1768440940550,5841.02,0.8939,1.99,0.756,0.7556,0.0529,3124200,2361895,0.756,0.755,126863000,0.754,70939200,0.753,85073400,0.752,56044500,0.751,43104600,0.756,86666600,0.757,70000800,0.758,40325200,0.759,25722400,0.760,21996100,108,99999,0
sh513130,09:35:38,1768440941560,5841.02,0.8939,2.1535,0.756,0.7556,0.0529,1418300,1072235,0.756,0.755,127866500,0.754,70668000,0.753,85112300,0.752,56794800,0.751,43147600,0.756,85531800,0.757,69738500,0.758,40324700,0.759,25734800,0.760,21996100,896,99999,0
sh513130,09:35:41,1768440944527,5841.35,0.8939,1.7328,0.756,0.7549,0.1457,4235600,3202113,0.756,0.755,128651200,0.754,70661800,0.753,85132200,0.752,57628800,0.751,43147600,0.756,3188700,0.757,96399000,0.758,75986100,0.759,25737300,0.760,21997100,79,99999,0
sh513130,09:35:38,1768440945529,5841.35,0.8939,1.9465,0.756,0.7556,0.0529,0,0,0.756,0.755,127866500,0.754,70668000,0.753,85112300,0.752,56794800,0.751,43147600,0.756,85531800,0.757,69738500,0.758,40324700,0.759,25734800,0.760,21996100,555,99999,2
sh513130,09:35:41,1768440946543,5841.6,0.8939,1.9408,0.756,0.7549,0.1457,0,0,0.756,0.755,128651200,0.754,70661800,0.753,85132200,0.752,57628800,0.751,43147600,0.756,3188700,0.757,96399000,0.758,75986100,0.759,25737300,0.760,21997100,108,99999,0
sh513130,09:35:44,1768440948538,5841.01,0.8939,1.3954,0.756,0.7549,0.1457,1714500,1296042,0.7559,0.755,129712000,0.754,70917200,0.753,85177900,0.752,58480800,0.751,43407200,0.756,41909400,0.757,88482300,0.758,43498100,0.759,25737400,0.760,22008100,89,99999,0
sh513130,09:35:47,1768440950542,5842.31,0.8939,5.6618,0.757,0.7549,0.2782,5451200,4121108,0.756,0.756,8397400,0.755,130937500,0.754,70723300,0.753,84184400,0.752,54531000,0.757,94931000,0.758,79210300,0.759,25811900,0.760,22058100,0.761,20006600,81,99999,0
sh513130,09:35:50,1768440954573,5842.28,0.8939,3.8094,0.756,0.7556,0.0529,543400,410813,0.756,0.756,12190800,0.755,137942700,0.754,75650500,0.753,87273200,0.752,54621600,0.757,99191500,0.758,84962500,0.759,30813900,0.760,22061100,0.761,20006600,979,99999,0
sh513130,09:35:53,1768440958591,5842.97,0.8939,3.5718,0.757,0.7556,0.1853,1275200,964082,0.756,0.756,7890400,0.755,138285200,0.754,75821700,0.753,87370300,0.752,54626600,0.757,99761300,0.758,85993900,0.759,30724900,0.760,22061100,0.761,20034600,11,99999,0
sh513130,09:35:56,1768440960593,5843.33,0.8939,3.1317,0.757,0.7556,0.1853,762800,576999,0.7564,0.756,13895800,0.755,139035900,0.754,75932100,0.753,87354200,0.752,54626600,0.757,99823100,0.758,86819300,0.759,30884500,0.760,22061100,0.761,20034600,75,99999,0
sh513130,09:35:59,1768440963605,5844.44,0.8939,4.0425,0.756,0.7556,0.0529,336300,254518,0.7568,0.756,80148200,0.755,133321600,0.754,76820100,0.753,77355100,0.752,54630600,0.757,99278800,0.758,86834300,0.759,31839500,0.760,22371100,0.761,20034600,307,99999,0
sh513130,09:36:02,1768440965602,5844.69,0.8939,5.0507,0.757,0.7556,0.1853,479600,362789,0.7564,0.756,83576600,0.755,133588800,0.754,74536300,0.753,77355200,0.752,54620600,0.757,97366700,0.758,90511900,0.759,31839500,0.760,22350700,0.761,20034600,1048,99999,0
sh513130,09:36:05,1768440969599,5845.87,0.8939,5.3314,0.756,0.7556,0.0529,1262600,955785,0.757,0.756,85156100,0.755,133614900,0.754,75366700,0.753,77399400,0.752,54675200,0.757,71681300,0.758,84274700,0.759,48533400,0.760,22370700,0.761,20034600,863,99999,0
sh513130,09:36:08,1768440972613,5850.5,0.8939,5.2394,0.757,0.7556,0.1853,17344600,13129854,0.757,0.757,65729700,0.756,79776000,0.755,108025000,0.754,53810100,0.753,73390800,0.758,98218400,0.759,54523600,0.760,26370700,0.761,20055600,0.762,17101200,117,99999,0
sh513130,09:36:11,1768440975642,5850.64,0.8939,5.2098,0.757,0.7563,0.0926,8504900,6438209,0.757,0.757,19894100,0.756,82549400,0.755,108028100,0.754,51975300,0.753,67232700,0.758,99511700,0.759,55323600,0.760,27372700,0.761,20055600,0.762,17101200,428,99999,0
sh513130,09:36:14,1768440978662,5847.2,0.8939,5.7084,0.757,0.7563,0.0926,390400,295539,0.757,0.757,29912600,0.756,83300200,0.755,108968900,0.754,46675200,0.753,67237900,0.758,98601100,0.759,55323600,0.760,28362700,0.761,20055600,0.762,17101300,139,99999,0
sh513130,09:36:17,1768440980677,5847.93,0.8939,5.2782,0.757,0.7563,0.0926,10789800,8167855,0.757,0.756,83445000,0.755,116532000,0.754,54194700,0.753,74652800,0.752,53752200,0.757,38678500,0.758,89402800,0.759,35494900,0.760,27410100,0.761,19805600,121,99999,0
sh513130,09:36:20,1768440983679,5848.91,0.8939,3.6006,0.758,0.7563,0.2248,20539900,15548758,0.757,0.757,8211400,0.756,89762200,0.755,117016500,0.754,61508000,0.753,67172800,0.758,100783900,0.759,55244200,0.760,27410100,0.761,19855600,0.762,17101300,1150,99999,0
sh513130,09:36:17,1768440984694,5847.24,0.8939,3.4151,0.757,0.7563,0.0926,0,0,0.757,0.756,83445000,0.755,116532000,0.754,54194700,0.753,74652800,0.752,53752200,0.757,38678500,0.758,89402800,0.759,35494900,0.760,27410100,0.761,19805600,129,99999,2
sh513130,09:36:20,1768440985710,5847.24,0.8939,3.2078,0.758,0.7563,0.2248,0,0,0.758,0.757,8211400,0.756,89762200,0.755,117016500,0.754,61508000,0.753,67172800,0.758,100783900,0.759,55244200,0.760,27410100,0.761,19855600,0.762,17101300,1145,99999,0
sh513130,09:36:23,1768440986705,5847.81,0.8939,3.1812,0.756,0.7563,-0.0397,999500,756578,0.757,0.756,88294300,0.755,122498100,0.754,70162800,0.753,74653800,0.752,53788100,0.757,75810300,0.758,88329500,0.759,34697500,0.760,27406300,0.761,19855600,182,99999,0
sh513130,09:36:26,1768440989692,5848.91,0.8939,3.9848,0.757,0.757,0.0,833300,630808,0.757,0.756,87184400,0.755,122427000,0.754,72968300,0.753,74688700,0.752,57598100,0.757,39536600,0.758,107652800,0.759,49697500,0.760,27468400,0.761,19855600,1167,99999,0
sh513130,09:36:29,1768440992706,5846.07,0.8939,2.9892,0.757,0.7563,0.0926,222800,168656,0.757,0.756,82182200,0.755,127776000,0.754,74329700,0.753,74642600,0.752,57598100,0.757,89537600,0.758,84041100,0.759,34538500,0.760,22468400,0.761,19855600,169,99999,0
sh513130,09:36:32,1768440995687,5846.3,0.8939,2.5032,0.757,0.7563,0.0926,1719200,1301367,0.757,0.756,88052400,0.755,123161600,0.754,76161000,0.753,74645900,0.752,57628100,0.757,88920500,0.758,84391100,0.759,33580200,0.760,22478500,0.761,19805600,1077,99999,0
sh513130,09:36:35,1768440999698,5845.31,0.8939,0.1438,0.757,0.7563,0.0926,11055800,8358781,0.7561,0.756,11810900,0.755,142938300,0.754,91358000,0.753,80089800,0.752,57045200,0.757,91474900,0.758,84335100,0.759,32600200,0.760,22504600,0.761,19805600,732,99999,0
sh513130,09:36:38,1768441003704,5847.06,0.8939,0.5004,0.757,0.7563,0.0926,16879300,12761929,0.7561,0.756,40818700,0.755,142540000,0.754,93379400,0.753,80074700,0.752,57098300,0.757,91201900,0.758,84179400,0.759,32600200,0.760,22504600,0.761,19784600,424,99999,0
sh513130,09:36:41,1768441005702,5847.79,0.8939,0.8052,0.757,0.7556,0.1853,1253100,948489,0.7569,0.756,82299400,0.755,136957800,0.754,91603300,0.753,76732500,0.752,57181500,0.757,50203400,0.758,104764800,0.759,48590200,0.760,22555600,0.761,19784600,272,99999,0
sh513130,09:36:44,1768441007706,5848.86,0.8939,2.1145,0.757,0.7556,0.1853,592700,448564,0.7568,0.756,84121800,0.755,136953200,0.754,92393200,0.753,76805500,0.752,57249400,0.757,55096400,0.758,104461000,0.759,49577200,0.760,22287600,0.761,19784600,121,99999,0
sh513130,09:36:47,1768441010717,5845.95,0.8939,1.2474,0.757,0.7556,0.1853,1722700,1304038,0.757,0.756,77755000,0.755,142556500,0.754,94240800,0.753,76796000,0.752,57324500,0.757,89506800,0.758,83886200,0.759,34657200,0.760,23289600,0.761,19814600,205,99999,0
sh513130,09:36:44,1768441011716,5845.95,0.8939,2.3329,0.757,0.7556,0.1853,0,0,0.757,0.756,84121800,0.755,136953200,0.754,92393200,0.753,76805500,0.752,57249400,0.757,55096400,0.758,104461000,0.759,49577200,0.760,22287600,0.761,19784600,1204,99999,2
sh513130,09:36:47,1768441012719,5847.01,0.8939,2.3153,0.757,0.7556,0.1853,0,0,0.757,0.756,77755000,0.755,142556500,0.754,94240800,0.753,76796000,0.752,57324500,0.757,89506800,0.758,83886200,0.759,34657200,0.760,23289600,0.761,19814600,193,99999,0
sh513130,09:36:50,1768441013713,5847.01,0.8939,2.213,0.757,0.7563,0.0926,1270200,961528,0.757,0.756,81055900,0.755,143816100,0.754,96313300,0.753,76803500,0.752,57412700,0.757,90374100,0.758,83755400,0.759,32777200,0.760,23437600,0.761,19814600,1188,99999,0
sh513130,09:36:53,1768441016729,5846.22,0.8939,3.1967,0.757,0.7563,0.0926,300400,227401,0.757,0.756,84830000,0.755,143829800,0.754,93742000,0.753,76639000,0.752,57412700,0.757,90713700,0.758,83649600,0.759,33767200,0.760,23437600,0.761,19814600,177,99999,0
sh513130,09:36:56,1768441020742,5845.92,0.8939,1.7255,0.757,0.7563,0.0926,186300,140984,0.7568,0.756,73524300,0.755,143865100,0.754,97641400,0.753,81547500,0.752,57403700,0.757,90828200,0.758,83840900,0.759,33767200,0.760,23537600,0.761,19814600,209,99999,0
sh513130,09:36:59,1768441023751,5844.13,0.8939,2.7697,0.757,0.7563,0.0926,125900,95306,0.757,0.756,44791800,0.755,144593000,0.754,98505000,0.753,81512500,0.752,57391000,0.757,92354100,0.758,83791200,0.759,33122300,0.760,23537600,0.761,19514600,459,99999,0
sh513130,09:37:02,1768441025782,5843.82,0.8939,3.4224,0.757,0.7556,0.1853,1718300,1300157,0.7567,0.756,28549000,0.755,144645000,0.754,99416700,0.753,81620800,0.752,57459000,0.757,93121700,0.758,83175700,0.759,32132300,0.760,23547600,0.761,19514600,864,99999,0
sh513130,09:37:05,1768441028791,5843.93,0.8939,4.9003,0.757,0.7556,0.1853,32616200,24658511,0.756,0.756,67608300,0.755,146998600,0.754,92240200,0.753,87135800,0.752,57459000,0.757,90815300,0.758,82862700,0.759,32182300,0.760,23705900,0.761,19523600,243,99999,0
sh513130,09:37:08,1768441031802,5842.97,0.8939,6.7851,0.757,0.7556,0.1853,2179400,1648247,0.7563,0.756,6489000,0.755,147011900,0.754,92305100,0.753,88057300,0.752,57452000,0.757,89543700,0.758,82271600,0.759,32182300,0.760,23721900,0.761,19523600,489,99999,0
sh513130,09:37:11,1768441034829,5842.0,0.8939,4.5235,0.756,0.7556,0.0529,38402700,29032485,0.756,0.755,139937400,0.754,92427000,0.753,88901500,0.752,64815500,0.751,47151300,0.756,3436100,0.757,77921600,0.758,67551600,0.759,32037200,0.760,23769000,256,99999,0
sh513130,09:37:14,1768441037839,5842.44,0.8939,6.0206,0.755,0.7556,-0.0794,9955500,7526406,0.756,0.755,139051900,0.754,92435000,0.753,90725400,0.752,64815500,0.751,47168700,0.756,13640600,0.757,78369300,0.758,66551600,0.759,32037200,0.760,23789000,71,99999,0
sh513130,09:37:17,1768441041843,5841.3,0.8939,6.463,0.756,0.7556,0.0529,4666400,3527758,0.756,0.755,138921900,0.754,92499900,0.753,91529300,0.752,64815500,0.751,47168700,0.756,1037200,0.757,78042100,0.758,67306400,0.759,32036200,0.760,22468900,1261,99999,0
sh513130,09:37:20,1768441044862,5841.4,0.8939,6.1169,0.756,0.7556,0.0529,2998100,2266659,0.756,0.756,9440300,0.755,141642900,0.754,92606900,0.753,92805200,0.752,62819500,0.757,77095700,0.758,68306400,0.759,32036200,0.760,22510600,0.761,19530600,290,99999,0
sh513130,09:37:23,1768441047893,5843.42,0.8939,7.5088,0.757,0.7556,0.1853,2453800,1855173,0.756,0.756,13615800,0.755,140752700,0.754,92670300,0.753,92649700,0.752,64836100,0.757,89024100,0.758,68748500,0.759,32036200,0.760,22510600,0.761,19530600,1361,99999,0
sh513130,09:37:26,1768441049923,5843.92,0.8939,6.6089,0.757,0.755,0.2649,240800,182112,0.7563,0.756,12917800,0.755,144583700,0.754,91699300,0.753,93537700,0.752,61846100,0.757,89877700,0.758,68803900,0.759,32036200,0.760,22510600,0.761,19530600,1359,99999,0
sh513130,09:37:29,1768441052893,5843.5,0.8939,7.3141,0.757,0.755,0.2649,206900,156581,0.7568,0.756,44811800,0.755,151388400,0.754,91843000,0.753,89475000,0.752,57589100,0.757,90243500,0.758,69201100,0.759,32056300,0.760,22510600,0.761,19531100,342,99999,0
sh513130,09:37:32,1768441055926,5842.42,0.8939,4.8965,0.757,0.755,0.2649,830600,628613,0.7568,0.756,78132300,0.755,152616200,0.754,92672800,0.753,84578700,0.752,57586100,0.757,90707700,0.758,69543100,0.759,32065300,0.760,22490600,0.761,19531100,866,99999,0
sh513130,09:37:35,1768441058970,5842.6,0.8939,4.8266,0.757,0.7556,0.1853,305100,230778,0.7564,0.756,73248700,0.755,153520300,0.754,91878000,0.753,89602000,0.752,57586100,0.757,91479000,0.758,70277100,0.759,32353600,0.760,22482500,0.761,19628700,373,99999,0
sh513130,09:37:38,1768441061977,5843.45,0.8939,3.4918,0.757,0.7556,0.1853,736500,557500,0.757,0.756,73862500,0.755,153619400,0.754,91989300,0.753,90433400,0.752,57596000,0.757,90636500,0.758,70156600,0.759,33567400,0.760,22509300,0.761,19628700,444,99999,0
sh513130,09:37:41,1768441065021,5841.47,0.8939,3.614,0.757,0.7556,0.1853,1200700,907810,0.7561,0.756,23389500,0.755,154697500,0.754,92040400,0.753,91251300,0.752,57599200,0.757,92327200,0.758,70043400,0.759,33022500,0.760,22539300,0.761,19628700,447,99999,0
sh513130,09:37:44,1768441068060,5840.57,0.8939,3.6548,0.756,0.7556,0.0529,20009200,15127087,0.756,0.756,10170200,0.755,148177800,0.754,93497700,0.753,97127400,0.752,65037200,0.757,92259800,0.758,70063400,0.759,33129500,0.760,22584300,0.761,19628700,54,99999,0
sh513130,09:37:47,1768441071030,5841.92,0.8939,4.941,0.756,0.7556,0.0529,393600,297882,0.7568,0.756,14156600,0.755,155719000,0.754,93460700,0.753,98171800,0.752,57657200,0.757,92176700,0.758,70063400,0.759,33429500,0.760,22546200,0.761,19628700,496,99999,0
sh513130,09:37:50,1768441075039,5840.59,0.8939,6.1375,0.756,0.7556,0.0529,5762400,4356452,0.756,0.755,149094700,0.754,93465700,0.753,98443400,0.752,65037200,0.751,47242600,0.756,67897300,0.757,57108900,0.758,60151200,0.759,33429500,0.760,22648800,480,99999,0
sh513130,09:37:53,1768441077021,5840.01,0.8939,6.0251,0.756,0.7556,0.0529,1845100,1394896,0.756,0.755,147309900,0.754,93447500,0.753,100437900,0.752,65870200,0.751,47222600,0.756,76873900,0.757,49946000,0.758,59165200,0.759,33929500,0.760,22668800,378,99999,0
sh513130,09:37:56,1768441080063,5840.13,0.8939,2.9007,0.756,0.755,0.1325,1830000,1383390,0.756,0.755,144430100,0.754,93470800,0.753,100410900,0.752,66703200,0.751,47372600,0.756,80554000,0.757,49904100,0.758,58103300,0.759,28920300,0.760,22668800,1266,99999,0
sh513130,09:37:59,1768441082026,5839.88,0.8939,3.6904,0.756,0.755,0.1325,737800,557672,0.7559,0.755,147406100,0.754,93570900,0.753,100397800,0.752,67535200,0.751,47372600,0.756,1925600,0.757,96170800,0.758,71004100,0.759,28920300,0.760,22668800,1077,99999,0
sh513130,09:38:02,1768441086026,5840.88,0.8939,5.2102,0.755,0.755,0.0,11974900,9052711,0.756,0.755,148939700,0.754,93641300,0.753,98483900,0.752,65871200,0.751,47372600,0.756,8538800,0.757,81466400,0.758,79978800,0.759,35451800,0.760,22668800,749,99999,0
sh513130,09:38:05,1768441090029,5839.83,0.8939,2.8548,0.755,0.755,0.0,1384900,1046907,0.7559,0.755,135506600,0.754,100410400,0.753,102448900,0.752,71703200,0.751,47385600,0.756,75110700,0.757,56161300,0.758,66980000,0.759,28451800,0.760,22669700,429,99999,0
sh513130,09:38:08,1768441092028,5839.25,0.8939,2.6052,0.756,0.755,0.1325,872600,659465,0.7557,0.755,134654800,0.754,100418200,0.753,103467400,0.752,72537800,0.751,47385600,0.756,74616400,0.757,55459300,0.758,67004700,0.759,28451800,0.760,22689700,266,99999,0
sh513130,09:38:11,1768441096040,5838.7,0.8939,3.4459,0.756,0.755,0.1325,630100,476102,0.7556,0.755,136345100,0.754,100741000,0.753,103615600,0.752,73370000,0.751,47400300,0.756,70999500,0.757,55068200,0.758,65821800,0.759,28451800,0.760,22687700,1549,99999,0
sh513130,09:38:14,1768441098044,5839.23,0.8939,2.7387,0.756,0.755,0.1325,123600,93420,0.7558,0.755,151520700,0.754,95251700,0.753,99670700,0.752,69185000,0.751,47400300,0.756,59033700,0.757,55645700,0.758,66861800,0.759,28451800,0.760,22697700,1473,99999,0
sh513130,09:38:17,1768441101023,5837.25,0.8939,3.3234,0.756,0.755,0.1325,271800,205410,0.7557,0.755,89659300,0.754,112886700,0.753,111661400,0.752,75358000,0.751,47436100,0.756,68547900,0.757,54859500,0.758,65911400,0.759,28451800,0.760,22697700,469,99999,0
sh513130,09:38:20,1768441103049,5833.87,0.8939,4.9146,0.756,0.755,0.1325,19331500,14595553,0.755,0.755,62275300,0.754,106129700,0.753,112692400,0.752,81235800,0.751,54829400,0.756,71433400,0.757,54686000,0.758,64508800,0.759,28451900,0.760,22697600,492,99999,0
sh513130,09:38:23,1768441107057,5833.76,0.8939,5.9216,0.756,0.755,0.1325,7208300,5442894,0.7551,0.755,53113800,0.754,108138700,0.753,112848600,0.752,82067900,0.751,54839400,0.756,68089900,0.757,54675000,0.758,57442400,0.759,28445900,0.760,22702400,192,99999,0
sh513130,09:38:26,1768441110071,5833.36,0.8939,3.4516,0.755,0.7544,0.0795,53358700,40285873,0.755,0.754,109042700,0.753,114108600,0.752,82900000,0.751,54860400,0.750,55693000,0.755,19587900,0.756,51123200,0.757,40184500,0.758,55735200,0.759,28570900,1048,99999,0
sh513130,09:38:29,1768441114058,5832.38,0.8939,3.3863,0.755,0.7543,0.0928,1854300,1399997,0.755,0.754,109316700,0.753,114161000,0.752,85712100,0.751,56340400,0.750,57713000,0.755,8082700,0.756,54516600,0.757,40194400,0.758,54364700,0.759,28629000,714,99999,0
sh513130,09:38:32,1768441116070,5831.81,0.8939,2.959,0.755,0.7543,0.0928,8805200,6647932,0.755,0.755,8587500,0.754,110519100,0.753,115225600,0.752,85572100,0.751,56371500,0.756,59400600,0.757,52491200,0.758,54364700,0.759,28678700,0.760,21661400,569,99999,0
sh513130,09:38:35,1768441119096,5833.21,0.8939,2.084,0.755,0.7543,0.0928,381500,288124,0.7552,0.755,19832200,0.754,117817300,0.753,115214600,0.752,86307700,0.751,48997500,0.756,60510200,0.757,52997900,0.758,54369700,0.759,28678700,0.760,21661400,605,99999,0
sh513130,09:38:38,1768441122098,5833.66,0.8939,4.1746,0.755,0.7543,0.0928,478100,361094,0.7553,0.755,73500700,0.754,117176100,0.753,111294600,0.752,81373900,0.751,49007500,0.756,65373500,0.757,54560400,0.758,54389800,0.759,28515400,0.760,21661400,130,99999,0
sh513130,09:38:41,1768441124112,5836.63,0.8939,5.8781,0.756,0.7543,0.2254,29667300,22428151,0.756,0.756,21616000,0.755,91392400,0.754,109140500,0.753,109181300,0.752,73059600,0.757,70575300,0.758,76025400,0.759,28624300,0.760,21782400,0.761,19778900,1597,99999,0
sh513130,09:38:44,1768441128120,5838.17,0.8939,6.0824,0.756,0.755,0.1325,708100,535334,0.756,0.756,29940500,0.755,99299500,0.754,108752400,0.753,105154800,0.752,60007600,0.757,69663400,0.758,76020800,0.759,35604300,0.760,21782400,0.761,19778900,1622,99999,0
sh513130,09:38:47,1768441131124,5842.09,0.8939,8.3647,0.756,0.755,0.1325,236900,179239,0.7566,0.756,72709100,0.755,103623700,0.754,96797500,0.753,83109200,0.752,59001500,0.757,68055800,0.758,75960800,0.759,36594300,0.760,21882400,0.761,19778900,491,99999,0
sh513130,09:38:50,1768441134142,5842.47,0.8939,6.8275,0.756,0.755,0.1325,675900,511202,0.7563,0.756,50042500,0.755,104215700,0.754,94821800,0.753,88973600,0.752,59052000,0.757,69073000,0.758,75962800,0.759,36594300,0.760,21882400,0.761,19778900,1348,99999,0
sh513130,09:38:53,1768441138139,5842.05,0.8939,3.8169,0.756,0.755,0.1325,852000,644342,0.7563,0.756,29802400,0.755,105445500,0.754,95067800,0.753,89932300,0.752,59079700,0.757,69073300,0.758,75969800,0.759,36596300,0.760,21922400,0.761,19778900,1028,99999,0
sh513130,09:38:56,1768441141160,5842.01,0.8939,4.3798,0.757,0.755,0.2649,277900,210281,0.7567,0.756,29508100,0.755,106857400,0.754,96087000,0.753,90924300,0.752,59092800,0.757,69183400,0.758,75969800,0.759,36656300,0.760,21952400,0.761,19698800,602,99999,0
sh513130,09:38:59,1768441143188,5842.02,0.8939,3.3889,0.756,0.755,0.1325,317900,240487,0.7565,0.756,24211500,0.755,107510200,0.754,96142000,0.753,91943800,0.752,59296800,0.757,70341300,0.758,75977800,0.759,36656300,0.760,21952400,0.761,19700200,664,99999,0
sh513130,09:39:02,1768441146169,5842.5,0.8939,5.7201,0.757,0.755,0.2649,9156400,6922298,0.756,0.756,13449500,0.755,109844800,0.754,96190000,0.753,92921400,0.752,59297400,0.757,71308700,0.758,75878400,0.759,36676300,0.760,21957400,0.761,19660200,438,99999,0
sh513130,09:39:05,1768441148180,5841.58,0.8939,4.3505,0.756,0.755,0.1325,674500,510140,0.7563,0.756,26321700,0.755,110834300,0.754,96299800,0.753,92921400,0.752,59198400,0.757,71573800,0.758,75868400,0.759,36708300,0.760,21957400,0.761,19660200,270,99999,0
sh513130,09:39:02,1768441149184,5841.03,0.8939,4.2712,0.757,0.755,0.2649,0,0,0.757,0.756,13449500,0.755,109844800,0.754,96190000,0.753,92921400,0.752,59297400,0.757,71308700,0.758,75878400,0.759,36676300,0.760,21957400,0.761,19660200,612,99999,2
sh513130,09:39:05,1768441150194,5841.03,0.8939,4.1962,0.756,0.755,0.1325,0,0,0.756,0.756,26321700,0.755,110834300,0.754,96299800,0.753,92921400,0.752,59198400,0.757,71573800,0.758,75868400,0.759,36708300,0.760,21957400,0.761,19660200,128,99999,0
sh513130,09:39:08,1768441152200,5841.73,0.8939,3.4129,0.757,0.755,0.2649,27080400,20473184,0.756,0.756,4743100,0.755,103498700,0.754,99331600,0.753,93778300,0.752,64580600,0.757,73798900,0.758,75878400,0.759,37001000,0.760,21957400,0.761,20645200,1580,99999,0
sh513130,09:39:11,1768441154217,5842.63,0.8939,2.8533,0.757,0.7557,0.172,180700,136739,0.7567,0.756,10288200,0.755,108175000,0.754,99343100,0.753,94678400,0.752,59254600,0.757,74154500,0.758,75888800,0.759,36977700,0.760,22133100,0.761,20658500,1692,99999,0
sh513130,09:39:14,1768441158241,5843.68,0.8939,2.7041,0.757,0.7557,0.172,264400,200025,0.7565,0.756,30374000,0.755,109443400,0.754,98495500,0.753,90680400,0.752,59255600,0.757,73798500,0.758,75904100,0.759,38004200,0.760,22153100,0.761,20658500,1693,99999,0
sh513130,09:39:17,1768441161218,5841.84,0.8939,2.5436,0.757,0.7557,0.172,257700,194927,0.7564,0.756,36185800,0.755,110064900,0.754,98030800,0.753,96512400,0.752,59279800,0.757,74347300,0.758,75910500,0.759,37479100,0.760,22158100,0.761,20658500,351,99999,0
sh513130,09:39:20,1768441164220,5841.54,0.8939,2.3792,0.756,0.7557,0.0397,9885900,7473730,0.756,0.755,102836500,0.754,100240800,0.753,101547600,0.752,67505000,0.751,49922100,0.756,30795300,0.757,70942500,0.758,64244900,0.759,35499100,0.760,22168100,1202,99999,0
sh513130,09:39:23,1768441169265,5841.44,0.8939,6.3794,0.756,0.7557,0.0397,2080700,1573005,0.756,0.755,102374700,0.754,100236900,0.753,102548900,0.752,68337100,0.751,49922100,0.756,28690600,0.757,71095400,0.758,64546700,0.759,36499100,0.760,23143200,748,99999,0
sh513130,09:39:26,1768441170263,5841.44,0.8939,5.0098,0.756,0.755,0.1325,7974600,6028777,0.756,0.756,12000,0.755,104588400,0.754,100196900,0.753,101632800,0.752,65759400,0.757,75269600,0.758,76128100,0.759,36499100,0.760,23143200,0.761,20658500,776,99999,0
sh513130,09:39:29,1768441173282,5840.79,0.8939,3.7709,0.756,0.755,0.1325,1229700,929529,0.7559,0.755,104701500,0.754,100271700,0.753,101572800,0.752,67588400,0.751,49955100,0.756,25390700,0.757,70219400,0.758,66052100,0.759,36489100,0.760,23143200,786,99999,0
sh513130,09:39:32,1768441175290,5840.03,0.8939,2.2122,0.755,0.755,0.0,1765600,1334784,0.756,0.755,104365700,0.754,100305500,0.753,102686200,0.752,68379800,0.751,49985100,0.756,23884900,0.757,70232900,0.758,66052100,0.759,36542100,0.760,23394200,760,99999,0
sh513130,09:39:35,1768441179319,5841.3,0.8939,6.0739,0.755,0.755,0.0,967300,730961,0.7557,0.755,105362000,0.754,100475300,0.753,101702600,0.752,69168500,0.751,49937100,0.756,19934200,0.757,70021200,0.758,65252100,0.759,36542100,0.760,23331900,796,99999,0
sh513130,09:39:38,1768441182315,5841.57,0.8939,7.0893,0.756,0.755,0.1325,3266300,2469322,0.756,0.756,19385800,0.755,112966800,0.754,99708600,0.753,101712900,0.752,59304500,0.757,74103300,0.758,78040700,0.759,36542100,0.760,23346900,0.761,20906100,1823,99999,0
sh513130,09:39:41,1768441185369,5839.9,0.8939,6.6982,0.756,0.755,0.1325,3160900,2389588,0.756,0.755,105747500,0.754,101300600,0.753,101732600,0.752,67544900,0.751,50005000,0.756,19156700,0.757,69687000,0.758,66749300,0.759,36529400,0.760,23346900,801,99999,0
sh513130,09:39:44,1768441187387,5840.41,0.8939,5.0701,0.756,0.755,0.1325,2444600,1848028,0.756,0.755,106684200,0.754,101301500,0.753,101841700,0.752,68386400,0.751,50065000,0.756,21879900,0.757,70307800,0.758,66749300,0.759,36529400,0.760,23346900,669,99999,0
sh513130,09:39:41,1768441188387,5840.41,0.8939,5.2831,0.756,0.755,0.1325,0,0,0.756,0.755,105747500,0.754,101300600,0.753,101732600,0.752,67544900,0.751,50005000,0.756,19156700,0.757,69687000,0.758,66749300,0.759,36529400,0.760,23346900,1669,99999,2
sh513130,09:39:44,1768441189384,5839.47,0.8939,5.1978,0.756,0.755,0.1325,0,0,0.756,0.755,106684200,0.754,101301500,0.753,101841700,0.752,68386400,0.751,50065000,0.756,21879900,0.757,70307800,0.758,66749300,0.759,36529400,0.760,23346900,512,99999,0
sh513130,09:39:47,1768441191398,5839.9,0.8939,5.7048,0.756,0.755,0.1325,344900,260708,0.7559,0.755,97640000,0.754,106902400,0.753,105685600,0.752,69218400,0.751,50065000,0.756,43030300,0.757,62213400,0.758,58751300,0.759,36536400,0.760,23346900,341,99999,0
sh513130,09:39:50,1768441194393,5841.13,0.8939,4.8538,0.756,0.755,0.1325,566200,427914,0.7558,0.755,108356500,0.754,101390900,0.753,103423500,0.752,68050400,0.751,50101400,0.756,5210100,0.757,75237300,0.758,76421800,0.759,31536400,0.760,23347700,1172,99999,0
sh513130,09:39:53,1768441196408,5840.35,0.8939,3.5873,0.755,0.755,0.0,4274600,3231607,0.756,0.755,108028700,0.754,101386900,0.753,102744900,0.752,67450800,0.751,50006900,0.756,13958900,0.757,68709900,0.758,66497300,0.759,31536400,0.760,23389500,1028,99999,0
sh513130,09:39:56,1768441199424,5839.06,0.8939,2.794,0.756,0.755,0.1325,453200,342565,0.7559,0.755,105317600,0.754,102495100,0.753,105892800,0.752,67584000,0.751,50162300,0.756,42769200,0.757,61824300,0.758,59324800,0.759,36496400,0.760,23389500,897,99999,0
sh513130,09:39:59,1768441202427,5840.98,0.8939,3.0747,0.756,0.755,0.1325,1472000,1112832,0.756,0.755,107651600,0.754,102392700,0.753,103897800,0.752,68432600,0.751,50162300,0.756,5032600,0.757,71905700,0.758,72271100,0.759,36496400,0.760,23478500,16,99999,0
sh513130,09:40:02,1768441207441,5839.76,0.8939,4.4474,0.756,0.755,0.1325,176500,133372,0.7556,0.755,115513700,0.754,102464400,0.753,102964800,0.752,62884700,0.751,50182300,0.756,2847200,0.757,69995400,0.758,69262800,0.759,40496400,0.760,23480500,904,99999,0
sh513130,09:40:05,1768441208451,5838.88,0.8939,4.3939,0.756,0.755,0.1325,1536200,1161197,0.7559,0.755,109780900,0.754,102611400,0.753,103231600,0.752,70108700,0.751,50802100,0.756,23809200,0.757,64636600,0.758,58084500,0.759,40456400,0.760,23480500,2,99999,0
sh513130,09:40:08,1768441212462,5839.06,0.8939,3.9219,0.756,0.755,0.1325,390800,295227,0.7554,0.755,110334800,0.754,102605400,0.753,104252100,0.752,70940700,0.751,50804100,0.756,30803900,0.757,64703600,0.758,57101700,0.759,40466400,0.760,23480500,7,99999,0
sh513130,09:40:11,1768441216464,5839.66,0.8939,2.753,0.756,0.755,0.1325,474900,358818,0.7556,0.755,110277300,0.754,102736500,0.753,104282300,0.752,71239500,0.751,50814100,0.756,30412000,0.757,64297300,0.758,57081700,0.759,40466400,0.760,23385500,18,99999,0
sh513130,09:40:14,1768441218475,5837.85,0.8939,3.1722,0.756,0.755,0.1325,755100,570756,0.7559,0.755,107016000,0.754,102272300,0.753,107282500,0.752,72076700,0.751,50914300,0.756,39177500,0.757,67287300,0.758,56282300,0.759,36476400,0.760,23438500,14,99999,0
sh513130,09:40:17,1768441222506,5836.44,0.8939,2.1714,0.756,0.755,0.1325,1142800,863893,0.7559,0.755,105959300,0.754,102244300,0.753,108316200,0.752,72076700,0.751,50914500,0.756,40355200,0.757,67367700,0.758,56756800,0.759,36427900,0.760,23338500,7,99999,0
sh513130,09:40:20,1768441224475,5837.03,0.8939,5.3453,0.756,0.755,0.1325,759400,573821,0.7556,0.755,52749600,0.754,119938100,0.753,126312500,0.752,77921400,0.751,50923000,0.756,54321500,0.757,62027700,0.758,55733800,0.759,31427900,0.760,23348900,16,99999,0
sh513130,09:40:23,1768441227480,5837.08,0.8939,4.759,0.755,0.755,0.0,373900,282446,0.7554,0.755,107598200,0.754,114608600,0.753,123407700,0.752,73758500,0.751,51334300,0.756,55201700,0.757,62025600,0.758,55733800,0.759,31428000,0.760,23358900,931,99999,0
sh513130,09:40:26,1768441229480,5839.67,0.8939,3.9768,0.755,0.755,0.0,666300,503371,0.7555,0.755,108490000,0.754,114646600,0.753,122440800,0.752,74610600,0.751,51337000,0.756,34719100,0.757,71304700,0.758,56698800,0.759,30969100,0.760,23358900,962,99999,0
sh513130,09:40:29,1768441233477,5838.37,0.8939,2.4339,0.755,0.755,0.0,417900,315573,0.7551,0.755,106034300,0.754,114723900,0.753,125436100,0.752,75443700,0.751,51389000,0.756,50562600,0.757,65709700,0.758,56748800,0.759,30919100,0.760,23347700,932,99999,0
sh513130,09:40:32,1768441235505,5838.39,0.8939,3.102,0.756,0.755,0.1325,547200,413329,0.7554,0.755,109579400,0.754,114425100,0.753,122461600,0.752,75445700,0.751,51399000,0.756,38855000,0.757,71431600,0.758,57836400,0.759,30919100,0.760,23128400,816,99999,0
sh513130,09:40:29,1768441236518,5838.78,0.8939,3.0898,0.755,0.755,0.0,0,0,0.755,0.755,106034300,0.754,114723900,0.753,125436100,0.752,75443700,0.751,51389000,0.756,50562600,0.757,65709700,0.758,56748800,0.759,30919100,0.760,23347700,67,99999,2
sh513130,09:40:32,1768441237546,5838.78,0.8939,2.72,0.756,0.755,0.1325,0,0,0.756,0.755,109579400,0.754,114425100,0.753,122461600,0.752,75445700,0.751,51399000,0.756,38855000,0.757,71431600,0.758,57836400,0.759,30919100,0.760,23128400,1018,99999,0
sh513130,09:40:35,1768441238524,5838.96,0.8939,2.1815,0.756,0.755,0.1325,408400,308485,0.7554,0.755,109692900,0.754,114024500,0.753,122439000,0.752,76297800,0.751,51610300,0.756,37786600,0.757,74772700,0.758,59983400,0.759,34919100,0.760,23128400,16,99999,0
sh513130,09:40:38,1768441242533,5840.56,0.8939,2.4717,0.756,0.755,0.1325,14602700,11039549,0.756,0.756,18145100,0.755,120271300,0.754,112763100,0.753,121511100,0.752,59772400,0.757,78276600,0.758,73191900,0.759,37919100,0.760,23168400,0.761,21111300,85,99999,0
sh513130,09:40:41,1768441245538,5841.23,0.8939,3.2895,0.756,0.755,0.1325,2557000,1933092,0.756,0.756,22427700,0.755,120963800,0.754,112831100,0.753,116641700,0.752,59742300,0.757,78384500,0.758,74032400,0.759,43017100,0.760,23168400,0.761,21106300,498,99999,0
sh513130,09:40:44,1768441248552,5843.89,0.8939,3.7313,0.756,0.755,0.1325,1036700,783755,0.756,0.756,74923400,0.755,122051000,0.754,100839300,0.753,93748500,0.752,59745300,0.757,77651200,0.758,74847900,0.759,44007100,0.760,23168400,0.761,21106300,54,99999,0
sh513130,09:40:47,1768441251549,5847.19,0.8939,6.6177,0.757,0.7557,0.172,2475600,1873348,0.7567,0.756,94828700,0.755,116559000,0.754,97699500,0.753,86890200,0.752,59744300,0.757,24942000,0.758,84883600,0.759,47997100,0.760,29020400,0.761,21116300,8,99999,0
sh513130,09:40:50,1768441254556,5851.29,0.8939,5.8694,0.757,0.7563,0.0926,23506200,17793950,0.757,0.757,77320300,0.756,85824300,0.755,100286600,0.754,72345300,0.753,76885500,0.758,90748200,0.759,58569300,0.760,33877600,0.761,21137300,0.762,16771400,16,99999,0
sh513130,09:40:53,1768441257546,5852.06,0.8939,3.9631,0.757,0.7563,0.0926,8418000,6372456,0.757,0.757,68770900,0.756,85106900,0.755,100255000,0.754,72433800,0.753,77039500,0.758,88506000,0.759,58460700,0.760,35893900,0.761,21137300,0.762,16771400,1018,99999,0
sh513130,09:40:56,1768441259540,5851.83,0.8939,4.7079,0.757,0.757,0.0,428000,324021,0.7571,0.757,13947200,0.756,90969600,0.755,102094300,0.754,72481000,0.753,77109500,0.758,89005200,0.759,58467700,0.760,36036700,0.761,21162800,0.762,16781400,980,99999,0
sh513130,09:40:59,1768441263524,5852.6,0.8939,4.3251,0.758,0.757,0.1321,1213400,918749,0.7572,0.757,46508400,0.756,91206700,0.755,102936900,0.754,72345300,0.753,77120500,0.758,90021800,0.759,58301100,0.760,35046700,0.761,21162800,0.762,16781400,216,99999,0
sh513130,09:41:02,1768441266530,5853.51,0.8939,4.0446,0.758,0.757,0.1321,388100,293807,0.757,0.757,71088000,0.756,86464900,0.755,105276300,0.754,67326800,0.753,77144500,0.758,89324100,0.759,58301100,0.760,36044700,0.761,21162800,0.762,16781400,16,99999,0
sh513130,09:41:05,1768441269524,5853.32,0.8939,3.1094,0.757,0.757,0.0,1987100,1505634,0.7577,0.757,62468700,0.756,92236200,0.755,105691800,0.754,72295900,0.753,77140300,0.758,88196100,0.759,58314300,0.760,36044700,0.761,21162800,0.762,16781400,709,99999,0
sh513130,09:41:02,1768441270546,5852.71,0.8939,3.0238,0.758,0.757,0.1321,0,0,0.758,0.757,71088000,0.756,86464900,0.755,105276300,0.754,67326800,0.753,77144500,0.758,89324100,0.759,58301100,0.760,36044700,0.761,21162800,0.762,16781400,61,99999,2
sh513130,09:41:05,1768441271560,5852.71,0.8939,3.0949,0.757,0.757,0.0,0,0,0.757,0.757,62468700,0.756,92236200,0.755,105691800,0.754,72295900,0.753,77140300,0.758,88196100,0.759,58314300,0.760,36044700,0.761,21162800,0.762,16781400,597,99999,0
sh513130,09:41:08,1768441272558,5853.46,0.8939,3.5279,0.757,0.757,0.0,8044600,6089831,0.757,0.756,93720900,0.755,102746200,0.754,72255900,0.753,77084100,0.752,59787700,0.757,7899000,0.758,90615800,0.759,58577300,0.760,35069900,0.761,21162800,15,99999,0
sh513130,09:41:11,1768441274559,5852.7,0.8939,3.1249,0.757,0.757,0.0,8999300,6812577,0.757,0.757,56286800,0.756,94969100,0.755,103741200,0.754,78223200,0.753,76954100,0.758,91017900,0.759,58740300,0.760,34084900,0.761,21162800,0.762,16781400,4,99999,0
sh513130,09:41:14,1768441278565,5852.47,0.8939,5.1972,0.758,0.757,0.1321,257600,195016,0.757,0.757,75510800,0.756,89938900,0.755,103732300,0.754,69069000,0.753,76909300,0.758,90741500,0.759,58765300,0.760,35210900,0.761,21178800,0.762,16781400,1135,99999,0
sh513130,09:41:17,1768441281574,5854.75,0.8939,3.5313,0.757,0.757,0.0,240800,182309,0.7571,0.757,83612800,0.756,90554800,0.755,101506800,0.754,69016400,0.753,76601400,0.758,84043700,0.759,64372400,0.760,36250900,0.761,21178800,0.762,16781400,1004,99999,0
sh513130,09:41:20,1768441284581,5857.94,0.8939,2.8535,0.758,0.757,0.1321,1018400,771398,0.7575,0.757,92975500,0.756,91502000,0.755,100638300,0.754,61568000,0.753,76500200,0.758,51802400,0.759,64456200,0.760,50262800,0.761,28178800,0.762,16781400,63,99999,0
sh513130,09:41:23,1768441287553,5858.78,0.8939,6.2357,0.758,0.757,0.1321,14249000,10800113,0.758,0.757,93053900,0.756,92621700,0.755,99627700,0.754,61806100,0.753,76070800,0.758,28619500,0.759,66339600,0.760,51953000,0.761,28178800,0.762,16781400,1032,99999,0
sh513130,09:41:26,1768441289553,5857.33,0.8939,4.4606,0.757,0.7576,-0.0792,12192600,9241220,0.7579,0.757,92604000,0.756,93670100,0.755,100727000,0.754,61831200,0.753,76080800,0.758,16636600,0.759,66347300,0.760,51834600,0.761,33255300,0.762,16822100,1009,99999,0
sh513130,09:41:29,1768441293583,5859.14,0.8939,2.9275,0.758,0.7577,0.0396,19834300,15034289,0.758,0.758,28938100,0.757,91268600,0.756,78427500,0.755,77776600,0.754,59279300,0.759,71526900,0.760,52834600,0.761,33275400,0.762,16843100,0.763,16943400,1057,99999,0
sh513130,09:41:32,1768441296559,5860.22,0.8939,2.0084,0.758,0.7577,0.0396,959200,727124,0.7581,0.758,45476200,0.757,91242600,0.756,82136800,0.755,78647000,0.754,59137600,0.759,71929300,0.760,52650100,0.761,34205400,0.762,16844000,0.763,16943400,38,99999,0
sh513130,09:41:35,1768441298558,5860.98,0.8939,1.7129,0.758,0.7577,0.0396,324200,245747,0.758,0.758,69025600,0.757,87094300,0.756,83125500,0.755,73988400,0.754,58977900,0.759,67970800,0.760,58268100,0.761,34205400,0.762,17342600,0.763,16943500,18,99999,0
sh513130,09:41:38,1768441302612,5862.49,0.8939,2.4914,0.759,0.7577,0.1716,696800,528295,0.7582,0.758,76891100,0.757,87127200,0.756,84908900,0.755,69287400,0.754,58991200,0.759,68637800,0.760,58441500,0.761,35215700,0.762,17345600,0.763,16943500,117,99999,0
sh513130,09:41:41,1768441305639,5862.95,0.8939,3.646,0.758,0.7576,0.0528,682100,517481,0.7587,0.758,80775800,0.757,86758100,0.756,81976900,0.755,69453600,0.754,59075200,0.759,67382400,0.760,58443700,0.761,35216200,0.762,17345600,0.763,16943600,160,99999,0
sh513130,09:41:44,1768441308649,5863.12,0.8939,3.0247,0.758,0.7576,0.0528,581400,440764,0.7581,0.758,82984400,0.757,86841100,0.756,82918500,0.755,67762600,0.754,58842200,0.759,55856600,0.760,61734400,0.761,36221200,0.762,24365600,0.763,16946600,157,99999,0
sh513130,09:41:47,1768441311651,5863.1,0.8939,2.6154,0.759,0.7583,0.0923,647500,491090,0.7584,0.758,80765500,0.757,87036700,0.756,83824700,0.755,69930100,0.754,58696400,0.759,58011000,0.760,58519300,0.761,39222200,0.762,20365600,0.763,16946600,1148,99999,0
sh513130,09:41:50,1768441314638,5865.32,0.8939,6.5177,0.759,0.7583,0.0923,819600,622046,0.759,0.758,89485000,0.757,87562200,0.756,83652200,0.755,63650000,0.754,58682800,0.759,34256400,0.760,62925000,0.761,44897000,0.762,29398600,0.763,16946600,110,99999,0
sh513130,09:41:53,1768441316639,5866.12,0.8939,4.3908,0.759,0.7583,0.0923,10710100,8128956,0.759,0.758,95506100,0.757,87736100,0.756,83815300,0.755,63920700,0.754,58496500,0.759,25146600,0.760,63076400,0.761,44886600,0.762,29398600,0.763,16978600,97,99999,0
sh513130,09:41:56,1768441320664,5866.96,0.8939,4.9888,0.759,0.7583,0.0923,20793600,15781363,0.759,0.759,45408400,0.758,88715500,0.757,74928800,0.756,60183100,0.755,60018200,0.760,68317500,0.761,45922600,0.762,29459000,0.763,17507000,0.764,18623100,94,99999,0
sh513130,09:41:59,1768441322674,5866.12,0.8939,6.3518,0.76,0.7583,0.2242,582300,442063,0.7592,0.759,5990300,0.758,94632200,0.757,75209300,0.756,61141800,0.755,60173700,0.760,76592800,0.761,45922600,0.762,30434000,0.763,17517000,0.764,18625300,167,99999,0
sh513130,09:42:02,1768441325680,5866.29,0.8939,4.8947,0.759,0.7583,0.0923,9590200,7278962,0.759,0.758,97040600,0.757,76267700,0.756,61274800,0.755,60857100,0.754,59407800,0.759,12630500,0.760,78244800,0.761,45972600,0.762,29544000,0.763,17530600,771,99999,0
sh513130,09:41:59,1768441326676,5866.33,0.8939,4.8129,0.76,0.7583,0.2242,0,0,0.76,0.759,5990300,0.758,94632200,0.757,75209300,0.756,61141800,0.755,60173700,0.760,76592800,0.761,45922600,0.762,30434000,0.763,17517000,0.764,18625300,135,99999,2
sh513130,09:42:02,1768441327689,5866.33,0.8939,3.6902,0.759,0.7583,0.0923,0,0,0.759,0.758,97040600,0.757,76267700,0.756,61274800,0.755,60857100,0.754,59407800,0.759,12630500,0.760,78244800,0.761,45972600,0.762,29544000,0.763,17530600,628,99999,0
sh513130,09:42:05,1768441329683,5865.37,0.8939,5.2076,0.759,0.7583,0.0923,964900,732067,0.7587,0.758,92873700,0.757,76306300,0.756,62358300,0.755,66274500,0.754,59395100,0.759,25138500,0.760,79253700,0.761,45962600,0.762,24564000,0.763,17530600,450,99999,0
sh513130,09:42:08,1768441331700,5866.91,0.8939,6.464,0.759,0.7583,0.0923,3259100,2473237,0.7589,0.758,98843800,0.757,76373900,0.756,63242600,0.755,60817900,0.754,58551600,0.759,4623800,0.760,79292400,0.761,44964000,0.762,24564000,0.763,17530600,306,99999,0
sh513130,09:42:05,1768441332695,5867.32,0.8939,6.3736,0.759,0.7583,0.0923,0,0,0.759,0.758,92873700,0.757,76306300,0.756,62358300,0.755,66274500,0.754,59395100,0.759,25138500,0.760,79253700,0.761,45962600,0.762,24564000,0.763,17530600,157,99999,2
sh513130,09:42:08,1768441333696,5867.32,0.8939,5.4565,0.759,0.7583,0.0923,0,0,0.759,0.758,98843800,0.757,76373900,0.756,63242600,0.755,60817900,0.754,58551600,0.759,4623800,0.760,79292400,0.761,44964000,0.762,24564000,0.763,17530600,151,99999,0
sh513130,09:42:11,1768441334694,5865.86,0.8939,5.0796,0.759,0.7583,0.0923,8106500,6153391,0.7591,0.758,98172700,0.757,75640400,0.756,63674400,0.755,61640500,0.754,58591600,0.759,286500,0.760,79507200,0.761,50643700,0.762,30134000,0.763,17533300,93,99999,0
sh513130,09:42:14,1768441337695,5865.26,0.8939,4.5367,0.758,0.7583,-0.0396,1715100,1301248,0.7587,0.758,94875900,0.757,76721300,0.756,65390000,0.755,65180600,0.754,58612800,0.759,24987700,0.760,66989700,0.761,51588100,0.762,24634000,0.763,17533300,1209,99999,0
sh513130,09:42:17,1768441341707,5865.76,0.8939,2.3876,0.759,0.7583,0.0923,2029100,1539915,0.7589,0.758,99252900,0.757,76667200,0.756,65556600,0.755,59966300,0.754,58533600,0.759,25663400,0.760,74985600,0.761,55560900,0.762,24634000,0.763,17529300,1201,99999,0
sh513130,09:42:20,1768441343718,5866.59,0.8939,4.8226,0.758,0.7583,-0.0396,2226500,1689422,0.7588,0.758,101518700,0.757,76857500,0.756,66221500,0.755,60640400,0.754,58674400,0.759,8814100,0.760,75864900,0.761,54528100,0.762,25057500,0.763,19128700,1171,99999,0
sh513130,09:42:23,1768441347725,5868.23,0.8939,4.3702,0.759,0.7583,0.0923,9235000,7009284,0.759,0.759,65868300,0.758,95071200,0.757,77318500,0.756,61370200,0.755,60658200,0.760,76391300,0.761,63835100,0.762,25057500,0.763,19154700,0.764,19155300,1185,99999,0
sh513130,09:42:26,1768441350719,5867.8,0.8939,2.8057,0.759,0.7583,0.0923,547900,415936,0.7591,0.759,28396000,0.758,99531200,0.757,78228800,0.756,66098300,0.755,60901100,0.760,75806300,0.761,63897100,0.762,31047500,0.763,19154700,0.764,19185300,193,99999,0
sh513130,09:42:29,1768441352735,5867.41,0.8939,3.3498,0.759,0.7583,0.0923,4427800,3360760,0.759,0.758,102103400,0.757,80536200,0.756,66150700,0.755,60959800,0.754,58770000,0.759,10254700,0.760,77133300,0.761,63903100,0.762,31097500,0.763,19154700,178,99999,0
sh513130,09:42:32,1768441355735,5867.29,0.8939,2.337,0.759,0.759,0.0,294300,223285,0.7587,0.758,101865700,0.757,81372800,0.756,66552800,0.755,61072500,0.754,59760000,0.759,6028700,0.760,76837500,0.761,62883100,0.762,29730600,0.763,19154700,573,99999,0
sh513130,09:42:35,1768441359759,5867.76,0.8939,1.1763,0.759,0.759,0.0,812500,616440,0.7587,0.758,101342500,0.757,82301100,0.756,67391900,0.755,60820900,0.754,59716900,0.759,18052900,0.760,77816300,0.761,63110600,0.762,29840600,0.763,19154700,255,99999,0
sh513130,09:42:38,1768441361784,5869.55,0.8939,2.8008,0.759,0.759,0.0,914600,694030,0.7588,0.758,101628100,0.757,78280900,0.756,67781300,0.755,61004700,0.754,59559600,0.759,10579100,0.760,78529300,0.761,63165500,0.762,29853600,0.763,19158700,115,99999,0
sh513130,09:42:41,1768441364816,5869.97,0.8939,2.4393,0.759,0.759,0.0,6062300,4601161,0.759,0.759,40265300,0.758,95471500,0.757,77004100,0.756,67726700,0.755,61060000,0.760,79233400,0.761,65316500,0.762,30203600,0.763,19158700,0.764,19201200,278,99999,0
sh513130,09:42:44,1768441368823,5869.62,0.8939,2.1126,0.759,0.759,0.0,231600,175784,0.759,0.759,39778900,0.758,100647600,0.757,77881100,0.756,67371700,0.755,61171200,0.760,80413100,0.761,65320200,0.762,31196600,0.763,19158700,0.764,20203200,270,99999,0
sh513130,09:42:47,1768441369837,5869.62,0.8939,2.9194,0.76,0.7589,0.1449,255900,194260,0.7591,0.759,68463800,0.758,95655100,0.757,73860700,0.756,56685600,0.755,61312200,0.760,73230700,0.761,70920200,0.762,32177600,0.763,19218700,0.764,20203200,1286,99999,0
sh513130,09:42:50,1768441373866,5870.42,0.8939,4.5635,0.76,0.7596,0.0527,75600,57393,0.7592,0.759,68978100,0.758,95987800,0.757,73350100,0.756,56712800,0.755,61460200,0.760,74656300,0.761,70920200,0.762,32214600,0.763,19227000,0.764,20313200,1314,99999,0
sh513130,09:42:53,1768441376891,5870.64,0.8939,2.78,0.759,0.7596,-0.079,203400,154423,0.7592,0.759,68950600,0.758,96200300,0.757,73839600,0.756,56454200,0.755,62239500,0.760,76017800,0.761,70920200,0.762,32318800,0.763,19273000,0.764,20313200,135,99999,0
sh513130,09:42:56,1768441380909,5870.91,0.8939,0.7841,0.76,0.7596,0.0527,345400,262311,0.7594,0.759,61376400,0.758,95581700,0.757,77668400,0.756,61458600,0.755,62762800,0.760,77227600,0.761,70920200,0.762,32314800,0.763,19273000,0.764,20313200,328,99999,0
sh513130,09:42:59,1768441382925,5871.42,0.8939,1.9847,0.76,0.7596,0.0527,616300,467907,0.7592,0.759,66182200,0.758,95592600,0.757,77891300,0.756,56558800,0.755,62855800,0.760,77811200,0.761,70968700,0.762,32314800,0.763,19273000,0.764,20313200,363,99999,0
sh513130,09:43:02,1768441386969,5871.58,0.8939,4.3103,0.76,0.7596,0.0527,1904800,1447137,0.7597,0.759,65847100,0.758,95602700,0.757,75707800,0.756,56607800,0.755,62978000,0.760,77675300,0.761,70943700,0.762,32414800,0.763,19592500,0.764,20313200,459,99999,0
sh513130,09:43:05,1768441388998,5870.81,0.8939,4.1528,0.759,0.7596,-0.079,976000,741143,0.7594,0.759,58362000,0.758,95690600,0.757,79681300,0.756,61865300,0.755,63262900,0.760,77435700,0.761,70983700,0.762,32426100,0.763,19594000,0.764,20395400,281,99999,0
sh513130,09:43:08,1768441391999,5870.14,0.8939,5.1674,0.76,0.7596,0.0527,780100,592434,0.7594,0.759,55612200,0.758,95607700,0.757,81504700,0.756,56869300,0.755,63547000,0.760,77860800,0.761,71896300,0.762,32447100,0.763,19795000,0.764,20395400,132,99999,0
sh513130,09:43:11,1768441395045,5872.07,0.8939,5.5703,0.76,0.7596,0.0527,1342400,1019128,0.7592,0.759,15052100,0.758,101224400,0.757,80474800,0.756,62288100,0.755,63285600,0.760,84738900,0.761,66296300,0.762,32570700,0.763,19825000,0.764,20495400,532,99999,0
sh513130,09:43:14,1768441398066,5871.85,0.8939,5.7819,0.759,0.7596,-0.079,567400,430943,0.7595,0.759,73628800,0.758,95735200,0.757,78402300,0.756,56851900,0.755,63291300,0.760,69060800,0.761,72749900,0.762,32570700,0.763,19901400,0.764,20465400,1507,99999,0
sh513130,09:43:17,1768441401099,5870.65,0.8939,4.9689,0.759,0.7589,0.0132,1067300,810243,0.7592,0.759,11029400,0.758,101362000,0.757,82198000,0.756,62256900,0.755,63279100,0.760,75197300,0.761,67149900,0.762,32570700,0.763,19911400,0.764,20465400,590,99999,0
sh513130,09:43:20,1768441405143,5870.88,0.8939,4.3189,0.759,0.7589,0.0132,533500,405159,0.7594,0.759,22633400,0.758,95855000,0.757,84041100,0.756,62317800,0.755,63490600,0.760,75197100,0.761,67194700,0.762,32688000,0.763,19978000,0.764,20470400,325,99999,0
sh513130,09:43:23,1768441407141,5871.11,0.8939,5.6513,0.76,0.7589,0.1449,1097600,833114,0.759,0.759,77230800,0.758,96060000,0.757,81704100,0.756,56769200,0.755,63532900,0.760,68573500,0.761,73024700,0.762,32718000,0.763,20095000,0.764,20570400,171,99999,0
sh513130,09:43:26,1768441409162,5871.72,0.8939,6.3442,0.76,0.7589,0.1449,122600,93151,0.7598,0.759,77565300,0.758,95869000,0.757,82433000,0.756,56946300,0.755,63587900,0.760,68845800,0.761,73403600,0.762,32718100,0.763,20095000,0.764,20572400,15,99999,0
sh513130,09:43:29,1768441413201,5869.56,0.8939,3.6267,0.76,0.7589,0.1449,803300,610411,0.7599,0.759,15837400,0.758,101769000,0.757,86440700,0.756,62414600,0.755,63655400,0.760,77273300,0.761,67804800,0.762,32718100,0.763,20095100,0.764,20692200,693,99999,0
sh513130,09:43:32,1768441416217,5867.72,0.8939,2.8639,0.759,0.7589,0.0132,11002900,8351387,0.759,0.758,104126300,0.757,77430700,0.756,67664600,0.755,64430100,0.754,58034400,0.759,64728900,0.760,72389500,0.761,43578300,0.762,30738600,0.763,20267800,596,99999,0
sh513130,09:43:35,1768441418228,5867.42,0.8939,2.4319,0.759,0.7589,0.0132,1194900,906922,0.759,0.758,103251600,0.757,77721700,0.756,68664600,0.755,65285700,0.754,58119600,0.759,65481300,0.760,75340400,0.761,43578300,0.762,30350700,0.763,20267800,448,99999,0
sh513130,09:43:38,1768441423282,5868.28,0.8939,5.5635,0.759,0.7589,0.0132,1161300,881376,0.759,0.758,104165800,0.757,77915600,0.756,67701100,0.755,66114400,0.754,58107600,0.759,47751000,0.760,80528600,0.761,51624600,0.762,30407600,0.763,20248100,743,99999,0
sh513130,09:43:41,1768441425279,5867.01,0.8939,3.7776,0.759,0.7589,0.0132,1083600,822374,0.7589,0.758,103945600,0.757,77941200,0.756,67731100,0.755,66948200,0.754,58107100,0.759,14555500,0.760,82581200,0.761,67623000,0.762,30420600,0.763,20249100,723,99999,0
sh513130,09:43:44,1768441428308,5866.86,0.8939,2.1587,0.758,0.7589,-0.1186,545900,414030,0.7584,0.758,103734300,0.757,78022200,0.756,67741100,0.755,68248800,0.754,58097100,0.759,36838800,0.760,77089500,0.761,43625400,0.762,30422600,0.763,20282100,1808,99999,0
sh513130,09:43:47,1768441430329,5867.01,0.8939,1.627,0.759,0.7589,0.0132,778300,590729,0.759,0.758,103945400,0.757,78043200,0.756,67749200,0.755,69073000,0.754,58078300,0.759,39397300,0.760,78046700,0.761,54675000,0.762,30422600,0.763,20632600,1778,99999,0
sh513130,09:43:44,1768441431331,5866.07,0.8939,1.3261,0.758,0.7589,-0.1186,0,0,0.758,0.758,103734300,0.757,78022200,0.756,67741100,0.755,68248800,0.754,58097100,0.759,36838800,0.760,77089500,0.761,43625400,0.762,30422600,0.763,20282100,620,99999,2
sh513130,09:43:47,1768441432348,5866.07,0.8939,1.2411,0.759,0.7589,0.0132,0,0,0.759,0.758,103945400,0.757,78043200,0.756,67749200,0.755,69073000,0.754,58078300,0.759,39397300,0.760,78046700,0.761,54675000,0.762,30422600,0.763,20632600,1637,99999,0
sh513130,09:43:50,1768441434377,5867.46,0.8939,1.3076,0.759,0.7589,0.0132,209200,158707,0.7586,0.758,103004800,0.757,78043200,0.756,67999800,0.755,70048700,0.754,58078300,0.759,17395500,0.760,79851200,0.761,70769700,0.762,30440900,0.763,20634600,1511,99999,0
sh513130,09:43:53,1768441437386,5866.84,0.8939,2.4028,0.759,0.7589,0.0132,654200,496201,0.7585,0.758,103332800,0.757,77977200,0.756,68020800,0.755,70929600,0.754,57283200,0.759,53289200,0.760,78119200,0.761,43772400,0.762,30440900,0.763,20634600,209,99999,0
sh513130,09:43:56,1768441441399,5866.86,0.8939,4.0434,0.759,0.7582,0.1055,869900,660254,0.759,0.758,102850200,0.757,78123700,0.756,69028300,0.755,71862000,0.754,57283200,0.759,52543100,0.760,77930700,0.761,43797400,0.762,30462800,0.763,20634600,888,99999,0
sh513130,09:43:59,1768441443426,5866.49,0.8939,3.1386,0.759,0.7582,0.1055,462400,350901,0.7589,0.758,102554200,0.757,78244700,0.756,68961100,0.755,73166200,0.754,57301200,0.759,17311400,0.760,82194300,0.761,70794700,0.762,30542800,0.763,20667500,134,99999,0
sh513130,09:44:02,1768441445456,5866.53,0.8939,2.8415,0.758,0.7582,-0.0264,394300,299153,0.7587,0.758,103473500,0.757,78444000,0.756,67976100,0.755,74075300,0.754,57292200,0.759,56525200,0.760,76480200,0.761,43797400,0.762,30462800,0.763,20683600,906,99999,0
sh513130,09:44:05,1768441449502,5867.82,0.8939,2.612,0.759,0.7589,0.0132,216500,164153,0.7582,0.758,102788500,0.757,78467000,0.756,69000200,0.755,74959100,0.754,57352200,0.759,42011900,0.760,80715200,0.761,54796300,0.762,30462800,0.763,20683600,917,99999,0
sh513130,09:44:02,1768441450471,5867.71,0.8939,2.322,0.758,0.7582,-0.0264,0,0,0.758,0.758,103473500,0.757,78444000,0.756,67976100,0.755,74075300,0.754,57292200,0.759,56525200,0.760,76480200,0.761,43797400,0.762,30462800,0.763,20683600,17,99999,2
sh513130,09:44:08,1768441451481,5867.71,0.8939,1.7673,0.759,0.7589,0.0132,13048800,9903972,0.759,0.759,75251700,0.758,99678300,0.757,75981200,0.756,63114100,0.755,65160800,0.760,77324700,0.761,77394700,0.762,30862800,0.763,20683600,0.764,21759900,927,99999,0
sh513130,09:44:11,1768441455484,5868.22,0.8939,1.1785,0.759,0.7582,0.1055,2189700,1661982,0.759,0.759,84291500,0.758,99068600,0.757,79980700,0.756,62750200,0.755,65188500,0.760,76436900,0.761,77304700,0.762,31839600,0.763,20741500,0.764,21759900,958,99999,0
sh513130,09:44:14,1768441458481,5868.78,0.8939,4.2669,0.759,0.7582,0.1055,230700,175102,0.759,0.759,88291700,0.758,104160500,0.757,85837200,0.756,57771200,0.755,66057700,0.760,76483300,0.761,77314700,0.762,31839600,0.763,20816000,0.764,21759900,28,99999,0
sh513130,09:44:17,1768441461520,5867.46,0.8939,3.4069,0.76,0.7589,0.1449,785600,596310,0.7591,0.759,62950200,0.758,104022300,0.757,86674000,0.756,62953100,0.755,66076900,0.760,82638900,0.761,71735500,0.762,31839600,0.763,20816000,0.764,21750900,554,99999,0
sh513130,09:44:20,1768441464550,5866.97,0.8939,4.5187,0.759,0.7589,0.0132,24383400,18507001,0.759,0.758,112157200,0.757,84029900,0.756,68390200,0.755,66166900,0.754,57633500,0.759,59029700,0.760,82070400,0.761,54789600,0.762,30921300,0.763,20821000,13,99999,0
sh513130,09:44:23,1768441466552,5866.85,0.8939,3.4553,0.759,0.7589,0.0132,119000,90321,0.759,0.758,113347400,0.757,84043900,0.756,68465500,0.755,66996100,0.754,57565900,0.759,75408300,0.760,78488400,0.761,43686700,0.762,30548300,0.763,20822000,15,99999,0
sh513130,09:44:26,1768441470587,5863.15,0.8939,4.4946,0.759,0.7589,0.0132,693100,525612,0.7583,0.758,102580200,0.757,84033900,0.756,69468000,0.755,75424800,0.754,57564400,0.759,88158900,0.760,79661000,0.761,43686700,0.762,22548400,0.763,20822000,45,99999,0
sh513130,09:44:29,1768441473634,5862.43,0.8939,4.8315,0.759,0.7589,0.0132,1078600,818348,0.7587,0.758,104056300,0.757,96079700,0.756,78518000,0.755,76095400,0.754,57536800,0.759,95651100,0.760,79929900,0.761,39702700,0.762,18550400,0.763,20852000,1057,99999,0
sh513130,09:44:32,1768441475652,5862.98,0.8939,3.692,0.759,0.7582,0.1055,689200,522635,0.7583,0.758,110902300,0.757,96267900,0.756,71516000,0.755,76929400,0.754,57556900,0.759,96544000,0.760,80327400,0.761,38881200,0.762,18550400,0.763,20852000,1085,99999,0
sh513130,09:44:35,1768441478679,5863.9,0.8939,2.0257,0.759,0.7582,0.1055,586900,445258,0.7587,0.758,112538000,0.757,96757900,0.756,71547000,0.755,77824900,0.754,57748600,0.759,95241200,0.760,80410900,0.761,39798200,0.762,18559400,0.763,20857000,182,99999,0
sh513130,09:44:38,1768441481685,5863.62,0.8939,2.1434,0.759,0.7582,0.1055,782400,593444,0.7585,0.758,113508500,0.757,96887900,0.756,70589800,0.755,78653600,0.754,57768600,0.759,91889500,0.760,80676900,0.761,39938200,0.762,18559400,0.763,20857000,1161,99999,0
sh513130,09:44:41,1768441484689,5863.27,0.8939,3.2839,0.759,0.7582,0.1055,747600,567323,0.7589,0.758,104245200,0.757,96885300,0.756,79624800,0.755,79446300,0.754,57847000,0.759,94567600,0.760,81423900,0.761,40609200,0.762,18567400,0.763,20827000,148,99999,0
sh513130,09:44:44,1768441487723,5863.71,0.8939,3.7627,0.759,0.7582,0.1055,137200,104135,0.759,0.758,112399400,0.757,96840800,0.756,71644900,0.755,80362400,0.754,57849000,0.759,99002800,0.760,81373700,0.761,40609200,0.762,18482700,0.763,20917000,872,99999,0
sh513130,09:44:47,1768441491731,5863.31,0.8939,2.616,0.759,0.7582,0.1055,863900,654969,0.7582,0.758,104799600,0.757,96790800,0.756,78846100,0.755,81201100,0.754,57824000,0.759,104299000,0.760,83766000,0.761,40609200,0.762,18482700,0.763,20917000,574,99999,0
sh513130,09:44:50,1768441494775,5863.35,0.8939,2.5045,0.758,0.7582,-0.0264,296300,224697,0.7583,0.758,111385200,0.757,96786700,0.756,70841100,0.755,82061000,0.754,57824000,0.759,105751800,0.760,84943600,0.761,40609200,0.762,18487700,0.763,20917000,278,99999,0
sh513130,09:44:53,1768441496791,5861.9,0.8939,2.6642,0.759,0.7582,0.1055,269200,204313,0.759,0.758,42262400,0.757,103425000,0.756,97839800,0.755,87905600,0.754,57896900,0.759,112083100,0.760,79474900,0.761,40664400,0.762,18497700,0.763,21017900,258,99999,0
sh513130,09:44:56,1768441500818,5861.03,0.8939,4.1132,0.758,0.7582,-0.0264,36253000,27480202,0.758,0.757,103902200,0.756,97841100,0.755,93827800,0.754,57863500,0.753,74429100,0.758,3914800,0.759,111304100,0.760,75141700,0.761,38829400,0.762,18497700,287,99999,0
sh513130,09:44:59,1768441502831,5859.55,0.8939,5.5222,0.758,0.7582,-0.0264,745200,564861,0.758,0.757,108506700,0.756,88862700,0.755,94228400,0.754,57884500,0.753,74506900,0.758,14013700,0.759,107910700,0.760,72083200,0.761,38529400,0.762,18497700,284,99999,0
sh513130,09:45:02,1768441505869,5861.83,0.8939,6.8313,0.758,0.7582,-0.0264,10363300,7855419,0.758,0.758,90316700,0.757,103879300,0.756,89698500,0.755,89251200,0.754,57884500,0.759,102180900,0.760,78912400,0.761,39059700,0.762,18497700,0.763,20896900,1245,99999,0
sh513130,09:45:05,1768441509881,5862.29,0.8939,4.1142,0.758,0.7582,-0.0264,109600,83087,0.7581,0.758,92491800,0.757,102791400,0.756,89536100,0.755,83843600,0.754,57870500,0.759,99356900,0.760,78892700,0.761,41059700,0.762,18527700,0.763,20901900,1164,99999,0
sh513130,09:45:08,1768441510883,5863.09,0.8939,2.0124,0.759,0.7582,0.1055,1257400,953134,0.758,0.758,101718200,0.757,102764000,0.756,81364700,0.755,83863600,0.754,58034800,0.759,89178300,0.760,78019100,0.761,44094700,0.762,26166200,0.763,20909400,295,99999,0
sh513130,09:45:11,1768441514876,5862.61,0.8939,4.6282,0.758,0.7582,-0.0264,1608900,1219612,0.758,0.758,101065900,0.757,102793000,0.756,82205500,0.755,83848600,0.754,58049800,0.759,89308900,0.760,78481300,0.761,44094700,0.762,26236700,0.763,20909400,372,99999,0
sh513130,09:45:14,1768441518879,5862.58,0.8939,3.0197,0.758,0.7582,-0.0264,332200,251964,0.7585,0.758,101231700,0.757,102807000,0.756,83148700,0.755,83894100,0.754,58102900,0.759,91722000,0.760,79249300,0.761,45084700,0.762,23238700,0.763,20909400,380,99999,0
sh513130,09:45:17,1768441520895,5863.59,0.8939,2.6585,0.758,0.7582,-0.0264,465400,353215,0.7589,0.758,102227400,0.757,103017000,0.756,84035900,0.755,83895700,0.754,58103900,0.759,89273600,0.760,81408200,0.761,45084700,0.762,22238700,0.763,20916900,422,99999,0
sh513130,09:45:20,1768441523924,5862.78,0.8939,2.4087,0.759,0.7582,0.1055,158400,120067,0.758,0.758,102099700,0.757,102974500,0.756,84175900,0.755,83916700,0.754,58067500,0.759,96762500,0.760,81264400,0.761,44244700,0.762,19238700,0.763,20916900,398,99999,0
sh513130,09:45:23,1768441526949,5860.9,0.8939,2.2872,0.758,0.7582,-0.0264,959900,727725,0.7581,0.758,66058300,0.757,102977700,0.756,93227500,0.755,89213700,0.754,58064500,0.759,100345300,0.760,83097700,0.761,41244700,0.762,18838700,0.763,20916900,382,99999,0
sh513130,09:45:26,1768441530976,5864.51,0.8939,3.5461,0.759,0.7583,0.0923,80500,61061,0.7585,0.758,94308700,0.757,103004200,0.756,87067600,0.755,84214700,0.754,58034300,0.759,93138900,0.760,83801500,0.761,44245600,0.762,23238700,0.763,21016900,437,99999,0
sh513130,09:45:29,1768441533004,5864.67,0.8939,4.8659,0.758,0.7583,-0.0396,401900,304671,0.7581,0.758,97915300,0.757,103204300,0.756,85968800,0.755,84252800,0.754,57966100,0.759,90438700,0.760,83919800,0.761,45235700,0.762,26238700,0.763,20984900,519,99999,0
sh513130,09:45:32,1768441536045,5865.24,0.8939,4.2905,0.758,0.7582,-0.0264,257600,195356,0.7584,0.758,105489200,0.757,103231200,0.756,86826500,0.755,76949900,0.754,57997800,0.759,75542400,0.760,88352400,0.761,56144200,0.762,26338700,0.763,20986000,1526,99999,0
sh513130,09:45:35,1768441540045,5865.15,0.8939,3.093,0.759,0.7589,0.0132,203400,154215,0.7582,0.758,98731800,0.757,104246600,0.756,88569200,0.755,85424300,0.754,58997900,0.759,91039600,0.760,84075200,0.761,45144400,0.762,26329700,0.763,20986000,1429,99999,0
sh513130,09:45:38,1768441542055,5866.18,0.8939,3.5755,0.758,0.7589,-0.1186,59700,45289,0.7586,0.758,106681600,0.757,104062700,0.756,90411600,0.755,78162400,0.754,59297900,0.759,55885900,0.760,89763800,0.761,73175400,0.762,26329700,0.763,20986000,1288,99999,0
sh513130,09:45:41,1768441544071,5866.28,0.8939,4.2324,0.758,0.7589,-0.1186,511900,388526,0.759,0.758,99447000,0.757,104119700,0.756,90644000,0.755,85553000,0.754,59366000,0.759,102304900,0.760,84465700,0.761,45179100,0.762,23421500,0.763,20986000,1156,99999,0
sh513130,09:45:38,1768441545089,5866.19,0.8939,3.4474,0.758,0.7589,-0.1186,0,0,0.758,0.758,106681600,0.757,104062700,0.756,90411600,0.755,78162400,0.754,59297900,0.759,55885900,0.760,89763800,0.761,73175400,0.762,26329700,0.763,20986000,9,99999,2
sh513130,09:45:41,1768441546109,5866.19,0.8939,3.3839,0.758,0.7589,-0.1186,0,0,0.758,0.758,99447000,0.757,104119700,0.756,90644000,0.755,85553000,0.754,59366000,0.759,102304900,0.760,84465700,0.761,45179100,0.762,23421500,0.763,20986000,1031,99999,0
sh513130,09:45:44,1768441548116,5865.3,0.8939,2.0079,0.759,0.7589,0.0132,737200,558915,0.7582,0.758,98125800,0.757,104129700,0.756,90644000,0.755,85663600,0.754,59065900,0.759,95885000,0.760,87788100,0.761,45139100,0.762,26421500,0.763,20986000,900,99999,0
sh513130,09:45:47,1768441551152,5865.85,0.8939,0.7247,0.759,0.7589,0.0132,5705200,4330246,0.759,0.758,101957800,0.757,104115300,0.756,89646900,0.755,78274000,0.754,59029600,0.759,35336400,0.760,91685500,0.761,73135400,0.762,26436500,0.763,20986000,641,99999,0
sh513130,09:45:44,1768441552165,5865.85,0.8939,0.5875,0.759,0.7589,0.0132,0,0,0.759,0.758,98125800,0.757,104129700,0.756,90644000,0.755,85663600,0.754,59065900,0.759,95885000,0.760,87788100,0.761,45139100,0.762,26421500,0.763,20986000,631,99999,2
sh513130,09:45:50,1768441553180,5866.75,0.8939,1.8641,0.759,0.7582,0.1055,6455700,4899857,0.759,0.758,108391300,0.757,104952800,0.756,89725600,0.755,71813000,0.754,59030600,0.759,27261300,0.760,91919400,0.761,73135400,0.762,31476500,0.763,20986000,649,99999,0
sh513130,09:45:53,1768441557213,5868.31,0.8939,2.2304,0.759,0.7582,0.1055,26972000,20471740,0.759,0.759,28035100,0.758,106746900,0.757,102777700,0.756,89585400,0.755,69053000,0.760,96311000,0.761,74160800,0.762,31476500,0.763,21011900,0.764,22256800,653,99999,0
sh513130,09:45:56,1768441560258,5868.69,0.8939,3.0613,0.759,0.7589,0.0132,1072300,814129,0.7592,0.759,94012900,0.758,106858700,0.757,82402100,0.756,61364500,0.755,68499900,0.760,95098400,0.761,74210800,0.762,32466500,0.763,21011900,0.764,22256800,90,99999,0
sh513130,09:45:59,1768441563287,5870.47,0.8939,6.1317,0.759,0.7589,0.0132,175500,133205,0.759,0.759,99667000,0.758,101475200,0.757,83233600,0.756,61431100,0.755,68527000,0.760,99257800,0.761,74190800,0.762,32446500,0.763,21060900,0.764,22202600,750,99999,0
sh513130,09:46:02,1768441566313,5872.83,0.8939,8.2984,0.76,0.7589,0.1449,471900,358224,0.7591,0.759,109996500,0.758,101429000,0.757,82085100,0.756,54269000,0.755,68577000,0.760,49990000,0.761,79352500,0.762,56153600,0.763,28460900,0.764,22202600,1753,99999,0
sh513130,09:46:05,1768441569327,5873.83,0.8939,7.6972,0.76,0.7595,0.0658,4254800,3232560,0.7597,0.759,104190900,0.758,101893800,0.757,81401600,0.756,59634000,0.755,68582100,0.760,86806300,0.761,64694900,0.762,37444500,0.763,28461100,0.764,22203600,506,99999,0
sh513130,09:46:08,1768441571336,5873.83,0.8939,6.2695,0.76,0.7595,0.0658,1183300,898208,0.7591,0.759,100192900,0.758,101991600,0.757,83251100,0.756,61499700,0.755,67914400,0.760,90103700,0.761,64694900,0.762,34424500,0.763,21461100,0.764,22203600,362,99999,0
sh513130,09:46:11,1768441574350,5873.91,0.8939,6.9078,0.76,0.7595,0.0658,207400,157624,0.76,0.759,100289200,0.758,102611800,0.757,84133600,0.756,61468700,0.755,68044400,0.760,103161800,0.761,59104900,0.762,34411500,0.763,21371100,0.764,22203600,1219,99999,0
sh513130,09:46:14,1768441577392,5870.27,0.8939,5.396,0.759,0.7595,-0.0658,29751100,22581107,0.759,0.758,107229500,0.757,95968100,0.756,66943700,0.755,68418600,0.754,60546500,0.759,22153000,0.760,103667700,0.761,57658700,0.762,31451800,0.763,20971100,809,99999,0
sh513130,09:46:11,1768441578392,5870.27,0.8939,5.5718,0.76,0.7595,0.0658,0,0,0.76,0.759,100289200,0.758,102611800,0.757,84133600,0.756,61468700,0.755,68044400,0.760,103161800,0.761,59104900,0.762,34411500,0.763,21371100,0.764,22203600,953,99999,2
sh513130,09:46:14,1768441579371,5869.35,0.8939,5.4845,0.759,0.7595,-0.0658,0,0,0.759,0.758,107229500,0.757,95968100,0.756,66943700,0.755,68418600,0.754,60546500,0.759,22153000,0.760,103667700,0.761,57658700,0.762,31451800,0.763,20971100,843,99999,0
sh513130,09:46:17,1768441581383,5868.67,0.8939,4.4978,0.759,0.7595,-0.0658,2110900,1601873,0.7589,0.758,105002100,0.757,96750700,0.756,72933700,0.755,67585800,0.754,60546500,0.759,15374900,0.760,103233800,0.761,57825400,0.762,31051800,0.763,20868400,805,99999,0
sh513130,09:46:20,1768441584398,5868.44,0.8939,4.2609,0.759,0.7589,0.0132,2346600,1781032,0.759,0.758,105638100,0.757,89324200,0.756,72933700,0.755,67586900,0.754,60560200,0.759,19327600,0.760,103247400,0.761,57784500,0.762,32051800,0.763,20887200,457,99999,0
sh513130,09:46:23,1768441587407,5869.13,0.8939,4.3024,0.759,0.7589,0.0132,141600,107475,0.759,0.758,106184800,0.757,90201300,0.756,72925700,0.755,67558900,0.754,61154800,0.759,16507000,0.760,103228900,0.761,57784500,0.762,32124200,0.763,20887200,858,99999,0
sh513130,09:46:26,1768441590406,5868.71,0.8939,3.5732,0.759,0.7589,0.0132,17225100,13073864,0.759,0.759,57559400,0.758,107135600,0.757,89542800,0.756,68066300,0.755,67644400,0.760,103916200,0.761,58785400,0.762,32524200,0.763,20887200,0.764,22275500,1845,99999,0
sh513130,09:46:29,1768441593438,5869.74,0.8939,3.5769,0.759,0.7589,0.0132,117900,89544,0.7595,0.759,72535000,0.758,102620700,0.757,82401600,0.756,66481500,0.755,67741700,0.760,104147800,0.761,58819100,0.762,32524200,0.763,20887200,0.764,22315500,844,99999,0
sh513130,09:46:32,1768441596453,5870.11,0.8939,2.7062,0.759,0.7589,0.0132,219000,166361,0.7596,0.759,56109500,0.758,108306000,0.757,91253000,0.756,66373500,0.755,68035600,0.760,104309300,0.761,58893300,0.762,32554200,0.763,20887200,0.764,22315500,1729,99999,0
sh513130,09:46:35,1768441599453,5869.26,0.8939,-0.9829,0.759,0.7589,0.0132,3455000,2622465,0.759,0.758,107482900,0.757,92312600,0.756,71417500,0.755,67923700,0.754,61144600,0.759,23458500,0.760,105667100,0.761,56898400,0.762,32554200,0.763,20887200,420,99999,0
sh513130,09:46:38,1768441601452,5869.1,0.8939,1.174,0.759,0.7589,0.0132,94600,71801,0.759,0.758,106787300,0.757,94012100,0.756,72927800,0.755,69043700,0.754,61144600,0.759,23570500,0.760,105902400,0.761,56898400,0.762,32154200,0.763,20887200,250,99999,0
sh513130,09:46:41,1768441605455,5868.55,0.8939,1.1967,0.759,0.7588,0.0264,3475100,2637591,0.759,0.758,106830200,0.757,94932100,0.756,72916200,0.755,69003400,0.754,61144600,0.759,11082300,0.760,106580100,0.761,56898400,0.762,32159200,0.763,20887200,909,99999,0
sh513130,09:46:44,1768441607483,5868.01,0.8939,1.5233,0.759,0.7588,0.0264,310000,235290,0.759,0.758,99568000,0.757,88336900,0.756,72928200,0.755,76413400,0.754,61094600,0.759,52626200,0.760,84627400,0.761,45541000,0.762,32254200,0.763,20887200,968,99999,0
sh513130,09:46:41,1768441608499,5868.01,0.8939,2.0672,0.759,0.7588,0.0264,0,0,0.759,0.758,106830200,0.757,94932100,0.756,72916200,0.755,69003400,0.754,61144600,0.759,11082300,0.760,106580100,0.761,56898400,0.762,32159200,0.763,20887200,833,99999,2
sh513130,09:46:44,1768441609497,5867.8,0.8939,2.0271,0.759,0.7588,0.0264,0,0,0.759,0.758,99568000,0.757,88336900,0.756,72928200,0.755,76413400,0.754,61094600,0.759,52626200,0.760,84627400,0.761,45541000,0.762,32254200,0.763,20887200,727,99999,0
sh513130,09:46:47,1768441610495,5866.39,0.8939,1.421,0.759,0.7588,0.0264,435300,330242,0.7587,0.758,98320000,0.757,88376900,0.756,73994600,0.755,76408500,0.754,61163300,0.759,62117900,0.760,88829000,0.761,44611000,0.762,24254500,0.763,20887200,3,99999,0
sh513130,09:46:44,1768441611512,5866.39,0.8939,1.3929,0.759,0.7588,0.0264,0,0,0.759,0.758,99568000,0.757,88336900,0.756,72928200,0.755,76413400,0.754,61094600,0.759,52626200,0.760,84627400,0.761,45541000,0.762,32254200,0.763,20887200,934,99999,2
sh513130,09:46:47,1768441612523,5866.76,0.8939,1.9975,0.759,0.7588,0.0264,0,0,0.759,0.758,98320000,0.757,88376900,0.756,73994600,0.755,76408500,0.754,61163300,0.759,62117900,0.760,88829000,0.761,44611000,0.762,24254500,0.763,20887200,65,99999,0
sh513130,09:46:50,1768441613534,5866.76,0.8939,2.7067,0.759,0.7588,0.0264,219400,166525,0.759,0.758,98192100,0.757,88406900,0.756,74299900,0.755,77287100,0.754,61198700,0.759,65893100,0.760,86202600,0.761,44763900,0.762,24321800,0.763,20887200,973,99999,0
sh513130,09:46:53,1768441616557,5866.49,0.8939,2.118,0.759,0.7588,0.0264,58800,44613,0.7587,0.758,98167700,0.757,88749400,0.756,74306400,0.755,78125700,0.754,61101700,0.759,78622900,0.760,81429100,0.761,41763900,0.762,20301800,0.763,20948200,118,99999,0
sh513130,09:46:56,1768441619591,5866.52,0.8939,2.0591,0.759,0.7588,0.0264,193700,146903,0.7584,0.758,97775400,0.757,89471400,0.756,75921400,0.755,79564300,0.754,62701700,0.759,79262800,0.760,78093400,0.761,51289200,0.762,20911800,0.763,21548200,1106,99999,0
sh513130,09:46:59,1768441622617,5864.54,0.8939,2.6429,0.759,0.7588,0.0264,288400,218894,0.759,0.758,90092800,0.757,89591400,0.756,83921400,0.755,81398000,0.754,62761700,0.759,79996100,0.760,78576600,0.761,50319200,0.762,20915500,0.763,21553500,87,99999,0
sh513130,09:46:56,1768441623632,5864.54,0.8939,2.7188,0.759,0.7588,0.0264,0,0,0.759,0.758,97775400,0.757,89471400,0.756,75921400,0.755,79564300,0.754,62701700,0.759,79262800,0.760,78093400,0.761,51289200,0.762,20911800,0.763,21548200,341,99999,2
sh513130,09:46:59,1768441624629,5864.09,0.8939,3.4547,0.759,0.7588,0.0264,0,0,0.759,0.758,90092800,0.757,89591400,0.756,83921400,0.755,81398000,0.754,62761700,0.759,79996100,0.760,78576600,0.761,50319200,0.762,20915500,0.763,21553500,86,99999,0
sh513130,09:47:02,1768441625641,5864.09,0.8939,3.4275,0.759,0.7588,0.0264,472600,358686,0.759,0.758,61085100,0.757,94983300,0.756,83891200,0.755,87443800,0.754,62763700,0.759,81353500,0.760,87755900,0.761,40402900,0.762,20925500,0.763,21553500,706,99999,0
sh513130,09:47:05,1768441628654,5860.82,0.8939,-0.1858,0.758,0.7581,-0.0132,17585900,13330127,0.758,0.757,103893400,0.756,92869400,0.755,87967300,0.754,70164700,0.753,72723000,0.758,87886800,0.759,57800900,0.760,60631000,0.761,37397900,0.762,20925500,118,99999,0
sh513130,09:47:08,1768441632634,5858.81,0.8939,2.1099,0.758,0.7581,-0.0132,493100,373770,0.758,0.757,101983500,0.756,92905800,0.755,95386500,0.754,70164700,0.753,72738000,0.758,76313200,0.759,63903900,0.760,57209400,0.761,27991800,0.762,20925500,126,99999,0
sh513130,09:47:11,1768441635632,5859.55,0.8939,3.4806,0.758,0.7581,-0.0132,763500,578733,0.758,0.757,101007900,0.756,93017600,0.755,96376500,0.754,70164700,0.753,72749000,0.758,27919200,0.759,72928100,0.760,85882600,0.761,34917600,0.762,20923500,1121,99999,0
sh513130,09:47:14,1768441638653,5860.42,0.8939,-0.1522,0.758,0.7581,-0.0132,31773300,24084162,0.758,0.758,9027500,0.757,110194300,0.756,92221500,0.755,95220200,0.754,63784700,0.759,75071900,0.760,87832100,0.761,34799100,0.762,20925500,0.763,21340200,154,99999,0
sh513130,09:47:17,1768441640650,5861.46,0.8939,-0.153,0.758,0.7575,0.066,1229400,931886,0.758,0.758,65511500,0.757,112243900,0.756,92085700,0.755,94855800,0.754,63685300,0.759,78237700,0.760,87892100,0.761,40259100,0.762,20930900,0.763,21340200,102,99999,0
