symbol,tx_server_time,tx_local_time,bd_server_time,bd_local_time,price,iopv,premium_rate,index_price,fx_rate,sentiment,tick_vol,tick_amt,tick_vwap,interval_s,bp1,bv1,bp2,bv2,bp3,bv3,bp4,bv4,bp5,bv5,sp1,sv1,sp2,sv2,sp3,sv3,sp4,sv4,sp5,sv5,idx_delay_ms,fut_delay_ms,data_flags
sh513130,9:30:07,1.76758E+12,9:31:08,1.76758E+12,0.742,0.7456,-0.4828,5732.38,0.8972,-0.0421,0,0,0.742,0,0.741,5629600,0.74,27690900,0.739,23209200,0.738,30818500,0.737,15302100,0.742,7079700,0.743,32209100,0.744,25417900,0.745,40395900,0.746,34271400,430,0,1
sh513130,9:30:07,1.76758E+12,9:31:08,1.76758E+12,0.742,0.7456,-0.4828,5732.38,0.8972,2.0798,0,0,0.742,0.985,0.741,5629600,0.74,27690900,0.739,23209200,0.738,30818500,0.737,15302100,0.742,7079700,0.743,32209100,0.744,25417900,0.745,40395900,0.746,34271400,1415,0,0
sh513130,9:30:07,1.76758E+12,9:31:10,1.76758E+12,0.742,0.7456,-0.4828,5730.16,0.8972,1.4061,0,0,0.742,1.002,0.741,5629600,0.74,27690900,0.739,23209200,0.738,30818500,0.737,15302100,0.742,7079700,0.743,32209100,0.744,25417900,0.745,40395900,0.746,34271400,250,0,0
sh513130,9:30:07,1.76758E+12,9:31:10,1.76758E+12,0.742,0.7456,-0.4828,5730.16,0.8972,2.141,0,0,0.742,1.009,0.741,5629600,0.74,27690900,0.739,23209200,0.738,30818500,0.737,15302100,0.742,7079700,0.743,32209100,0.744,25417900,0.745,40395900,0.746,34271400,1259,0,0
sh513130,9:30:10,1.76758E+12,9:31:12,1.76758E+12,0.741,0.7456,-0.617,5730.94,0.8972,4.7807,13230100,9811539,0.7416,1,0.741,1590200,0.74,27467400,0.739,25581400,0.738,30867100,0.737,17608100,0.742,16011100,0.743,41384500,0.744,27420800,0.745,48848900,0.746,38584100,78,0,0
sh513130,9:30:10,1.76758E+12,9:31:12,1.76758E+12,0.741,0.7456,-0.617,5730.94,0.8972,4.7,0,0,0.741,0.997,0.741,1590200,0.74,27467400,0.739,25581400,0.738,30867100,0.737,17608100,0.742,16011100,0.743,41384500,0.744,27420800,0.745,48848900,0.746,38584100,1075,0,0
sh513130,9:30:13,1.76758E+12,9:31:14,1.76758E+12,0.742,0.7443,-0.309,5733.12,0.8972,2.7899,11050000,8197467,0.7419,1.013,0.741,10107800,0.74,27262200,0.739,27136100,0.738,25142400,0.737,17912600,0.742,30104700,0.743,46990900,0.744,29374300,0.745,54208600,0.746,39793800,809,0,0
sh513130,9:30:13,1.76758E+12,9:31:14,1.76758E+12,0.742,0.7443,-0.309,5733.12,0.8972,2.7369,0,0,0.742,0.987,0.741,10107800,0.74,27262200,0.739,27136100,0.738,25142400,0.737,17912600,0.742,30104700,0.743,46990900,0.744,29374300,0.745,54208600,0.746,39793800,901,0,0
sh513130,9:30:13,1.76758E+12,9:31:16,1.76758E+12,0.742,0.7443,-0.309,5730.23,0.8972,2.3285,0,0,0.742,0.999,0.741,10107800,0.74,27262200,0.739,27136100,0.738,25142400,0.737,17912600,0.742,30104700,0.743,46990900,0.744,29374300,0.745,54208600,0.746,39793800,803,0,0
sh513130,9:30:13,1.76758E+12,9:31:16,1.76758E+12,0.742,0.7443,-0.309,5730.23,0.8972,2.2836,0,0,0.742,1.002,0.741,10107800,0.74,27262200,0.739,27136100,0.738,25142400,0.737,17912600,0.742,30104700,0.743,46990900,0.744,29374300,0.745,54208600,0.746,39793800,733,0,0
sh513130,9:30:16,1.76758E+12,9:31:18,1.76758E+12,0.741,0.7443,-0.4434,5727.36,0.8972,0.7344,16338700,12118915,0.7417,1.008,0.741,6223400,0.74,27448400,0.739,27572600,0.738,25066400,0.737,18000800,0.742,35948700,0.743,56459700,0.744,33614100,0.745,62121800,0.746,43463700,854,0,0
sh513130,9:30:16,1.76758E+12,9:31:18,1.76758E+12,0.741,0.7443,-0.4434,5727.36,0.8972,0.6997,0,0,0.741,1.021,0.741,6223400,0.74,27448400,0.739,27572600,0.738,25066400,0.737,18000800,0.742,35948700,0.743,56459700,0.744,33614100,0.745,62121800,0.746,43463700,595,0,0
sh513130,9:30:16,1.76758E+12,9:31:20,1.76758E+12,0.741,0.7443,-0.4434,5722.98,0.8972,0.6493,0,0,0.741,0.99,0.741,6223400,0.74,27448400,0.739,27572600,0.738,25066400,0.737,18000800,0.742,35948700,0.743,56459700,0.744,33614100,0.745,62121800,0.746,43463700,873,0,0
sh513130,9:30:19,1.76758E+12,9:31:20,1.76758E+12,0.741,0.7443,-0.4434,5722.98,0.8972,-0.1752,17280300,12817237,0.7417,0.99,0.741,2987200,0.74,21270300,0.739,26458400,0.738,25312300,0.737,24396800,0.742,37624000,0.743,63724100,0.744,34994800,0.745,66867700,0.746,44739400,404,0,0
sh513130,9:30:19,1.76758E+12,9:31:22,1.76758E+12,0.741,0.7443,-0.4434,5719.85,0.8972,0.5834,0,0,0.741,1.019,0.741,2987200,0.74,21270300,0.739,26458400,0.738,25312300,0.737,24396800,0.742,37624000,0.743,63724100,0.744,34994800,0.745,66867700,0.746,44739400,827,0,0
sh513130,9:30:19,1.76758E+12,9:31:22,1.76758E+12,0.741,0.7443,-0.4434,5719.85,0.8972,1.0638,0,0,0.741,0.991,0.741,2987200,0.74,21270300,0.739,26458400,0.738,25312300,0.737,24396800,0.742,37624000,0.743,63724100,0.744,34994800,0.745,66867700,0.746,44739400,225,0,0
sh513130,9:30:22,1.76758E+12,9:31:24,1.76758E+12,0.742,0.743,-0.1346,5718.05,0.8972,-0.2492,6847200,5077155,0.7415,1.002,0.741,2201500,0.74,20350300,0.739,26640200,0.738,30823600,0.737,24636200,0.742,46744800,0.743,66341800,0.744,38117200,0.745,69116200,0.746,46998800,852,0,0
sh513130,9:30:22,1.76758E+12,9:31:24,1.76758E+12,0.742,0.743,-0.1346,5718.05,0.8972,-0.0087,0,0,0.742,0.984,0.741,2201500,0.74,20350300,0.739,26640200,0.738,30823600,0.737,24636200,0.742,46744800,0.743,66341800,0.744,38117200,0.745,69116200,0.746,46998800,28,0,0
sh513130,9:30:25,1.76758E+12,9:31:26,1.76758E+12,0.741,0.743,-0.2692,5719.93,0.8972,2.806,7741500,5739847,0.7414,0.999,0.74,19873900,0.739,31761700,0.738,38764500,0.737,24136300,0.736,17455300,0.741,407600,0.742,68475300,0.743,74036100,0.744,41848900,0.745,71414300,753,0,0
sh513130,9:30:22,1.76758E+12,9:31:26,1.76758E+12,0.742,0.743,-0.1346,5719.93,0.8972,2.2102,0,0,0.742,1.001,0.741,2201500,0.74,20350300,0.739,26640200,0.738,30823600,0.737,24636200,0.742,46744800,0.743,66341800,0.744,38117200,0.745,69116200,0.746,46998800,1753,0,1
sh513130,9:30:25,1.76758E+12,9:31:28,1.76758E+12,0.741,0.743,-0.2692,5716.68,0.8972,2.1993,7741500,5739847,0.7414,1.003,0.74,19873900,0.739,31761700,0.738,38764500,0.737,24136300,0.736,17455300,0.741,407600,0.742,68475300,0.743,74036100,0.744,41848900,0.745,71414300,820,0,0
sh513130,9:30:25,1.76758E+12,9:31:28,1.76758E+12,0.741,0.743,-0.2692,5716.68,0.8972,2.1748,0,0,0.741,1.012,0.74,19873900,0.739,31761700,0.738,38764500,0.737,24136300,0.736,17455300,0.741,407600,0.742,68475300,0.743,74036100,0.744,41848900,0.745,71414300,1833,0,0
sh513130,9:30:28,1.76758E+12,9:31:30,1.76758E+12,0.74,0.7423,-0.3098,5715.62,0.8972,1.918,11987000,8878759,0.7407,0.984,0.74,15200500,0.739,25576700,0.738,37091000,0.737,24105600,0.736,17740200,0.741,340300,0.742,78530600,0.743,79822500,0.744,46573900,0.745,75617400,690,0,0
sh513130,9:30:28,1.76758E+12,9:31:30,1.76758E+12,0.74,0.7423,-0.3098,5715.62,0.8972,2.0007,0,0,0.74,1,0.74,15200500,0.739,25576700,0.738,37091000,0.737,24105600,0.736,17740200,0.741,340300,0.742,78530600,0.743,79822500,0.744,46573900,0.745,75617400,1690,0,0
sh513130,9:30:28,1.76758E+12,9:31:32,1.76758E+12,0.74,0.7423,-0.3098,5714.94,0.8972,3.9676,0,0,0.74,0.989,0.74,15200500,0.739,25576700,0.738,37091000,0.737,24105600,0.736,17740200,0.741,340300,0.742,78530600,0.743,79822500,0.744,46573900,0.745,75617400,514,0,0
sh513130,9:30:31,1.76758E+12,9:31:32,1.76758E+12,0.74,0.7423,-0.3098,5714.94,0.8972,4.4529,16623000,12326301,0.7415,0.999,0.74,10869600,0.739,24583300,0.738,36142200,0.737,27796500,0.736,17816200,0.741,2270400,0.742,84578400,0.743,84814200,0.744,47693800,0.745,76217400,1513,0,0
sh513130,9:30:31,1.76758E+12,9:31:34,1.76758E+12,0.74,0.7423,-0.3098,5715.19,0.8972,4.3758,0,0,0.74,0.997,0.74,10869600,0.739,24583300,0.738,36142200,0.737,27796500,0.736,17816200,0.741,2270400,0.742,84578400,0.743,84814200,0.744,47693800,0.745,76217400,335,0,0
sh513130,9:30:31,1.76758E+12,9:31:34,1.76758E+12,0.74,0.7423,-0.3098,5715.19,0.8972,5.012,0,0,0.74,0.995,0.74,10869600,0.739,24583300,0.738,36142200,0.737,27796500,0.736,17816200,0.741,2270400,0.742,84578400,0.743,84814200,0.744,47693800,0.745,76217400,1329,0,0
sh513130,9:30:34,1.76758E+12,9:31:36,1.76758E+12,0.74,0.7416,-0.2157,5714.72,0.8972,5.0095,4457400,3301283,0.7406,0.99,0.74,7974900,0.739,24585100,0.738,30056200,0.737,31625600,0.736,19036700,0.741,6934500,0.742,96863800,0.743,86781300,0.744,50682900,0.745,76802600,164,0,0
sh513130,9:30:34,1.76758E+12,9:31:36,1.76758E+12,0.74,0.7416,-0.2157,5714.72,0.8972,4.6386,0,0,0.74,1.003,0.74,7974900,0.739,24585100,0.738,30056200,0.737,31625600,0.736,19036700,0.741,6934500,0.742,96863800,0.743,86781300,0.744,50682900,0.745,76802600,1168,0,0
sh513130,9:30:34,1.76758E+12,9:31:38,1.76758E+12,0.74,0.7416,-0.2157,5714.1,0.8972,6.1536,0,0,0.74,1.006,0.74,7974900,0.739,24585100,0.738,30056200,0.737,31625600,0.736,19036700,0.741,6934500,0.742,96863800,0.743,86781300,0.744,50682900,0.745,76802600,9,0,0
sh513130,9:30:37,1.76758E+12,9:31:38,1.76758E+12,0.74,0.741,-0.135,5714.1,0.8972,5.135,6988700,5174334,0.7404,1.02,0.74,4998500,0.739,19796100,0.738,25131400,0.737,30547600,0.736,20559600,0.741,19553900,0.742,117199500,0.743,90098200,0.744,48740800,0.745,79196700,1029,0,0
sh513130,9:30:37,1.76758E+12,9:31:40,1.76758E+12,0.74,0.741,-0.135,5716.01,0.8972,7.0343,0,0,0.74,0.986,0.74,4998500,0.739,19796100,0.738,25131400,0.737,30547600,0.736,20559600,0.741,19553900,0.742,117199500,0.743,90098200,0.744,48740800,0.745,79196700,750,0,0
sh513130,9:30:37,1.76758E+12,9:31:40,1.76758E+12,0.74,0.741,-0.135,5716.01,0.8972,7.5818,0,0,0.74,1.014,0.74,4998500,0.739,19796100,0.738,25131400,0.737,30547600,0.736,20559600,0.741,19553900,0.742,117199500,0.743,90098200,0.744,48740800,0.745,79196700,855,0,0
sh513130,9:30:40,1.76758E+12,9:31:42,1.76758E+12,0.74,0.741,-0.135,5717.01,0.8972,6.2885,10034900,7427932,0.7402,0.988,0.739,18473900,0.738,25046900,0.737,38729800,0.736,20564600,0.735,15440500,0.74,2181200,0.741,33649300,0.742,123867100,0.743,89890100,0.744,48100600,793,0,0
sh513130,9:30:40,1.76758E+12,9:31:42,1.76758E+12,0.74,0.741,-0.135,5717.01,0.8972,6.0394,0,0,0.74,0.997,0.739,18473900,0.738,25046900,0.737,38729800,0.736,20564600,0.735,15440500,0.74,2181200,0.741,33649300,0.742,123867100,0.743,89890100,0.744,48100600,663,0,0
sh513130,9:30:40,1.76758E+12,9:31:44,1.76758E+12,0.74,0.741,-0.135,5717.42,0.8972,6.9435,0,0,0.74,0.985,0.739,18473900,0.738,25046900,0.737,38729800,0.736,20564600,0.735,15440500,0.74,2181200,0.741,33649300,0.742,123867100,0.743,89890100,0.744,48100600,741,0,0
sh513130,9:30:43,1.76758E+12,9:31:44,1.76758E+12,0.739,0.7416,-0.3506,5717.42,0.8972,5.6799,7938100,5872863,0.7398,0.983,0.739,18533600,0.738,24402000,0.737,38395600,0.736,24383200,0.735,15483800,0.74,8474100,0.741,51205800,0.742,127146500,0.743,92820000,0.744,49363200,458,0,0
sh513130,9:30:43,1.76758E+12,9:31:46,1.76758E+12,0.739,0.7416,-0.3506,5720.19,0.8972,5.7979,0,0,0.739,1.001,0.739,18533600,0.738,24402000,0.737,38395600,0.736,24383200,0.735,15483800,0.74,8474100,0.741,51205800,0.742,127146500,0.743,92820000,0.744,49363200,791,0,0
sh513130,9:30:46,1.76758E+12,9:31:46,1.76758E+12,0.74,0.7416,-0.2157,5720.19,0.8972,6.103,9754000,7216781,0.7399,1.007,0.739,18194200,0.738,32820000,0.737,39460600,0.736,24384700,0.735,15510800,0.74,16823900,0.741,56264300,0.742,131298000,0.743,91639000,0.744,49630300,297,0,0
sh513130,9:30:46,1.76758E+12,9:31:48,1.76758E+12,0.74,0.7416,-0.2157,5717.69,0.8972,6.6669,0,0,0.74,1.006,0.739,18194200,0.738,32820000,0.737,39460600,0.736,24384700,0.735,15510800,0.74,16823900,0.741,56264300,0.742,131298000,0.743,91639000,0.744,49630300,803,0,0
sh513130,9:30:46,1.76758E+12,9:31:48,1.76758E+12,0.74,0.7416,-0.2157,5717.69,0.8972,6.7301,0,0,0.74,0.997,0.739,18194200,0.738,32820000,0.737,39460600,0.736,24384700,0.735,15510800,0.74,16823900,0.741,56264300,0.742,131298000,0.743,91639000,0.744,49630300,131,0,0
sh513130,9:30:46,1.76758E+12,9:31:50,1.76758E+12,0.74,0.7416,-0.2157,5715.7,0.8972,5.7175,0,0,0.74,1,0.739,18194200,0.738,32820000,0.737,39460600,0.736,24384700,0.735,15510800,0.74,16823900,0.741,56264300,0.742,131298000,0.743,91639000,0.744,49630300,765,0,0
sh513130,9:30:49,1.76758E+12,9:31:50,1.76758E+12,0.739,0.7416,-0.3506,5715.7,0.8972,5.5013,14694000,10866380,0.7395,1.003,0.739,10377500,0.738,32806100,0.737,39538600,0.736,24387700,0.735,15516300,0.74,29346200,0.741,58932600,0.742,133012400,0.743,92092700,0.744,49910600,1768,0,0
sh513130,9:30:49,1.76758E+12,9:31:52,1.76758E+12,0.739,0.7416,-0.3506,5712.06,0.8972,5.4145,0,0,0.739,0.986,0.739,10377500,0.738,32806100,0.737,39538600,0.736,24387700,0.735,15516300,0.74,29346200,0.741,58932600,0.742,133012400,0.743,92092700,0.744,49910600,798,0,0
sh513130,9:30:49,1.76758E+12,9:31:52,1.76758E+12,0.739,0.7416,-0.3506,5712.06,0.8972,6.4272,0,0,0.739,1.019,0.739,10377500,0.738,32806100,0.737,39538600,0.736,24387700,0.735,15516300,0.74,29346200,0.741,58932600,0.742,133012400,0.743,92092700,0.744,49910600,1816,0,0
sh513130,9:30:49,1.76758E+12,9:31:54,1.76758E+12,0.739,0.7416,-0.3506,5712.43,0.8972,5.5639,0,0,0.739,0.99,0.739,10377500,0.738,32806100,0.737,39538600,0.736,24387700,0.735,15516300,0.74,29346200,0.741,58932600,0.742,133012400,0.743,92092700,0.744,49910600,750,0,0
sh513130,9:30:52,1.76758E+12,9:31:54,1.76758E+12,0.739,0.7416,-0.3506,5712.43,0.8972,4.4843,9750100,7205158,0.739,0.996,0.738,30762400,0.737,39525800,0.736,26900200,0.735,17502800,0.734,11107600,0.739,3262200,0.74,44344500,0.741,64732700,0.742,130827100,0.743,91377700,1746,0,0
sh513130,9:30:52,1.76758E+12,9:31:56,1.76758E+12,0.739,0.7416,-0.3506,5710.63,0.8972,4.5327,0,0,0.739,0.999,0.738,30762400,0.737,39525800,0.736,26900200,0.735,17502800,0.734,11107600,0.739,3262200,0.74,44344500,0.741,64732700,0.742,130827100,0.743,91377700,612,0,0
sh513130,9:30:55,1.76758E+12,9:31:56,1.76758E+12,0.738,0.7416,-0.4854,5710.63,0.8972,4.4822,11537300,8523031,0.7387,1.01,0.738,25636500,0.737,40499600,0.736,27543700,0.735,17501400,0.734,11140900,0.739,19434800,0.74,50116400,0.741,65484400,0.742,125431400,0.743,91920100,1623,0,0
sh513130,9:30:55,1.76758E+12,9:31:58,1.76758E+12,0.738,0.7416,-0.4854,5711.17,0.8972,3.4363,0,0,0.738,0.997,0.738,25636500,0.737,40499600,0.736,27543700,0.735,17501400,0.734,11140900,0.739,19434800,0.74,50116400,0.741,65484400,0.742,125431400,0.743,91920100,442,0,0
sh513130,9:30:58,1.76758E+12,9:32:00,1.76758E+12,0.738,0.7416,-0.4854,5711.17,0.8972,3.8029,8726000,6440919,0.7381,1.004,0.738,19724400,0.737,40500700,0.736,27570900,0.735,17536500,0.734,11155200,0.739,25258800,0.74,51744100,0.741,68389900,0.742,125480400,0.743,91466300,297,0,0
sh513130,9:30:58,1.76758E+12,9:32:00,1.76758E+12,0.738,0.7416,-0.4854,5711.69,0.8972,2.5863,0,0,0.738,0.984,0.738,19724400,0.737,40500700,0.736,27570900,0.735,17536500,0.734,11155200,0.739,25258800,0.74,51744100,0.741,68389900,0.742,125480400,0.743,91466300,274,0,0
sh513130,9:30:58,1.76758E+12,9:32:00,1.76758E+12,0.738,0.7416,-0.4854,5711.69,0.8972,2.5369,0,0,0.738,0.996,0.738,19724400,0.737,40500700,0.736,27570900,0.735,17536500,0.734,11155200,0.739,25258800,0.74,51744100,0.741,68389900,0.742,125480400,0.743,91466300,1270,0,0
sh513130,9:31:01,1.76758E+12,9:32:02,1.76758E+12,0.738,0.7416,-0.4854,5712.58,0.8972,3.8074,47988500,35457057,0.7389,0.997,0.738,8694000,0.737,40100800,0.736,28351300,0.735,17540300,0.734,11170200,0.74,48720200,0.741,65201900,0.742,125623900,0.743,90061500,0.744,47942400,95,0,0
sh513130,9:31:01,1.76758E+12,9:32:02,1.76758E+12,0.738,0.7416,-0.4854,5712.58,0.8972,3.5668,0,0,0.738,1.009,0.738,8694000,0.737,40100800,0.736,28351300,0.735,17540300,0.734,11170200,0.74,48720200,0.741,65201900,0.742,125623900,0.743,90061500,0.744,47942400,1104,0,0
sh513130,9:31:01,1.76758E+12,9:32:04,1.76758E+12,0.738,0.7416,-0.4854,5712.55,0.8972,3.539,0,0,0.738,1.012,0.738,8694000,0.737,40100800,0.736,28351300,0.735,17540300,0.734,11170200,0.74,48720200,0.741,65201900,0.742,125623900,0.743,90061500,0.744,47942400,772,0,0
sh513130,9:31:01,1.76758E+12,9:32:04,1.76758E+12,0.738,0.7416,-0.4854,5712.55,0.8972,4.2888,0,0,0.738,1.004,0.738,8694000,0.737,40100800,0.736,28351300,0.735,17540300,0.734,11170200,0.74,48720200,0.741,65201900,0.742,125623900,0.743,90061500,0.744,47942400,943,0,0
sh513130,9:31:04,1.76758E+12,9:32:06,1.76758E+12,0.738,0.7416,-0.4854,5710.59,0.8972,3.7974,77495500,57299008,0.7394,1.01,0.738,9205000,0.737,40112800,0.736,26563000,0.735,17651100,0.734,11153700,0.74,6419500,0.741,65614000,0.742,124728400,0.743,90185800,0.744,43629600,815,0,0
sh513130,9:31:04,1.76758E+12,9:32:06,1.76758E+12,0.738,0.7416,-0.4854,5710.59,0.8972,5.3329,0,0,0.738,0.979,0.738,9205000,0.737,40112800,0.736,26563000,0.735,17651100,0.734,11153700,0.74,6419500,0.741,65614000,0.742,124728400,0.743,90185800,0.744,43629600,754,0,0
sh513130,9:31:04,1.76758E+12,9:32:08,1.76758E+12,0.738,0.7416,-0.4854,5713.02,0.8972,5.2472,0,0,0.738,1,0.738,9205000,0.737,40112800,0.736,26563000,0.735,17651100,0.734,11153700,0.74,6419500,0.741,65614000,0.742,124728400,0.743,90185800,0.744,43629600,807,0,0
sh513130,9:31:07,1.76758E+12,9:32:08,1.76758E+12,0.738,0.7416,-0.4854,5713.02,0.8972,6.5407,16988600,12545428,0.7385,1.006,0.738,11857100,0.737,40214800,0.736,27530700,0.735,17668100,0.734,11153700,0.739,127800,0.74,8533100,0.741,65872100,0.742,123172400,0.743,90511000,561,0,0
sh513130,9:31:07,1.76758E+12,9:32:10,1.76758E+12,0.738,0.7416,-0.4854,5709.68,0.8972,5.353,0,0,0.738,1.014,0.738,11857100,0.737,40214800,0.736,27530700,0.735,17668100,0.734,11153700,0.739,127800,0.74,8533100,0.741,65872100,0.742,123172400,0.743,90511000,812,0,0
sh513130,9:31:07,1.76758E+12,9:32:10,1.76758E+12,0.738,0.7416,-0.4854,5709.68,0.8972,4.798,0,0,0.738,1,0.738,11857100,0.737,40214800,0.736,27530700,0.735,17668100,0.734,11153700,0.739,127800,0.74,8533100,0.741,65872100,0.742,123172400,0.743,90511000,398,0,0
sh513130,9:31:10,1.76758E+12,9:32:12,1.76758E+12,0.738,0.7416,-0.4854,5710.51,0.8972,4.3014,12240700,9035814,0.7382,1.001,0.738,5100,0.737,39797400,0.736,27540700,0.735,17668100,0.734,11253700,0.739,3277600,0.74,13793200,0.741,66442000,0.742,123460300,0.743,89425700,833,0,0
sh513130,9:31:10,1.76758E+12,9:32:12,1.76758E+12,0.738,0.7416,-0.4854,5710.51,0.8972,3.6381,0,0,0.738,1,0.738,5100,0.737,39797400,0.736,27540700,0.735,17668100,0.734,11253700,0.739,3277600,0.74,13793200,0.741,66442000,0.742,123460300,0.743,89425700,220,0,0
sh513130,9:31:10,1.76758E+12,9:32:14,1.76758E+12,0.738,0.7416,-0.4854,5710.39,0.8972,3.5717,0,0,0.738,0.99,0.738,5100,0.737,39797400,0.736,27540700,0.735,17668100,0.734,11253700,0.739,3277600,0.74,13793200,0.741,66442000,0.742,123460300,0.743,89425700,767,0,0
sh513130,9:31:13,1.76758E+12,9:32:14,1.76758E+12,0.738,0.7416,-0.4854,5710.39,0.8972,1.5304,7401700,5463558,0.7381,0.991,0.738,3348700,0.737,39838500,0.736,27569300,0.735,17486400,0.734,11204700,0.739,5892700,0.74,20245600,0.741,66199700,0.742,123170300,0.743,89086900,27,0,0
sh513130,9:31:13,1.76758E+12,9:32:16,1.76758E+12,0.738,0.7416,-0.4854,5707.73,0.8972,1.4829,0,0,0.738,0.999,0.738,3348700,0.737,39838500,0.736,27569300,0.735,17486400,0.734,11204700,0.739,5892700,0.74,20245600,0.741,66199700,0.742,123170300,0.743,89086900,793,0,0
sh513130,9:31:13,1.76758E+12,9:32:16,1.76758E+12,0.738,0.7416,-0.4854,5707.73,0.8972,-0.1483,0,0,0.738,1.011,0.738,3348700,0.737,39838500,0.736,27569300,0.735,17486400,0.734,11204700,0.739,5892700,0.74,20245600,0.741,66199700,0.742,123170300,0.743,89086900,1804,0,0
sh513130,9:31:16,1.76758E+12,9:32:18,1.76758E+12,0.738,0.7416,-0.4854,5708.81,0.8972,1.6187,7339800,5417157,0.7381,1.012,0.737,39923800,0.736,29570100,0.735,16590200,0.734,11207300,0.733,11958700,0.738,58600,0.739,13503000,0.74,27277000,0.741,68296800,0.742,122953400,829,0,0
sh513130,9:31:16,1.76758E+12,9:32:18,1.76758E+12,0.738,0.7416,-0.4854,5708.81,0.8972,2.0027,0,0,0.738,0.988,0.737,39923800,0.736,29570100,0.735,16590200,0.734,11207300,0.733,11958700,0.738,58600,0.739,13503000,0.74,27277000,0.741,68296800,0.742,122953400,1817,0,0
sh513130,9:31:19,1.76758E+12,9:32:20,1.76758E+12,0.738,0.741,-0.4049,5710.9,0.8972,1.9468,26502600,19574331,0.7386,1.009,0.738,3555000,0.737,38935900,0.736,29613100,0.735,17671100,0.734,11243000,0.739,100,0.74,26284500,0.741,64369200,0.742,122404500,0.743,86895500,703,0,0
sh513130,9:31:19,1.76758E+12,9:32:20,1.76758E+12,0.738,0.741,-0.4049,5710.9,0.8972,2.9391,0,0,0.738,1.006,0.738,3555000,0.737,38935900,0.736,29613100,0.735,17671100,0.734,11243000,0.739,100,0.74,26284500,0.741,64369200,0.742,122404500,0.743,86895500,1708,0,0
sh513130,9:31:19,1.76758E+12,9:32:22,1.76758E+12,0.738,0.741,-0.4049,5713.26,0.8972,3.3827,0,0,0.738,0.976,0.738,3555000,0.737,38935900,0.736,29613100,0.735,17671100,0.734,11243000,0.739,100,0.74,26284500,0.741,64369200,0.742,122404500,0.743,86895500,512,0,0
sh513130,9:31:19,1.76758E+12,9:32:22,1.76758E+12,0.738,0.741,-0.4049,5713.26,0.8972,5.7902,0,0,0.738,1,0.738,3555000,0.737,38935900,0.736,29613100,0.735,17671100,0.734,11243000,0.739,100,0.74,26284500,0.741,64369200,0.742,122404500,0.743,86895500,1512,0,0
sh513130,9:31:22,1.76758E+12,9:32:24,1.76758E+12,0.738,0.7416,-0.4854,5716.43,0.8972,7.5172,8023400,5927088,0.7387,0.999,0.738,17341700,0.737,40560000,0.736,29647100,0.735,16653100,0.734,11243000,0.739,66300,0.74,22664500,0.741,66539400,0.742,119486400,0.743,86902100,343,0,0
sh513130,9:31:22,1.76758E+12,9:32:24,1.76758E+12,0.738,0.7416,-0.4854,5716.43,0.8972,7.431,0,0,0.738,1.002,0.738,17341700,0.737,40560000,0.736,29647100,0.735,16653100,0.734,11243000,0.739,66300,0.74,22664500,0.741,66539400,0.742,119486400,0.743,86902100,1344,0,0
sh513130,9:31:22,1.76758E+12,9:32:26,1.76758E+12,0.738,0.7416,-0.4854,5714.06,0.8972,6.1667,0,0,0.738,1,0.738,17341700,0.737,40560000,0.736,29647100,0.735,16653100,0.734,11243000,0.739,66300,0.74,22664500,0.741,66539400,0.742,119486400,0.743,86902100,171,0,0
sh513130,9:31:25,1.76758E+12,9:32:26,1.76758E+12,0.739,0.7416,-0.3506,5714.06,0.8972,6.1174,10575600,7814442,0.7389,0.998,0.739,1942200,0.738,9345100,0.737,40723500,0.736,29677100,0.735,16876100,0.74,29491400,0.741,62485000,0.742,117628400,0.743,86523300,0.744,43240300,1169,0,0
sh513130,9:31:25,1.76758E+12,9:32:28,1.76758E+12,0.739,0.7416,-0.3506,5713.33,0.8972,5.9052,0,0,0.739,1.013,0.739,1942200,0.738,9345100,0.737,40723500,0.736,29677100,0.735,16876100,0.74,29491400,0.741,62485000,0.742,117628400,0.743,86523300,0.744,43240300,10,0,0
sh513130,9:31:25,1.76758E+12,9:32:28,1.76758E+12,0.739,0.7416,-0.3506,5713.33,0.8972,6.3,0,0,0.739,1.014,0.739,1942200,0.738,9345100,0.737,40723500,0.736,29677100,0.735,16876100,0.74,29491400,0.741,62485000,0.742,117628400,0.743,86523300,0.744,43240300,1024,0,0
sh513130,9:31:28,1.76758E+12,9:32:30,1.76758E+12,0.739,0.7416,-0.3506,5715.76,0.8972,6.2097,9526900,7036041,0.7385,1.001,0.738,14133400,0.737,40354300,0.736,29653200,0.735,17323400,0.734,12831000,0.739,4400,0.74,25900200,0.741,60632200,0.742,116304100,0.743,87273800,811,0,0
sh513130,9:31:28,1.76758E+12,9:32:30,1.76758E+12,0.739,0.7416,-0.3506,5715.76,0.8972,5.6618,0,0,0.739,0.989,0.738,14133400,0.737,40354300,0.736,29653200,0.735,17323400,0.734,12831000,0.739,4400,0.74,25900200,0.741,60632200,0.742,116304100,0.743,87273800,846,0,0
sh513130,9:31:28,1.76758E+12,9:32:32,1.76758E+12,0.739,0.7416,-0.3506,5719.36,0.8972,4.7901,0,0,0.739,1.004,0.738,14133400,0.737,40354300,0.736,29653200,0.735,17323400,0.734,12831000,0.739,4400,0.74,25900200,0.741,60632200,0.742,116304100,0.743,87273800,814,0,0
sh513130,9:31:31,1.76758E+12,9:32:32,1.76758E+12,0.739,0.7416,-0.3506,5719.36,0.8972,5.1157,33180600,24547259,0.7398,1.001,0.739,361300,0.738,19890300,0.737,40301700,0.736,28669400,0.735,17318400,0.74,163000,0.741,59137500,0.742,114619500,0.743,88063300,0.744,46586200,682,0,0
sh513130,9:31:31,1.76758E+12,9:32:34,1.76758E+12,0.739,0.7416,-0.3506,5718.39,0.8972,8.8461,0,0,0.739,1.012,0.739,361300,0.738,19890300,0.737,40301700,0.736,28669400,0.735,17318400,0.74,163000,0.741,59137500,0.742,114619500,0.743,88063300,0.744,46586200,814,0,0
sh513130,9:31:31,1.76758E+12,9:32:34,1.76758E+12,0.739,0.7416,-0.3506,5718.39,0.8972,8.3215,0,0,0.739,1.004,0.739,361300,0.738,19890300,0.737,40301700,0.736,28669400,0.735,17318400,0.74,163000,0.741,59137500,0.742,114619500,0.743,88063300,0.744,46586200,516,0,0
sh513130,9:31:34,1.76758E+12,9:32:36,1.76758E+12,0.739,0.7416,-0.3506,5719.39,0.8972,7.6105,10000400,7396374,0.7396,0.978,0.739,18413600,0.738,20236600,0.737,37874000,0.736,18725700,0.735,17552700,0.74,1303500,0.741,53989700,0.742,117083800,0.743,89086300,0.744,52572200,840,0,0
sh513130,9:31:34,1.76758E+12,9:32:36,1.76758E+12,0.739,0.7416,-0.3506,5719.39,0.8972,6.4966,0,0,0.739,0.999,0.739,18413600,0.738,20236600,0.737,37874000,0.736,18725700,0.735,17552700,0.74,1303500,0.741,53989700,0.742,117083800,0.743,89086300,0.744,52572200,317,0,0
sh513130,9:31:34,1.76758E+12,9:32:38,1.76758E+12,0.739,0.7416,-0.3506,5719.2,0.8972,5.2477,0,0,0.739,1.012,0.739,18413600,0.738,20236600,0.737,37874000,0.736,18725700,0.735,17552700,0.74,1303500,0.741,53989700,0.742,117083800,0.743,89086300,0.744,52572200,715,0,0
sh513130,9:31:37,1.76758E+12,9:32:38,1.76758E+12,0.74,0.743,-0.4038,5719.2,0.8972,4.1385,11219700,8302527,0.74,0.996,0.74,6020600,0.739,21781900,0.738,19626700,0.737,23011400,0.736,18725700,0.741,54204000,0.742,112864200,0.743,94730000,0.744,55372300,0.745,79866500,145,0,0
sh513130,9:31:37,1.76758E+12,9:32:40,1.76758E+12,0.74,0.743,-0.4038,5717.83,0.8972,2.509,0,0,0.74,1.01,0.74,6020600,0.739,21781900,0.738,19626700,0.737,23011400,0.736,18725700,0.741,54204000,0.742,112864200,0.743,94730000,0.744,55372300,0.745,79866500,772,0,0
sh513130,9:31:37,1.76758E+12,9:32:40,1.76758E+12,0.74,0.743,-0.4038,5717.83,0.8972,2.0874,0,0,0.74,0.999,0.74,6020600,0.739,21781900,0.738,19626700,0.737,23011400,0.736,18725700,0.741,54204000,0.742,112864200,0.743,94730000,0.744,55372300,0.745,79866500,1772,0,0
sh513130,9:31:40,1.76758E+12,9:32:42,1.76758E+12,0.739,0.743,-0.5384,5715.51,0.8972,2.365,5816400,4302400,0.7397,0.999,0.739,21810500,0.738,24792400,0.737,17867300,0.736,19915700,0.735,17918700,0.74,3000800,0.741,54309400,0.742,121907300,0.743,92199200,0.744,53368600,851,0,0
sh513130,9:31:40,1.76758E+12,9:32:42,1.76758E+12,0.739,0.743,-0.5384,5715.51,0.8972,2.47,0,0,0.739,1.017,0.739,21810500,0.738,24792400,0.737,17867300,0.736,19915700,0.735,17918700,0.74,3000800,0.741,54309400,0.742,121907300,0.743,92199200,0.744,53368600,1868,0,0
sh513130,9:31:43,1.76758E+12,9:32:44,1.76758E+12,0.739,0.7423,-0.4446,5715.64,0.8972,2.232,5180600,3829965,0.7393,1.009,0.739,33234300,0.738,25375400,0.737,17970500,0.736,19915700,0.735,18061300,0.74,8255600,0.741,62516500,0.742,115176800,0.743,90651000,0.744,54203600,819,0,0
sh513130,9:31:43,1.76758E+12,9:32:44,1.76758E+12,0.739,0.7423,-0.4446,5715.64,0.8972,4.8825,0,0,0.739,1,0.739,33234300,0.738,25375400,0.737,17970500,0.736,19915700,0.735,18061300,0.74,8255600,0.741,62516500,0.742,115176800,0.743,90651000,0.744,54203600,1819,0,0
sh513130,9:31:43,1.76758E+12,9:32:46,1.76758E+12,0.739,0.7423,-0.4446,5715.45,0.8972,3.8772,0,0,0.739,0.983,0.739,33234300,0.738,25375400,0.737,17970500,0.736,19915700,0.735,18061300,0.74,8255600,0.741,62516500,0.742,115176800,0.743,90651000,0.744,54203600,630,0,0
sh513130,9:31:46,1.76758E+12,9:32:46,1.76758E+12,0.739,0.7423,-0.4446,5715.45,0.8972,3.5076,2335800,1726347,0.7391,0.998,0.739,24030100,0.738,30919400,0.737,17970800,0.736,19915700,0.735,18127700,0.74,12053100,0.741,67455600,0.742,115936100,0.743,89621100,0.744,48677800,1628,0,0
sh513130,9:31:43,1.76758E+12,9:32:48,1.76758E+12,0.739,0.7423,-0.4446,5714.61,0.8972,2.7151,0,0,0.739,1.035,0.739,33234300,0.738,25375400,0.737,17970500,0.736,19915700,0.735,18061300,0.74,8255600,0.741,62516500,0.742,115176800,0.743,90651000,0.744,54203600,482,0,1
sh513130,9:31:46,1.76758E+12,9:32:48,1.76758E+12,0.739,0.7423,-0.4446,5714.61,0.8972,2.0032,2335800,1726347,0.7391,0.959,0.739,24030100,0.738,30919400,0.737,17970800,0.736,19915700,0.735,18127700,0.74,12053100,0.741,67455600,0.742,115936100,0.743,89621100,0.744,48677800,1441,0,0
sh513130,9:31:49,1.76758E+12,9:32:50,1.76758E+12,0.739,0.7416,-0.3506,5716.69,0.8972,1.5833,3318600,2452893,0.7391,1.009,0.739,20816400,0.738,31362800,0.737,18065000,0.736,19915700,0.735,18129700,0.74,14691700,0.741,70529400,0.742,114341800,0.743,92969600,0.744,53810700,275,0,0
sh513130,9:31:49,1.76758E+12,9:32:50,1.76758E+12,0.739,0.7416,-0.3506,5716.69,0.8972,1.3988,0,0,0.739,0.987,0.739,20816400,0.738,31362800,0.737,18065000,0.736,19915700,0.735,18129700,0.74,14691700,0.741,70529400,0.742,114341800,0.743,92969600,0.744,53810700,1262,0,0
sh513130,9:31:49,1.76758E+12,9:32:52,1.76758E+12,0.739,0.7416,-0.3506,5717.25,0.8972,0.4257,0,0,0.739,1.013,0.739,20816400,0.738,31362800,0.737,18065000,0.736,19915700,0.735,18129700,0.74,14691700,0.741,70529400,0.742,114341800,0.743,92969600,0.744,53810700,77,0,0
sh513130,9:31:49,1.76758E+12,9:32:52,1.76758E+12,0.739,0.7416,-0.3506,5717.25,0.8972,0.486,0,0,0.739,1.001,0.739,20816400,0.738,31362800,0.737,18065000,0.736,19915700,0.735,18129700,0.74,14691700,0.741,70529400,0.742,114341800,0.743,92969600,0.744,53810700,1078,0,0
sh513130,9:31:52,1.76758E+12,9:32:54,1.76758E+12,0.739,0.7423,-0.4446,5715.34,0.8972,-2.2001,4050200,2993242,0.739,0.98,0.739,17129800,0.738,31446400,0.737,18075000,0.736,19916800,0.735,18197800,0.74,19190400,0.741,69415900,0.742,131645700,0.743,101848300,0.744,53840900,782,0,0
sh513130,9:31:52,1.76758E+12,9:32:54,1.76758E+12,0.739,0.7423,-0.4446,5715.34,0.8972,1.1046,0,0,0.739,1,0.739,17129800,0.738,31446400,0.737,18075000,0.736,19916800,0.735,18197800,0.74,19190400,0.741,69415900,0.742,131645700,0.743,101848300,0.744,53840900,886,0,0
sh513130,9:31:55,1.76758E+12,9:32:56,1.76758E+12,0.739,0.7423,-0.4446,5715.95,0.8972,1.1052,2652700,1960468,0.739,1.005,0.739,19001000,0.738,31890900,0.737,18069400,0.736,20030400,0.735,18198300,0.74,22933800,0.741,80098900,0.742,125856600,0.743,101117000,0.744,54317300,734,0,0
sh513130,9:31:55,1.76758E+12,9:32:56,1.76758E+12,0.739,0.7423,-0.4446,5715.95,0.8972,6.1166,0,0,0.739,0.995,0.739,19001000,0.738,31890900,0.737,18069400,0.736,20030400,0.735,18198300,0.74,22933800,0.741,80098900,0.742,125856600,0.743,101117000,0.744,54317300,716,0,0
sh513130,9:31:55,1.76758E+12,9:32:58,1.76758E+12,0.739,0.7423,-0.4446,5717.48,0.8972,5.1368,0,0,0.739,1.009,0.739,19001000,0.738,31890900,0.737,18069400,0.736,20030400,0.735,18198300,0.74,22933800,0.741,80098900,0.742,125856600,0.743,101117000,0.744,54317300,811,0,0
sh513130,9:31:55,1.76758E+12,9:32:58,1.76758E+12,0.739,0.7423,-0.4446,5717.48,0.8972,4.6783,0,0,0.739,0.995,0.739,19001000,0.738,31890900,0.737,18069400,0.736,20030400,0.735,18198300,0.74,22933800,0.741,80098900,0.742,125856600,0.743,101117000,0.744,54317300,562,0,0
sh513130,9:31:58,1.76758E+12,9:33:00,1.76758E+12,0.739,0.7423,-0.4446,5715.13,0.8972,3.4784,3854100,2848583,0.7391,0.995,0.739,19751500,0.738,29601700,0.737,20373200,0.736,21246600,0.735,18248100,0.74,25634300,0.741,80980600,0.742,128293500,0.743,102268000,0.744,54395600,839,0,0
sh513130,9:31:58,1.76758E+12,9:33:00,1.76758E+12,0.739,0.7423,-0.4446,5715.13,0.8972,2.5621,0,0,0.739,0.997,0.739,19751500,0.738,29601700,0.737,20373200,0.736,21246600,0.735,18248100,0.74,25634300,0.741,80980600,0.742,128293500,0.743,102268000,0.744,54395600,388,0,0
sh513130,9:32:01,1.76758E+12,9:33:02,1.76758E+12,0.739,0.7423,-0.4446,5716.07,0.8972,5.6083,2784300,2058646,0.7394,1,0.739,16265100,0.738,30697900,0.737,20504000,0.736,22066600,0.735,18381500,0.74,28686900,0.741,80219300,0.742,131612600,0.743,101304000,0.744,54458300,305,0,0
sh513130,9:32:01,1.76758E+12,9:33:02,1.76758E+12,0.739,0.7423,-0.4446,5716.07,0.8972,6.2078,0,0,0.739,1,0.739,16265100,0.738,30697900,0.737,20504000,0.736,22066600,0.735,18381500,0.74,28686900,0.741,80219300,0.742,131612600,0.743,101304000,0.744,54458300,214,0,0
sh513130,9:32:01,1.76758E+12,9:33:04,1.76758E+12,0.739,0.7423,-0.4446,5717.72,0.8972,6.1851,0,0,0.739,1.005,0.739,16265100,0.738,30697900,0.737,20504000,0.736,22066600,0.735,18381500,0.74,28686900,0.741,80219300,0.742,131612600,0.743,101304000,0.744,54458300,851,0,0
sh513130,9:32:01,1.76758E+12,9:33:04,1.76758E+12,0.739,0.7423,-0.4446,5717.72,0.8972,6.2383,0,0,0.739,0.99,0.739,16265100,0.738,30697900,0.737,20504000,0.736,22066600,0.735,18381500,0.74,28686900,0.741,80219300,0.742,131612600,0.743,101304000,0.744,54458300,25,0,0
sh513130,9:32:04,1.76758E+12,9:33:06,1.76758E+12,0.739,0.7423,-0.4446,5719.5,0.8972,7.2643,3914100,2893248,0.7392,1.008,0.739,30702900,0.738,24976000,0.737,20593200,0.736,21197900,0.735,18381500,0.74,35869700,0.741,73633900,0.742,134660700,0.743,108781800,0.744,54484200,847,0,0
sh513130,9:32:04,1.76758E+12,9:33:06,1.76758E+12,0.739,0.7423,-0.4446,5719.5,0.8972,5.8546,0,0,0.739,1.022,0.739,30702900,0.738,24976000,0.737,20593200,0.736,21197900,0.735,18381500,0.74,35869700,0.741,73633900,0.742,134660700,0.743,108781800,0.744,54484200,1869,0,0
sh513130,9:32:07,1.76758E+12,9:33:08,1.76758E+12,0.739,0.7423,-0.4446,5719.41,0.8972,5.7454,48893900,36177756,0.7399,0.974,0.739,31111300,0.738,25095200,0.737,20613900,0.736,19433400,0.735,18508400,0.74,143600,0.741,92602900,0.742,133582300,0.743,101652200,0.744,53496200,796,0,0
sh513130,9:32:04,1.76758E+12,9:33:08,1.76758E+12,0.739,0.7423,-0.4446,5719.41,0.8972,4.6984,0,0,0.739,1.004,0.739,30702900,0.738,24976000,0.737,20593200,0.736,21197900,0.735,18381500,0.74,35869700,0.741,73633900,0.742,134660700,0.743,108781800,0.744,54484200,1801,0,1
sh513130,9:32:07,1.76758E+12,9:33:10,1.76758E+12,0.739,0.7423,-0.4446,5719.81,0.8972,3.7216,48893900,36177756,0.7399,1.005,0.739,31111300,0.738,25095200,0.737,20613900,0.736,19433400,0.735,18508400,0.74,143600,0.741,92602900,0.742,133582300,0.743,101652200,0.744,53496200,696,0,0
sh513130,9:32:07,1.76758E+12,9:33:10,1.76758E+12,0.739,0.7423,-0.4446,5719.81,0.8972,4.4236,0,0,0.739,0.99,0.739,31111300,0.738,25095200,0.737,20613900,0.736,19433400,0.735,18508400,0.74,143600,0.741,92602900,0.742,133582300,0.743,101652200,0.744,53496200,1687,0,0
sh513130,9:32:10,1.76758E+12,9:33:12,1.76758E+12,0.74,0.7423,-0.3098,5720.67,0.8972,2.6349,7079000,5236262,0.7397,1.002,0.739,29388000,0.738,25269500,0.737,20677400,0.736,19513400,0.735,18938000,0.741,92957000,0.742,132536300,0.743,101533000,0.744,53414900,0.745,80744700,513,0,0
sh513130,9:32:10,1.76758E+12,9:33:12,1.76758E+12,0.74,0.7423,-0.3098,5720.67,0.8972,1.8927,0,0,0.74,1.004,0.739,29388000,0.738,25269500,0.737,20677400,0.736,19513400,0.735,18938000,0.741,92957000,0.742,132536300,0.743,101533000,0.744,53414900,0.745,80744700,1516,0,0
sh513130,9:32:10,1.76758E+12,9:33:14,1.76758E+12,0.74,0.7423,-0.3098,5720.27,0.8972,2.6995,0,0,0.74,1.005,0.739,29388000,0.738,25269500,0.737,20677400,0.736,19513400,0.735,18938000,0.741,92957000,0.742,132536300,0.743,101533000,0.744,53414900,0.745,80744700,345,0,0
sh513130,9:32:13,1.76758E+12,9:33:14,1.76758E+12,0.739,0.7412,-0.2968,5720.27,0.8972,2.6481,3238500,2394857,0.7395,0.995,0.739,23585600,0.738,30551400,0.737,21325400,0.736,20533600,0.735,18937500,0.74,154900,0.741,94730100,0.742,132152300,0.743,100658800,0.744,53557600,1339,0,0
sh513130,9:32:13,1.76758E+12,9:33:16,1.76758E+12,0.739,0.7412,-0.2968,5720.87,0.8972,4.521,0,0,0.739,0.999,0.739,23585600,0.738,30551400,0.737,21325400,0.736,20533600,0.735,18937500,0.74,154900,0.741,94730100,0.742,132152300,0.743,100658800,0.744,53557600,159,0,0
sh513130,9:32:16,1.76758E+12,9:33:16,1.76758E+12,0.739,0.7412,-0.2968,5720.87,0.8972,4.1725,5562800,4113260,0.7394,0.993,0.739,24205100,0.738,32645000,0.737,26325400,0.736,20535600,0.735,19916400,0.74,328700,0.741,95393100,0.742,130536400,0.743,100970700,0.744,53620200,1152,0,0
sh513130,9:32:16,1.76758E+12,9:33:18,1.76758E+12,0.739,0.7412,-0.2968,5720.47,0.8972,4.0988,0,0,0.739,1.007,0.739,24205100,0.738,32645000,0.737,26325400,0.736,20535600,0.735,19916400,0.74,328700,0.741,95393100,0.742,130536400,0.743,100970700,0.744,53620200,838,0,0
sh513130,9:32:16,1.76758E+12,9:33:18,1.76758E+12,0.739,0.7412,-0.2968,5720.47,0.8972,3.3926,0,0,0.739,1,0.739,24205100,0.738,32645000,0.737,26325400,0.736,20535600,0.735,19916400,0.74,328700,0.741,95393100,0.742,130536400,0.743,100970700,0.744,53620200,990,0,0
sh513130,9:32:16,1.76758E+12,9:33:20,1.76758E+12,0.739,0.7412,-0.2968,5721.52,0.8972,2.9153,0,0,0.739,0.995,0.739,24205100,0.738,32645000,0.737,26325400,0.736,20535600,0.735,19916400,0.74,328700,0.741,95393100,0.742,130536400,0.743,100970700,0.744,53620200,786,0,0
sh513130,9:32:19,1.76758E+12,9:33:20,1.76758E+12,0.74,0.7412,-0.1619,5721.52,0.8972,1.7813,17254600,12756835,0.7393,0.995,0.739,35154200,0.738,31391100,0.737,27276200,0.736,17495600,0.735,19985100,0.74,324700,0.741,95737900,0.742,142043700,0.743,101978200,0.744,52674800,803,0,0
sh513130,9:32:19,1.76758E+12,9:33:22,1.76758E+12,0.74,0.7412,-0.1619,5721.81,0.8972,2.59,0,0,0.74,0.994,0.739,35154200,0.738,31391100,0.737,27276200,0.736,17495600,0.735,19985100,0.74,324700,0.741,95737900,0.742,142043700,0.743,101978200,0.744,52674800,795,0,0
sh513130,9:32:19,1.76758E+12,9:33:22,1.76758E+12,0.74,0.7412,-0.1619,5721.81,0.8972,3.3127,0,0,0.74,0.996,0.739,35154200,0.738,31391100,0.737,27276200,0.736,17495600,0.735,19985100,0.74,324700,0.741,95737900,0.742,142043700,0.743,101978200,0.744,52674800,615,0,0
sh513130,9:32:22,1.76758E+12,9:33:24,1.76758E+12,0.74,0.7412,-0.1619,5719.39,0.8972,3.1759,6305600,4663896,0.7396,1.006,0.739,28148600,0.738,26508000,0.737,22521700,0.736,17495600,0.735,19996100,0.741,97146800,0.742,142634400,0.743,102126400,0.744,52771400,0.745,80995600,792,0,0
sh513130,9:32:22,1.76758E+12,9:33:24,1.76758E+12,0.74,0.7412,-0.1619,5719.39,0.8972,4.1525,0,0,0.74,1.004,0.739,28148600,0.738,26508000,0.737,22521700,0.736,17495600,0.735,19996100,0.741,97146800,0.742,142634400,0.743,102126400,0.744,52771400,0.745,80995600,443,0,0
sh513130,9:32:22,1.76758E+12,9:33:26,1.76758E+12,0.74,0.7412,-0.1619,5721.29,0.8972,6.5968,0,0,0.74,0.989,0.739,28148600,0.738,26508000,0.737,22521700,0.736,17495600,0.735,19996100,0.741,97146800,0.742,142634400,0.743,102126400,0.744,52771400,0.745,80995600,820,0,0
sh513130,9:32:25,1.76758E+12,9:33:26,1.76758E+12,0.739,0.7412,-0.2968,5721.29,0.8972,6.102,5550900,4105398,0.7396,0.995,0.739,22731300,0.738,33143500,0.737,23592800,0.736,18610600,0.735,20996100,0.741,100025900,0.742,142454100,0.743,100092900,0.744,51708800,0.745,81079100,245,0,0
sh513130,9:32:25,1.76758E+12,9:33:28,1.76758E+12,0.739,0.7412,-0.2968,5722.46,0.8972,6.0441,0,0,0.739,1.011,0.739,22731300,0.738,33143500,0.737,23592800,0.736,18610600,0.735,20996100,0.741,100025900,0.742,142454100,0.743,100092900,0.744,51708800,0.745,81079100,801,0,0
sh513130,9:32:28,1.76758E+12,9:33:28,1.76758E+12,0.739,0.7412,-0.2968,5722.46,0.8972,5.9046,4007000,2964074,0.7397,1,0.739,19855500,0.738,33102000,0.737,23483200,0.736,18660600,0.735,20996100,0.74,1233000,0.741,100368300,0.742,142306900,0.743,90692600,0.744,51708800,74,0,0
sh513130,9:32:28,1.76758E+12,9:33:30,1.76758E+12,0.739,0.7412,-0.2968,5718.95,0.8972,4.7833,0,0,0.739,1.1,0.739,19855500,0.738,33102000,0.737,23483200,0.736,18660600,0.735,20996100,0.74,1233000,0.741,100368300,0.742,142306900,0.743,90692600,0.744,51708800,856,0,0
sh513130,9:32:28,1.76758E+12,9:33:30,1.76758E+12,0.739,0.7412,-0.2968,5718.95,0.8972,7.1199,0,0,0.739,0.951,0.739,19855500,0.738,33102000,0.737,23483200,0.736,18660600,0.735,20996100,0.74,1233000,0.741,100368300,0.742,142306900,0.743,90692600,0.744,51708800,1807,0,0
sh513130,9:32:31,1.76758E+12,9:33:32,1.76758E+12,0.739,0.7412,-0.2968,5718.65,0.8972,7.0433,4598200,3399739,0.7394,0.934,0.739,21951000,0.738,36212500,0.737,23623200,0.736,18660600,0.735,20997100,0.74,1861800,0.741,102653200,0.742,142469600,0.743,89537300,0.744,51799000,804,0,0
sh513130,9:32:31,1.76758E+12,9:33:32,1.76758E+12,0.739,0.7412,-0.2968,5718.65,0.8972,5.1924,0,0,0.739,0.999,0.739,21951000,0.738,36212500,0.737,23623200,0.736,18660600,0.735,20997100,0.74,1861800,0.741,102653200,0.742,142469600,0.743,89537300,0.744,51799000,1804,0,0
sh513130,9:32:31,1.76758E+12,9:33:34,1.76758E+12,0.739,0.7412,-0.2968,5722.22,0.8972,4.1259,0,0,0.739,0.991,0.739,21951000,0.738,36212500,0.737,23623200,0.736,18660600,0.735,20997100,0.74,1861800,0.741,102653200,0.742,142469600,0.743,89537300,0.744,51799000,695,0,0
sh513130,9:32:31,1.76758E+12,9:33:34,1.76758E+12,0.739,0.7412,-0.2968,5722.22,0.8972,3.9075,0,0,0.739,1.006,0.739,21951000,0.738,36212500,0.737,23623200,0.736,18660600,0.735,20997100,0.74,1861800,0.741,102653200,0.742,142469600,0.743,89537300,0.744,51799000,1701,0,0
sh513130,9:32:34,1.76758E+12,9:33:36,1.76758E+12,0.739,0.7412,-0.2968,5722.64,0.8972,2.7264,4888000,3616232,0.7398,1.147,0.739,34539200,0.738,36355600,0.737,28670600,0.736,19121100,0.735,20997100,0.74,455300,0.741,103251200,0.742,142791600,0.743,98515400,0.744,51579100,624,0,0
sh513130,9:32:34,1.76758E+12,9:33:36,1.76758E+12,0.739,0.7412,-0.2968,5722.64,0.8972,2.9997,0,0,0.739,0.833,0.739,34539200,0.738,36355600,0.737,28670600,0.736,19121100,0.735,20997100,0.74,455300,0.741,103251200,0.742,142791600,0.743,98515400,0.744,51579100,1457,0,0
sh513130,9:32:37,1.76758E+12,9:33:38,1.76758E+12,0.739,0.7418,-0.3775,5723.76,0.8972,2.2745,6903200,5106450,0.7397,1.015,0.739,43466500,0.738,36401500,0.737,29365300,0.736,19121100,0.735,20997400,0.74,219000,0.741,99389200,0.742,144142000,0.743,100193000,0.744,51684200,366,0,0
sh513130,9:32:34,1.76758E+12,9:33:38,1.76758E+12,0.739,0.7412,-0.2968,5723.76,0.8972,2.4232,0,0,0.739,0.999,0.739,34539200,0.738,36355600,0.737,28670600,0.736,19121100,0.735,20997100,0.74,455300,0.741,103251200,0.742,142791600,0.743,98515400,0.744,51579100,1365,0,1
sh513130,9:32:37,1.76758E+12,9:33:40,1.76758E+12,0.739,0.7418,-0.3775,5722.32,0.8972,2.3766,6903200,5106450,0.7397,1.012,0.739,43466500,0.738,36401500,0.737,29365300,0.736,19121100,0.735,20997400,0.74,219000,0.741,99389200,0.742,144142000,0.743,100193000,0.744,51684200,201,0,0
sh513130,9:32:37,1.76758E+12,9:33:40,1.76758E+12,0.739,0.7418,-0.3775,5722.32,0.8972,2.8142,0,0,0.739,0.987,0.739,43466500,0.738,36401500,0.737,29365300,0.736,19121100,0.735,20997400,0.74,219000,0.741,99389200,0.742,144142000,0.743,100193000,0.744,51684200,1188,0,0
sh513130,9:32:40,1.76758E+12,9:33:42,1.76758E+12,0.74,0.7418,-0.2427,5722.23,0.8972,2.7926,6033400,4463831,0.7399,1.001,0.74,30900,0.739,43185000,0.738,37167000,0.737,29383600,0.736,19121100,0.741,100104300,0.742,143349000,0.743,100414200,0.744,52005400,0.745,80989300,7,0,0
sh513130,9:32:40,1.76758E+12,9:33:42,1.76758E+12,0.74,0.7418,-0.2427,5722.23,0.8972,3.2811,0,0,0.74,1.015,0.74,30900,0.739,43185000,0.738,37167000,0.737,29383600,0.736,19121100,0.741,100104300,0.742,143349000,0.743,100414200,0.744,52005400,0.745,80989300,1022,0,0
sh513130,9:32:40,1.76758E+12,9:33:44,1.76758E+12,0.74,0.7418,-0.2427,5723.65,0.8972,2.0459,0,0,0.74,1.011,0.74,30900,0.739,43185000,0.738,37167000,0.737,29383600,0.736,19121100,0.741,100104300,0.742,143349000,0.743,100414200,0.744,52005400,0.745,80989300,819,0,0
sh513130,9:32:43,1.76758E+12,9:33:44,1.76758E+12,0.74,0.7418,-0.2427,5723.65,0.8972,1.5594,6150500,4551308,0.74,1.001,0.74,15315700,0.739,44666000,0.738,34120800,0.737,29381600,0.736,19121100,0.741,83492900,0.742,140729100,0.743,117250500,0.744,51921000,0.745,84035300,860,0,0
sh513130,9:32:43,1.76758E+12,9:33:46,1.76758E+12,0.74,0.7418,-0.2427,5724.07,0.8972,1.59,0,0,0.74,0.98,0.74,15315700,0.739,44666000,0.738,34120800,0.737,29381600,0.736,19121100,0.741,83492900,0.742,140729100,0.743,117250500,0.744,51921000,0.745,84035300,775,0,0
sh513130,9:32:43,1.76758E+12,9:33:46,1.76758E+12,0.74,0.7418,-0.2427,5724.07,0.8972,1.5177,0,0,0.74,0.998,0.74,15315700,0.739,44666000,0.738,34120800,0.737,29381600,0.736,19121100,0.741,83492900,0.742,140729100,0.743,117250500,0.744,51921000,0.745,84035300,665,0,0
sh513130,9:32:46,1.76758E+12,9:33:48,1.76758E+12,0.74,0.7418,-0.2427,5723.97,0.8972,1.3244,9241000,6839350,0.7401,0.999,0.74,20127900,0.739,45355700,0.738,34196300,0.737,21394600,0.736,19120100,0.741,82875000,0.742,140865200,0.743,117045500,0.744,50847700,0.745,84046300,779,0,0
sh513130,9:32:46,1.76758E+12,9:33:48,1.76758E+12,0.74,0.7418,-0.2427,5723.97,0.8972,1.2286,0,0,0.74,0.994,0.74,20127900,0.739,45355700,0.738,34196300,0.737,21394600,0.736,19120100,0.741,82875000,0.742,140865200,0.743,117045500,0.744,50847700,0.745,84046300,483,0,0
sh513130,9:32:46,1.76758E+12,9:33:50,1.76758E+12,0.74,0.7418,-0.2427,5723.62,0.8972,-0.2317,0,0,0.74,1.007,0.74,20127900,0.739,45355700,0.738,34196300,0.737,21394600,0.736,19120100,0.741,82875000,0.742,140865200,0.743,117045500,0.744,50847700,0.745,84046300,759,0,0
sh513130,9:32:46,1.76758E+12,9:33:50,1.76758E+12,0.74,0.7418,-0.2427,5723.62,0.8972,-0.0099,0,0,0.74,1.01,0.74,20127900,0.739,45355700,0.738,34196300,0.737,21394600,0.736,19120100,0.741,82875000,0.742,140865200,0.743,117045500,0.744,50847700,0.745,84046300,325,0,0
sh513130,9:32:49,1.76758E+12,9:33:52,1.76758E+12,0.74,0.7418,-0.2427,5724.91,0.8972,3.0462,6510700,4817984,0.74,1.004,0.74,2234300,0.739,47977500,0.738,34214400,0.737,23493300,0.736,19147700,0.741,103758200,0.742,134381100,0.743,117216100,0.744,50885800,0.745,88964100,770,0,0
sh513130,9:32:52,1.76758E+12,9:33:52,1.76758E+12,0.74,0.7418,-0.2427,5724.91,0.8972,2.989,2906900,2151144,0.74,0.996,0.74,19881500,0.739,47015500,0.738,33367900,0.737,19558300,0.736,18868700,0.741,83584500,0.742,138197300,0.743,117949900,0.744,51036400,0.745,84287200,138,0,0
sh513130,9:32:52,1.76758E+12,9:33:54,1.76758E+12,0.74,0.7418,-0.2427,5725.88,0.8972,4.4071,0,0,0.74,1.148,0.74,19881500,0.739,47015500,0.738,33367900,0.737,19558300,0.736,18868700,0.741,83584500,0.742,138197300,0.743,117949900,0.744,51036400,0.745,84287200,956,0,0
sh513130,9:32:52,1.76758E+12,9:33:54,1.76758E+12,0.74,0.7418,-0.2427,5725.88,0.8972,3.3819,0,0,0.74,0.858,0.74,19881500,0.739,47015500,0.738,33367900,0.737,19558300,0.736,18868700,0.741,83584500,0.742,138197300,0.743,117949900,0.744,51036400,0.745,84287200,1813,0,0
sh513130,9:32:55,1.76758E+12,9:33:56,1.76758E+12,0.74,0.7418,-0.2427,5724.41,0.8972,2.8801,4089700,3026751,0.7401,1.005,0.74,5949600,0.739,42140900,0.738,28768200,0.737,22511100,0.736,18933700,0.741,84252400,0.742,136731600,0.743,118348400,0.744,51026400,0.745,85849000,816,0,0
sh513130,9:32:55,1.76758E+12,9:33:56,1.76758E+12,0.74,0.7418,-0.2427,5724.41,0.8972,4.3682,0,0,0.74,0.994,0.74,5949600,0.739,42140900,0.738,28768200,0.737,22511100,0.736,18933700,0.741,84252400,0.742,136731600,0.743,118348400,0.744,51026400,0.745,85849000,1810,0,0
sh513130,9:32:55,1.76758E+12,9:33:58,1.76758E+12,0.74,0.7418,-0.2427,5724.33,0.8972,4.1303,0,0,0.74,1.001,0.74,5949600,0.739,42140900,0.738,28768200,0.737,22511100,0.736,18933700,0.741,84252400,0.742,136731600,0.743,118348400,0.744,51026400,0.745,85849000,798,0,0
sh513130,9:32:55,1.76758E+12,9:33:58,1.76758E+12,0.74,0.7418,-0.2427,5724.33,0.8972,4.0572,0,0,0.74,1,0.74,5949600,0.739,42140900,0.738,28768200,0.737,22511100,0.736,18933700,0.741,84252400,0.742,136731600,0.743,118348400,0.744,51026400,0.745,85849000,1798,0,0
sh513130,9:32:58,1.76758E+12,9:34:00,1.76758E+12,0.74,0.7418,-0.2427,5723.2,0.8972,2.2273,1380800,1021378,0.7397,1.004,0.739,41461300,0.738,28842200,0.737,22563600,0.736,18959000,0.735,20010400,0.74,2706200,0.741,104924600,0.742,141107500,0.743,119247500,0.744,51035200,646,0,0
sh513130,9:32:58,1.76758E+12,9:34:00,1.76758E+12,0.74,0.7418,-0.2427,5723.2,0.8972,2.3358,0,0,0.74,0.983,0.739,41461300,0.738,28842200,0.737,22563600,0.736,18959000,0.735,20010400,0.74,2706200,0.741,104924600,0.742,141107500,0.743,119247500,0.744,51035200,1630,0,0
sh513130,9:32:58,1.76758E+12,9:34:02,1.76758E+12,0.74,0.7418,-0.2427,5722.34,0.8972,2.403,0,0,0.74,1.002,0.739,41461300,0.738,28842200,0.737,22563600,0.736,18959000,0.735,20010400,0.74,2706200,0.741,104924600,0.742,141107500,0.743,119247500,0.744,51035200,283,0,0
sh513130,9:32:58,1.76758E+12,9:34:02,1.76758E+12,0.74,0.7418,-0.2427,5722.34,0.8972,2.3567,0,0,0.74,0.993,0.739,41461300,0.738,28842200,0.737,22563600,0.736,18959000,0.735,20010400,0.74,2706200,0.741,104924600,0.742,141107500,0.743,119247500,0.744,51035200,1276,0,0
sh513130,9:33:01,1.76758E+12,9:34:04,1.76758E+12,0.74,0.7418,-0.2427,5723.29,0.8972,2.3689,496500,367375,0.7399,1.006,0.739,35842900,0.738,35312700,0.737,24112200,0.736,18959000,0.735,20089600,0.74,6650000,0.741,109135300,0.742,143104600,0.743,121737500,0.744,51013500,304,0,0
sh513130,9:33:01,1.76758E+12,9:34:04,1.76758E+12,0.74,0.7418,-0.2427,5723.29,0.8972,8.1028,0,0,0.74,0.996,0.739,35842900,0.738,35312700,0.737,24112200,0.736,18959000,0.735,20089600,0.74,6650000,0.741,109135300,0.742,143104600,0.743,121737500,0.744,51013500,1300,0,0
sh513130,9:33:04,1.76758E+12,9:34:06,1.76758E+12,0.74,0.7418,-0.2427,5723.5,0.8972,6.7395,10345300,7655380,0.74,1.005,0.74,10813300,0.739,38854100,0.738,31034300,0.737,25052600,0.736,18952000,0.741,90955900,0.742,143912600,0.743,117367300,0.744,50894500,0.745,82067800,143,0,0
sh513130,9:33:04,1.76758E+12,9:34:06,1.76758E+12,0.74,0.7418,-0.2427,5723.5,0.8972,6.6492,0,0,0.74,0.983,0.74,10813300,0.739,38854100,0.738,31034300,0.737,25052600,0.736,18952000,0.741,90955900,0.742,143912600,0.743,117367300,0.744,50894500,0.745,82067800,1126,0,0
sh513130,9:33:07,1.76758E+12,9:34:08,1.76758E+12,0.74,0.7417,-0.2292,5725.82,0.8972,7.8074,2799200,2071435,0.74,1.01,0.74,5150200,0.739,43452400,0.738,31002400,0.737,21075800,0.736,18952000,0.741,89339700,0.742,136686900,0.743,122063800,0.744,50906200,0.745,89700200,738,0,0
sh513130,9:33:07,1.76758E+12,9:34:08,1.76758E+12,0.74,0.7417,-0.2292,5725.82,0.8972,7.0167,0,0,0.74,0.991,0.74,5150200,0.739,43452400,0.738,31002400,0.737,21075800,0.736,18952000,0.741,89339700,0.742,136686900,0.743,122063800,0.744,50906200,0.745,89700200,954,0,0
sh513130,9:33:07,1.76758E+12,9:34:10,1.76758E+12,0.74,0.7417,-0.2292,5723.97,0.8972,6.469,0,0,0.74,0.994,0.74,5150200,0.739,43452400,0.738,31002400,0.737,21075800,0.736,18952000,0.741,89339700,0.742,136686900,0.743,122063800,0.744,50906200,0.745,89700200,769,0,0
sh513130,9:33:07,1.76758E+12,9:34:10,1.76758E+12,0.74,0.7417,-0.2292,5723.97,0.8972,5.5973,0,0,0.74,1.005,0.74,5150200,0.739,43452400,0.738,31002400,0.737,21075800,0.736,18952000,0.741,89339700,0.742,136686900,0.743,122063800,0.744,50906200,0.745,89700200,775,0,0
sh513130,9:33:07,1.76758E+12,9:34:12,1.76758E+12,0.74,0.7417,-0.2292,5726.68,0.8972,4.4389,0,0,0.74,1,0.74,5150200,0.739,43452400,0.738,31002400,0.737,21075800,0.736,18952000,0.741,89339700,0.742,136686900,0.743,122063800,0.744,50906200,0.745,89700200,791,0,0
sh513130,9:33:10,1.76758E+12,9:34:12,1.76758E+12,0.74,0.7417,-0.2292,5726.68,0.8972,5.2372,3709400,2744408,0.7399,1.005,0.74,16467900,0.739,42576300,0.738,31814300,0.737,19028300,0.736,18970300,0.741,90985700,0.742,141972400,0.743,122249600,0.744,50944900,0.745,82383600,602,0,0
sh513130,9:33:13,1.76758E+12,9:34:14,1.76758E+12,0.74,0.7417,-0.2292,5727.9,0.8972,5.1068,28648500,21226732,0.7409,1.005,0.74,40870500,0.739,38001800,0.738,31924300,0.737,18994400,0.736,18272700,0.741,54264400,0.742,137310100,0.743,122469200,0.744,60867800,0.745,90310100,711,0,0
sh513130,9:33:13,1.76758E+12,9:34:14,1.76758E+12,0.74,0.7417,-0.2292,5727.9,0.8972,7.1279,0,0,0.74,1.01,0.74,40870500,0.739,38001800,0.738,31924300,0.737,18994400,0.736,18272700,0.741,54264400,0.742,137310100,0.743,122469200,0.744,60867800,0.745,90310100,440,0,0
sh513130,9:33:13,1.76758E+12,9:34:16,1.76758E+12,0.74,0.7417,-0.2292,5729.79,0.8972,6.2461,0,0,0.74,1.015,0.74,40870500,0.739,38001800,0.738,31924300,0.737,18994400,0.736,18272700,0.741,54264400,0.742,137310100,0.743,122469200,0.744,60867800,0.745,90310100,835,0,0
sh513130,9:33:13,1.76758E+12,9:34:16,1.76758E+12,0.74,0.7417,-0.2292,5729.79,0.8972,6.1818,0,0,0.74,1.015,0.74,40870500,0.739,38001800,0.738,31924300,0.737,18994400,0.736,18272700,0.741,54264400,0.742,137310100,0.743,122469200,0.744,60867800,0.745,90310100,304,0,0
sh513130,9:33:13,1.76758E+12,9:34:18,1.76758E+12,0.74,0.7417,-0.2292,5732.61,0.8972,6.1478,0,0,0.74,1.005,0.74,40870500,0.739,38001800,0.738,31924300,0.737,18994400,0.736,18272700,0.741,54264400,0.742,137310100,0.743,122469200,0.744,60867800,0.745,90310100,841,0,0
sh513130,9:33:16,1.76758E+12,9:34:18,1.76758E+12,0.74,0.7417,-0.2292,5732.61,0.8972,6.0578,58892000,43635086,0.7409,1.001,0.74,37594700,0.739,40150800,0.738,32254300,0.737,19045200,0.736,18428700,0.741,239300,0.742,134254400,0.743,122465300,0.744,64196900,0.745,90486200,131,0,0
sh513130,9:33:19,1.76758E+12,9:34:20,1.76758E+12,0.741,0.7424,-0.1886,5731.41,0.8972,4.9155,5292800,3919395,0.7405,1.009,0.741,1922800,0.74,37212400,0.739,40524000,0.738,31353200,0.737,19073000,0.742,135141800,0.743,122737000,0.744,65602500,0.745,91162700,0.746,55711700,792,0,0
sh513130,9:33:19,1.76758E+12,9:34:20,1.76758E+12,0.741,0.7424,-0.1886,5731.41,0.8972,4.3244,0,0,0.741,1.009,0.741,1922800,0.74,37212400,0.739,40524000,0.738,31353200,0.737,19073000,0.742,135141800,0.743,122737000,0.744,65602500,0.745,91162700,0.746,55711700,1801,0,0
sh513130,9:33:19,1.76758E+12,9:34:22,1.76758E+12,0.741,0.7424,-0.1886,5734.06,0.8972,6.3865,0,0,0.741,1.006,0.741,1922800,0.74,37212400,0.739,40524000,0.738,31353200,0.737,19073000,0.742,135141800,0.743,122737000,0.744,65602500,0.745,91162700,0.746,55711700,841,0,0
sh513130,9:33:19,1.76758E+12,9:34:22,1.76758E+12,0.741,0.7424,-0.1886,5734.06,0.8972,5.8752,0,0,0.741,0.989,0.741,1922800,0.74,37212400,0.739,40524000,0.738,31353200,0.737,19073000,0.742,135141800,0.743,122737000,0.744,65602500,0.745,91162700,0.746,55711700,1830,0,0
sh513130,9:33:19,1.76758E+12,9:34:24,1.76758E+12,0.741,0.7424,-0.1886,5736.04,0.8972,5.0777,0,0,0.741,1.009,0.741,1922800,0.74,37212400,0.739,40524000,0.738,31353200,0.737,19073000,0.742,135141800,0.743,122737000,0.744,65602500,0.745,91162700,0.746,55711700,804,0,0
sh513130,9:33:22,1.76758E+12,9:34:24,1.76758E+12,0.741,0.7424,-0.1886,5736.04,0.8972,4.2625,39112100,29017666,0.7419,0.995,0.741,13080900,0.74,39427900,0.739,37533800,0.738,22633000,0.737,19123000,0.742,83586400,0.743,118031700,0.744,85907800,0.745,90922800,0.746,60692900,1799,0,0
sh513130,9:33:25,1.76758E+12,9:34:26,1.76758E+12,0.741,0.7424,-0.1886,5736.58,0.8972,3.7189,11182800,8295611,0.7418,0.996,0.741,22480000,0.74,34215000,0.739,37500600,0.738,22676700,0.737,19159600,0.742,75905500,0.743,117560000,0.744,85014700,0.745,90957500,0.746,60906000,613,0,0
sh513130,9:33:25,1.76758E+12,9:34:26,1.76758E+12,0.741,0.7424,-0.1886,5736.58,0.8972,3.7189,0,0,0.741,0.999,0.741,22480000,0.74,34215000,0.739,37500600,0.738,22676700,0.737,19159600,0.742,75905500,0.743,117560000,0.744,85014700,0.745,90957500,0.746,60906000,1613,0,0
sh513130,9:33:25,1.76758E+12,9:34:28,1.76758E+12,0.741,0.7424,-0.1886,5736.52,0.8972,2.5719,0,0,0.741,1.045,0.741,22480000,0.74,34215000,0.739,37500600,0.738,22676700,0.737,19159600,0.742,75905500,0.743,117560000,0.744,85014700,0.745,90957500,0.746,60906000,495,0,0
sh513130,9:33:25,1.76758E+12,9:34:28,1.76758E+12,0.741,0.7424,-0.1886,5736.52,0.8972,3.6932,0,0,0.741,0.953,0.741,22480000,0.74,34215000,0.739,37500600,0.738,22676700,0.737,19159600,0.742,75905500,0.743,117560000,0.744,85014700,0.745,90957500,0.746,60906000,1448,0,0
sh513130,9:33:28,1.76758E+12,9:34:30,1.76758E+12,0.741,0.743,-0.2692,5737.39,0.8972,3.6261,46666200,34624396,0.742,1.011,0.741,21233800,0.74,35325600,0.739,39224800,0.738,22719500,0.737,19508800,0.742,23475000,0.743,116878200,0.744,85136500,0.745,102433500,0.746,61351000,292,0,0
sh513130,9:33:28,1.76758E+12,9:34:30,1.76758E+12,0.741,0.743,-0.2692,5737.39,0.8972,5.9813,0,0,0.741,0.995,0.741,21233800,0.74,35325600,0.739,39224800,0.738,22719500,0.737,19508800,0.742,23475000,0.743,116878200,0.744,85136500,0.745,102433500,0.746,61351000,1287,0,0
sh513130,9:33:28,1.76758E+12,9:34:32,1.76758E+12,0.741,0.743,-0.2692,5736.14,0.8972,5.9813,0,0,0.741,0.988,0.741,21233800,0.74,35325600,0.739,39224800,0.738,22719500,0.737,19508800,0.742,23475000,0.743,116878200,0.744,85136500,0.745,102433500,0.746,61351000,85,0,0
sh513130,9:33:31,1.76758E+12,9:34:32,1.76758E+12,0.741,0.743,-0.2692,5736.14,0.8972,5.2729,3577200,2651742,0.7413,0.991,0.741,21855600,0.74,35922500,0.739,39229800,0.738,22899600,0.737,19340900,0.742,23317500,0.743,116763400,0.744,85181500,0.745,102200200,0.746,61358900,1076,0,0
sh513130,9:33:31,1.76758E+12,9:34:34,1.76758E+12,0.741,0.743,-0.2692,5736.89,0.8972,6.3077,0,0,0.741,1.015,0.741,21855600,0.74,35922500,0.739,39229800,0.738,22899600,0.737,19340900,0.742,23317500,0.743,116763400,0.744,85181500,0.745,102200200,0.746,61358900,285,0,0
sh513130,9:33:34,1.76758E+12,9:34:34,1.76758E+12,0.741,0.743,-0.2692,5736.89,0.8972,4.956,2040000,1511924,0.7411,1.021,0.741,23883700,0.74,36204200,0.739,39490800,0.738,22799100,0.737,19363000,0.742,24288600,0.743,116957300,0.744,85206700,0.745,102125600,0.746,61369500,949,0,0
sh513130,9:33:34,1.76758E+12,9:34:36,1.76758E+12,0.741,0.743,-0.2692,5735.03,0.8972,4.7007,0,0,0.741,0.998,0.741,23883700,0.74,36204200,0.739,39490800,0.738,22799100,0.737,19363000,0.742,24288600,0.743,116957300,0.744,85206700,0.745,102125600,0.746,61369500,832,0,0
sh513130,9:33:34,1.76758E+12,9:34:36,1.76758E+12,0.741,0.743,-0.2692,5735.03,0.8972,4.3114,0,0,0.741,1.012,0.741,23883700,0.74,36204200,0.739,39490800,0.738,22799100,0.737,19363000,0.742,24288600,0.743,116957300,0.744,85206700,0.745,102125600,0.746,61369500,772,0,0
sh513130,9:33:34,1.76758E+12,9:34:38,1.76758E+12,0.741,0.743,-0.2692,5736.32,0.8972,6.4883,0,0,0.741,0.998,0.741,23883700,0.74,36204200,0.739,39490800,0.738,22799100,0.737,19363000,0.742,24288600,0.743,116957300,0.744,85206700,0.745,102125600,0.746,61369500,885,0,0
sh513130,9:33:37,1.76758E+12,9:34:38,1.76758E+12,0.742,0.743,-0.1346,5736.32,0.8972,5.6336,3323100,2463553,0.7413,0.988,0.741,18430600,0.74,41977500,0.739,39442800,0.738,22696700,0.737,18724300,0.742,37142800,0.743,117087400,0.744,86014200,0.745,92263400,0.746,61447800,588,0,0
sh513130,9:33:37,1.76758E+12,9:34:40,1.76758E+12,0.742,0.743,-0.1346,5733.18,0.8972,5.6336,0,0,0.742,0.997,0.741,18430600,0.74,41977500,0.739,39442800,0.738,22696700,0.737,18724300,0.742,37142800,0.743,117087400,0.744,86014200,0.745,92263400,0.746,61447800,839,0,0
sh513130,9:33:40,1.76758E+12,9:34:40,1.76758E+12,0.741,0.743,-0.2692,5733.18,0.8972,5.5809,3680700,2728994,0.7414,1,0.741,6217400,0.74,42209100,0.739,39479800,0.738,22557800,0.737,18738100,0.742,57310400,0.743,117029000,0.744,86190200,0.745,92630700,0.746,61456100,417,0,0
sh513130,9:33:40,1.76758E+12,9:34:42,1.76758E+12,0.741,0.743,-0.2692,5733.08,0.8972,2.9266,0,0,0.741,1.011,0.741,6217400,0.74,42209100,0.739,39479800,0.738,22557800,0.737,18738100,0.742,57310400,0.743,117029000,0.744,86190200,0.745,92630700,0.746,61456100,859,0,0
sh513130,9:33:40,1.76758E+12,9:34:42,1.76758E+12,0.741,0.743,-0.2692,5733.08,0.8972,2.9836,0,0,0.741,0.994,0.741,6217400,0.74,42209100,0.739,39479800,0.738,22557800,0.737,18738100,0.742,57310400,0.743,117029000,0.744,86190200,0.745,92630700,0.746,61456100,251,0,0
sh513130,9:33:43,1.76758E+12,9:34:44,1.76758E+12,0.741,0.743,-0.2692,5734.45,0.8972,3.2706,4160600,3083366,0.7411,0.996,0.741,4360500,0.74,42296700,0.739,39479800,0.738,22585800,0.737,18746100,0.742,37265600,0.743,117263400,0.744,87375700,0.745,93465700,0.746,61470100,825,0,0
sh513130,9:33:40,1.76758E+12,9:34:44,1.76758E+12,0.741,0.743,-0.2692,5734.45,0.8972,3.2706,0,0,0.741,1.006,0.741,6217400,0.74,42209100,0.739,39479800,0.738,22557800,0.737,18738100,0.742,57310400,0.743,117029000,0.744,86190200,0.745,92630700,0.746,61456100,74,0,1
sh513130,9:33:43,1.76758E+12,9:34:46,1.76758E+12,0.741,0.743,-0.2692,5735.66,0.8972,1.2903,4160600,3083366,0.7411,0.993,0.741,4360500,0.74,42296700,0.739,39479800,0.738,22585800,0.737,18746100,0.742,37265600,0.743,117263400,0.744,87375700,0.745,93465700,0.746,61470100,862,0,0
sh513130,9:33:43,1.76758E+12,9:34:46,1.76758E+12,0.741,0.743,-0.2692,5735.66,0.8972,1.2111,0,0,0.741,1.001,0.741,4360500,0.74,42296700,0.739,39479800,0.738,22585800,0.737,18746100,0.742,37265600,0.743,117263400,0.744,87375700,0.745,93465700,0.746,61470100,1863,0,0
sh513130,9:33:43,1.76758E+12,9:34:48,1.76758E+12,0.741,0.743,-0.2692,5735.08,0.8972,1.2111,0,0,0.741,0.991,0.741,4360500,0.74,42296700,0.739,39479800,0.738,22585800,0.737,18746100,0.742,37265600,0.743,117263400,0.744,87375700,0.745,93465700,0.746,61470100,868,0,0
sh513130,9:33:46,1.76758E+12,9:34:48,1.76758E+12,0.741,0.743,-0.2692,5735.08,0.8972,2.433,1714900,1271189,0.7413,1.003,0.741,14709300,0.74,45548000,0.739,39559300,0.738,23015000,0.737,18746100,0.742,37983100,0.743,117559400,0.744,85994500,0.745,93590800,0.746,62529200,1872,0,0
sh513130,9:33:49,1.76758E+12,9:34:50,1.76758E+12,0.741,0.743,-0.2692,5734.96,0.8972,2.3862,2383700,1766738,0.7412,1.009,0.741,29950400,0.74,40095300,0.739,39698300,0.738,23569200,0.737,18842900,0.742,31343000,0.743,117824100,0.744,85939600,0.745,103794100,0.746,62501600,708,0,0
sh513130,9:33:49,1.76758E+12,9:34:50,1.76758E+12,0.741,0.743,-0.2692,5734.96,0.8972,2.3862,0,0,0.741,1.003,0.741,29950400,0.74,40095300,0.739,39698300,0.738,23569200,0.737,18842900,0.742,31343000,0.743,117824100,0.744,85939600,0.745,103794100,0.746,62501600,1711,0,0
sh513130,9:33:49,1.76758E+12,9:34:52,1.76758E+12,0.741,0.743,-0.2692,5735.83,0.8972,1.5094,0,0,0.741,0.991,0.741,29950400,0.74,40095300,0.739,39698300,0.738,23569200,0.737,18842900,0.742,31343000,0.743,117824100,0.744,85939600,0.745,103794100,0.746,62501600,523,0,0
sh513130,9:33:52,1.76758E+12,9:34:52,1.76758E+12,0.741,0.743,-0.2692,5735.83,0.8972,1.5147,11996200,8898419,0.7418,0.996,0.741,29821700,0.74,40469200,0.739,39879300,0.738,23701100,0.737,18852900,0.742,24971400,0.743,118229100,0.744,86091200,0.745,103918100,0.746,62495700,1519,0,0
sh513130,9:33:52,1.76758E+12,9:34:54,1.76758E+12,0.741,0.743,-0.2692,5735.82,0.8972,1.5147,0,0,0.741,0.989,0.741,29821700,0.74,40469200,0.739,39879300,0.738,23701100,0.737,18852900,0.742,24971400,0.743,118229100,0.744,86091200,0.745,103918100,0.746,62495700,328,0,0
sh513130,9:33:52,1.76758E+12,9:34:54,1.76758E+12,0.741,0.743,-0.2692,5735.82,0.8972,4.7347,0,0,0.741,1.015,0.741,29821700,0.74,40469200,0.739,39879300,0.738,23701100,0.737,18852900,0.742,24971400,0.743,118229100,0.744,86091200,0.745,103918100,0.746,62495700,1343,0,0
sh513130,9:33:52,1.76758E+12,9:34:56,1.76758E+12,0.741,0.743,-0.2692,5737.03,0.8972,5.1659,0,0,0.741,0.993,0.741,29821700,0.74,40469200,0.739,39879300,0.738,23701100,0.737,18852900,0.742,24971400,0.743,118229100,0.744,86091200,0.745,103918100,0.746,62495700,152,0,0
sh513130,9:33:55,1.76758E+12,9:34:56,1.76758E+12,0.741,0.743,-0.2692,5737.03,0.8972,5.1659,2136500,1583334,0.7411,0.994,0.741,30455300,0.74,40572200,0.739,40119300,0.738,24524600,0.737,19430800,0.742,27611500,0.743,118754600,0.744,86627400,0.745,104974200,0.746,62516200,1146,0,0
sh513130,9:33:55,1.76758E+12,9:34:58,1.76758E+12,0.741,0.743,-0.2692,5736.89,0.8972,4.0675,0,0,0.741,1.02,0.741,30455300,0.74,40572200,0.739,40119300,0.738,24524600,0.737,19430800,0.742,27611500,0.743,118754600,0.744,86627400,0.745,104974200,0.746,62516200,858,0,0
sh513130,9:33:55,1.76758E+12,9:34:58,1.76758E+12,0.741,0.743,-0.2692,5736.89,0.8972,4.0675,0,0,0.741,0.992,0.741,30455300,0.74,40572200,0.739,40119300,0.738,24524600,0.737,19430800,0.742,27611500,0.743,118754600,0.744,86627400,0.745,104974200,0.746,62516200,987,0,0
sh513130,9:33:58,1.76758E+12,9:35:00,1.76758E+12,0.741,0.7437,-0.363,5738.2,0.8972,3.8648,1728900,1281423,0.7412,1.002,0.741,38867900,0.74,40582300,0.739,40251500,0.738,24541100,0.737,19435800,0.742,28475300,0.743,118863700,0.744,86931300,0.745,105928700,0.746,62482300,829,0,0
sh513130,9:33:58,1.76758E+12,9:35:00,1.76758E+12,0.741,0.7437,-0.363,5738.2,0.8972,3.3061,0,0,0.741,1.005,0.741,38867900,0.74,40582300,0.739,40251500,0.738,24541100,0.737,19435800,0.742,28475300,0.743,118863700,0.744,86931300,0.745,105928700,0.746,62482300,824,0,0
sh513130,9:33:58,1.76758E+12,9:35:02,1.76758E+12,0.741,0.7437,-0.363,5737.57,0.8972,3.3061,0,0,0.741,0.982,0.741,38867900,0.74,40582300,0.739,40251500,0.738,24541100,0.737,19435800,0.742,28475300,0.743,118863700,0.744,86931300,0.745,105928700,0.746,62482300,333,0,0
sh513130,9:33:58,1.76758E+12,9:35:02,1.76758E+12,0.741,0.7437,-0.363,5737.57,0.8972,2.8394,0,0,0.741,1.012,0.741,38867900,0.74,40582300,0.739,40251500,0.738,24541100,0.737,19435800,0.742,28475300,0.743,118863700,0.744,86931300,0.745,105928700,0.746,62482300,632,0,0
sh513130,9:34:01,1.76758E+12,9:35:04,1.76758E+12,0.742,0.7437,-0.2286,5740.11,0.8972,2.1064,36612000,27164891,0.742,0.988,0.742,5371600,0.741,39257200,0.74,33373300,0.739,39298900,0.738,24843000,0.743,118984000,0.744,85375200,0.745,105951400,0.746,62600300,0.747,42664100,833,0,0
sh513130,9:34:01,1.76758E+12,9:35:04,1.76758E+12,0.742,0.7437,-0.2286,5740.11,0.8972,2.9892,0,0,0.742,1.021,0.742,5371600,0.741,39257200,0.74,33373300,0.739,39298900,0.738,24843000,0.743,118984000,0.744,85375200,0.745,105951400,0.746,62600300,0.747,42664100,466,0,0
sh513130,9:34:04,1.76758E+12,9:35:06,1.76758E+12,0.742,0.7437,-0.2286,5740.13,0.8972,2.9892,2516200,1867021,0.742,0.979,0.742,31979000,0.741,43389600,0.74,31693400,0.739,23643200,0.738,24842500,0.743,97837000,0.744,77153800,0.745,128619500,0.746,62730300,0.747,50907200,781,0,0
sh513130,9:34:04,1.76758E+12,9:35:06,1.76758E+12,0.742,0.7437,-0.2286,5740.13,0.8972,2.1009,0,0,0.742,1.012,0.742,31979000,0.741,43389600,0.74,31693400,0.739,23643200,0.738,24842500,0.743,97837000,0.744,77153800,0.745,128619500,0.746,62730300,0.747,50907200,289,0,0
sh513130,9:34:07,1.76758E+12,9:35:08,1.76758E+12,0.742,0.7437,-0.2286,5741.26,0.8972,2.1009,1324600,982853,0.742,0.996,0.742,33987500,0.741,43906500,0.74,32239500,0.739,23744100,0.738,24852800,0.743,98935300,0.744,77200900,0.745,128511700,0.746,62739400,0.747,51408100,281,0,0
sh513130,9:34:04,1.76758E+12,9:35:08,1.76758E+12,0.742,0.7437,-0.2286,5741.26,0.8972,2.5703,0,0,0.742,0.986,0.742,31979000,0.741,43389600,0.74,31693400,0.739,23643200,0.738,24842500,0.743,97837000,0.744,77153800,0.745,128619500,0.746,62730300,0.747,50907200,25,0,1
sh513130,9:34:07,1.76758E+12,9:35:10,1.76758E+12,0.742,0.7437,-0.2286,5741.09,0.8972,3.3974,1324600,982853,0.742,0.998,0.742,33987500,0.741,43906500,0.74,32239500,0.739,23744100,0.738,24852800,0.743,98935300,0.744,77200900,0.745,128511700,0.746,62739400,0.747,51408100,804,0,0
sh513130,9:34:07,1.76758E+12,9:35:10,1.76758E+12,0.742,0.7437,-0.2286,5741.09,0.8972,3.3974,0,0,0.742,0.994,0.742,33987500,0.741,43906500,0.74,32239500,0.739,23744100,0.738,24852800,0.743,98935300,0.744,77200900,0.745,128511700,0.746,62739400,0.747,51408100,1798,0,0
sh513130,9:34:10,1.76758E+12,9:35:12,1.76758E+12,0.742,0.7437,-0.2286,5740.86,0.8972,2.2476,3340900,2479154,0.7421,1.008,0.742,35242100,0.741,45221800,0.74,32313700,0.739,23510400,0.738,24967700,0.743,89767500,0.744,77248900,0.745,127521700,0.746,73048200,0.747,51448500,691,0,0
sh513130,9:34:10,1.76758E+12,9:35:12,1.76758E+12,0.742,0.7437,-0.2286,5740.86,0.8972,2.2476,0,0,0.742,0.986,0.742,35242100,0.741,45221800,0.74,32313700,0.739,23510400,0.738,24967700,0.743,89767500,0.744,77248900,0.745,127521700,0.746,73048200,0.747,51448500,1677,0,0
sh513130,9:34:10,1.76758E+12,9:35:14,1.76758E+12,0.742,0.7437,-0.2286,5742.07,0.8972,2.2042,0,0,0.742,0.998,0.742,35242100,0.741,45221800,0.74,32313700,0.739,23510400,0.738,24967700,0.743,89767500,0.744,77248900,0.745,127521700,0.746,73048200,0.747,51448500,730,0,0
sh513130,9:34:13,1.76758E+12,9:35:14,1.76758E+12,0.742,0.7437,-0.2286,5742.07,0.8972,3.2051,3259400,2418528,0.742,0.995,0.742,35396600,0.741,45973400,0.74,32617200,0.739,23509000,0.738,26920100,0.743,98933200,0.744,77445700,0.745,128227300,0.746,63122000,0.747,51462600,1725,0,0
sh513130,9:34:13,1.76758E+12,9:35:16,1.76758E+12,0.742,0.7437,-0.2286,5741.55,0.8972,3.2051,0,0,0.742,1.005,0.742,35396600,0.741,45973400,0.74,32617200,0.739,23509000,0.738,26920100,0.743,98933200,0.744,77445700,0.745,128227300,0.746,63122000,0.747,51462600,552,0,0
sh513130,9:34:13,1.76758E+12,9:35:16,1.76758E+12,0.742,0.7437,-0.2286,5741.55,0.8972,3.1519,0,0,0.742,0.99,0.742,35396600,0.741,45973400,0.74,32617200,0.739,23509000,0.738,26920100,0.743,98933200,0.744,77445700,0.745,128227300,0.746,63122000,0.747,51462600,1541,0,0
sh513130,9:34:16,1.76758E+12,9:35:18,1.76758E+12,0.742,0.7437,-0.2286,5739.82,0.8972,3.0051,2224800,1651481,0.7423,1.01,0.742,33194700,0.741,48551100,0.74,32601000,0.739,23711000,0.738,27093200,0.743,99274900,0.744,78008300,0.745,128042100,0.746,63242900,0.747,51491600,357,0,0
sh513130,9:34:16,1.76758E+12,9:35:18,1.76758E+12,0.742,0.7437,-0.2286,5739.82,0.8972,3.0051,0,0,0.742,1.001,0.742,33194700,0.741,48551100,0.74,32601000,0.739,23711000,0.738,27093200,0.743,99274900,0.744,78008300,0.745,128042100,0.746,63242900,0.747,51491600,1359,0,0
sh513130,9:34:19,1.76758E+12,9:35:20,1.76758E+12,0.742,0.7437,-0.2286,5739.65,0.8972,2.9649,12700500,9423795,0.742,1.004,0.742,7242800,0.741,48801300,0.74,32864800,0.739,26935600,0.738,27103000,0.743,120649200,0.744,84325100,0.745,129738400,0.746,63247900,0.747,49017900,188,0,0
sh513130,9:34:19,1.76758E+12,9:35:20,1.76758E+12,0.742,0.7437,-0.2286,5739.65,0.8972,4.2595,0,0,0.742,1,0.742,7242800,0.741,48801300,0.74,32864800,0.739,26935600,0.738,27103000,0.743,120649200,0.744,84325100,0.745,129738400,0.746,63247900,0.747,49017900,1188,0,0
sh513130,9:34:19,1.76758E+12,9:35:22,1.76758E+12,0.742,0.7437,-0.2286,5738.79,0.8972,5.5098,0,0,0.742,0.989,0.742,7242800,0.741,48801300,0.74,32864800,0.739,26935600,0.738,27103000,0.743,120649200,0.744,84325100,0.745,129738400,0.746,63247900,0.747,49017900,779,0,0
sh513130,9:34:19,1.76758E+12,9:35:22,1.76758E+12,0.742,0.7437,-0.2286,5738.79,0.8972,5.5098,0,0,0.742,1.006,0.742,7242800,0.741,48801300,0.74,32864800,0.739,26935600,0.738,27103000,0.743,120649200,0.744,84325100,0.745,129738400,0.746,63247900,0.747,49017900,996,0,0
sh513130,9:34:22,1.76758E+12,9:35:24,1.76758E+12,0.743,0.7437,-0.0941,5738.84,0.8972,5.2082,12394900,9197222,0.742,1.006,0.742,3678500,0.741,49678600,0.74,33211700,0.739,26972800,0.738,29533000,0.743,121716700,0.744,88727800,0.745,129035400,0.746,63288900,0.747,44462300,821,0,0
sh513130,9:34:22,1.76758E+12,9:35:24,1.76758E+12,0.743,0.7437,-0.0941,5738.84,0.8972,6.3704,0,0,0.743,0.991,0.742,3678500,0.741,49678600,0.74,33211700,0.739,26972800,0.738,29533000,0.743,121716700,0.744,88727800,0.745,129035400,0.746,63288900,0.747,44462300,826,0,0
sh513130,9:34:22,1.76758E+12,9:35:26,1.76758E+12,0.743,0.7437,-0.0941,5742.3,0.8972,6.3704,0,0,0.743,0.999,0.742,3678500,0.741,49678600,0.74,33211700,0.739,26972800,0.738,29533000,0.743,121716700,0.744,88727800,0.745,129035400,0.746,63288900,0.747,44462300,765,0,0
sh513130,9:34:25,1.76758E+12,9:35:26,1.76758E+12,0.742,0.7437,-0.2286,5742.3,0.8972,5.8248,7171800,5322632,0.7422,1.22,0.742,30904600,0.741,48853500,0.74,33387900,0.739,23932000,0.738,29532000,0.743,91784500,0.744,79706500,0.745,129373800,0.746,73338300,0.747,54221900,857,0,0
sh513130,9:34:25,1.76758E+12,9:35:28,1.76758E+12,0.742,0.7437,-0.2286,5741.27,0.8972,5.8248,0,0,0.742,0.823,0.742,30904600,0.741,48853500,0.74,33387900,0.739,23932000,0.738,29532000,0.743,91784500,0.744,79706500,0.745,129373800,0.746,73338300,0.747,54221900,818,0,0
sh513130,9:34:25,1.76758E+12,9:35:30,1.76758E+12,0.742,0.7437,-0.2286,5742.82,0.8972,3.7231,0,0,0.742,1.188,0.742,30904600,0.741,48853500,0.74,33387900,0.739,23932000,0.738,29532000,0.743,91784500,0.744,79706500,0.745,129373800,0.746,73338300,0.747,54221900,2,0,0
sh513130,9:34:28,1.76758E+12,9:35:30,1.76758E+12,0.742,0.7437,-0.2286,5742.82,0.8972,2.8649,4418700,3279617,0.7422,0.92,0.742,30212200,0.741,48815100,0.74,33349300,0.739,23950300,0.738,29541300,0.743,102210800,0.744,79689900,0.745,129011000,0.746,63266500,0.747,54293800,918,0,0
sh513130,9:34:28,1.76758E+12,9:35:30,1.76758E+12,0.742,0.7437,-0.2286,5742.82,0.8972,3.4124,0,0,0.742,0.859,0.742,30212200,0.741,48815100,0.74,33349300,0.739,23950300,0.738,29541300,0.743,102210800,0.744,79689900,0.745,129011000,0.746,63266500,0.747,54293800,343,0,0
sh513130,9:34:31,1.76758E+12,9:35:32,1.76758E+12,0.742,0.7437,-0.2286,5742.66,0.8972,1.9749,3156600,2343202,0.7423,1.013,0.742,34063800,0.741,44222600,0.74,34149700,0.739,24263200,0.738,29545400,0.743,93050900,0.744,81316300,0.745,128978600,0.746,73330100,0.747,54636600,791,0,0
sh513130,9:34:31,1.76758E+12,9:35:32,1.76758E+12,0.742,0.7437,-0.2286,5742.66,0.8972,2.472,0,0,0.742,0.982,0.742,34063800,0.741,44222600,0.74,34149700,0.739,24263200,0.738,29545400,0.743,93050900,0.744,81316300,0.745,128978600,0.746,73330100,0.747,54636600,161,0,0
sh513130,9:35:43,1.76758E+12,9:36:46,1.76758E+12,0.744,0.7451,-0.1476,5747.14,0.8972,-0.7558,0,0,0.744,0,0.743,36811000,0.742,47733300,0.741,37097700,0.74,21654400,0.739,25737900,0.744,110729200,0.745,136341500,0.746,102619700,0.747,59033500,0.748,62591100,301,0,1
sh513130,9:35:46,1.76758E+12,9:36:46,1.76758E+12,0.744,0.7451,-0.1476,5747.14,0.8972,-0.7408,2112000,1569497,0.7431,0.971,0.743,41113700,0.742,42159500,0.741,37509200,0.74,22093000,0.739,25722900,0.744,69914400,0.745,136762800,0.746,103817300,0.747,69188100,0.748,62761600,424,0,0
sh513130,9:35:46,1.76758E+12,9:36:48,1.76758E+12,0.744,0.7451,-0.1476,5748.65,0.8972,-0.3614,0,0,0.744,0.996,0.743,41113700,0.742,42159500,0.741,37509200,0.74,22093000,0.739,25722900,0.744,69914400,0.745,136762800,0.746,103817300,0.747,69188100,0.748,62761600,239,0,0
sh513130,9:35:46,1.76758E+12,9:36:48,1.76758E+12,0.744,0.7451,-0.1476,5748.65,0.8972,0.2201,0,0,0.744,0.991,0.743,41113700,0.742,42159500,0.741,37509200,0.74,22093000,0.739,25722900,0.744,69914400,0.745,136762800,0.746,103817300,0.747,69188100,0.748,62761600,247,0,0
sh513130,9:35:46,1.76758E+12,9:36:50,1.76758E+12,0.744,0.7451,-0.1476,5743.59,0.8972,4.4752,0,0,0.744,1.011,0.743,41113700,0.742,42159500,0.741,37509200,0.74,22093000,0.739,25722900,0.744,69914400,0.745,136762800,0.746,103817300,0.747,69188100,0.748,62761600,241,0,0
sh513130,9:35:46,1.76758E+12,9:36:50,1.76758E+12,0.744,0.7451,-0.1476,5743.59,0.8972,5.1334,0,0,0.744,1.02,0.743,41113700,0.742,42159500,0.741,37509200,0.74,22093000,0.739,25722900,0.744,69914400,0.745,136762800,0.746,103817300,0.747,69188100,0.748,62761600,98,0,0
sh513130,9:35:49,1.76758E+12,9:36:52,1.76758E+12,0.743,0.7451,-0.2818,5744.06,0.8972,4.6394,11958000,8885768,0.7431,0.987,0.742,44527900,0.741,37427200,0.74,25072500,0.739,26730800,0.738,27764800,0.743,20555600,0.744,110397200,0.745,143236900,0.746,101934400,0.747,59200100,229,0,0
sh513130,9:35:49,1.76758E+12,9:36:52,1.76758E+12,0.743,0.7451,-0.2818,5744.06,0.8972,3.1563,0,0,0.743,1.016,0.742,44527900,0.741,37427200,0.74,25072500,0.739,26730800,0.738,27764800,0.743,20555600,0.744,110397200,0.745,143236900,0.746,101934400,0.747,59200100,1245,0,0
sh513130,9:35:49,1.76758E+12,9:36:54,1.76758E+12,0.743,0.7451,-0.2818,5743.98,0.8972,3.6683,0,0,0.743,0.986,0.742,44527900,0.741,37427200,0.74,25072500,0.739,26730800,0.738,27764800,0.743,20555600,0.744,110397200,0.745,143236900,0.746,101934400,0.747,59200100,206,0,0
sh513130,9:35:52,1.76758E+12,9:36:54,1.76758E+12,0.743,0.7445,-0.2015,5743.98,0.8972,2.7425,9261800,6881675,0.743,1.009,0.743,53989600,0.742,44775600,0.741,30728600,0.74,25122500,0.739,26738800,0.744,115078100,0.745,142377400,0.746,103388900,0.747,59219800,0.748,54167600,1214,0,0
sh513130,9:35:52,1.76758E+12,9:36:56,1.76758E+12,0.743,0.7445,-0.2015,5742.3,0.8972,3.5823,0,0,0.743,1.003,0.743,53989600,0.742,44775600,0.741,30728600,0.74,25122500,0.739,26738800,0.744,115078100,0.745,142377400,0.746,103388900,0.747,59219800,0.748,54167600,262,0,0
sh513130,9:35:55,1.76758E+12,9:36:56,1.76758E+12,0.743,0.7445,-0.2015,5742.3,0.8972,3.5084,8336000,6193610,0.743,0.986,0.742,47737600,0.741,45167200,0.74,25084900,0.739,26738800,0.738,27856000,0.743,7823300,0.744,115136700,0.745,143487900,0.746,104055100,0.747,59372600,1248,0,0
sh513130,9:35:55,1.76758E+12,9:36:58,1.76758E+12,0.743,0.7445,-0.2015,5742.32,0.8972,2.9005,0,0,0.743,1.002,0.742,47737600,0.741,45167200,0.74,25084900,0.739,26738800,0.738,27856000,0.743,7823300,0.744,115136700,0.745,143487900,0.746,104055100,0.747,59372600,250,0,0
sh513130,9:35:55,1.76758E+12,9:36:58,1.76758E+12,0.743,0.7445,-0.2015,5742.32,0.8972,4.3404,0,0,0.743,1.01,0.742,47737600,0.741,45167200,0.74,25084900,0.739,26738800,0.738,27856000,0.743,7823300,0.744,115136700,0.745,143487900,0.746,104055100,0.747,59372600,1260,0,0
sh513130,9:35:58,1.76758E+12,9:37:00,1.76758E+12,0.743,0.7444,-0.1881,5743.41,0.8972,4.2782,485500,360654,0.7429,0.99,0.742,47743300,0.741,45167200,0.74,27462700,0.739,26738800,0.738,27882700,0.743,10937000,0.744,114620500,0.745,143370700,0.746,103423100,0.747,60351500,303,0,0
sh513130,9:35:58,1.76758E+12,9:37:00,1.76758E+12,0.743,0.7444,-0.1881,5743.41,0.8972,3.6008,0,0,0.743,1,0.742,47743300,0.741,45167200,0.74,27462700,0.739,26738800,0.738,27882700,0.743,10937000,0.744,114620500,0.745,143370700,0.746,103423100,0.747,60351500,1304,0,0
sh513130,9:35:58,1.76758E+12,9:37:02,1.76758E+12,0.743,0.7444,-0.1881,5742.66,0.8972,3.9805,0,0,0.743,1.02,0.742,47743300,0.741,45167200,0.74,27462700,0.739,26738800,0.738,27882700,0.743,10937000,0.744,114620500,0.745,143370700,0.746,103423100,0.747,60351500,272,0,0
sh513130,9:36:01,1.76758E+12,9:37:02,1.76758E+12,0.744,0.7444,-0.0537,5742.66,0.8972,3.2955,8329200,6188931,0.743,0.989,0.743,42623900,0.742,48688100,0.741,35237500,0.74,27515700,0.739,26733800,0.744,117697800,0.745,142586400,0.746,103602100,0.747,60447100,0.748,54129400,1261,0,0
sh513130,9:36:01,1.76758E+12,9:37:04,1.76758E+12,0.744,0.7444,-0.0537,5744.63,0.8972,2.8437,0,0,0.744,1.013,0.743,42623900,0.742,48688100,0.741,35237500,0.74,27515700,0.739,26733800,0.744,117697800,0.745,142586400,0.746,103602100,0.747,60447100,0.748,54129400,161,0,0
sh513130,9:36:01,1.76758E+12,9:37:04,1.76758E+12,0.744,0.7444,-0.0537,5744.63,0.8972,5.6351,0,0,0.744,0.987,0.743,42623900,0.742,48688100,0.741,35237500,0.74,27515700,0.739,26733800,0.744,117697800,0.745,142586400,0.746,103602100,0.747,60447100,0.748,54129400,1148,0,0
sh513130,9:36:04,1.76758E+12,9:37:06,1.76758E+12,0.743,0.7444,-0.1881,5745.13,0.8972,5.5843,5894300,4380050,0.7431,1.011,0.743,58604700,0.742,46298500,0.741,35265500,0.74,22377900,0.739,27727900,0.744,106486200,0.745,136470300,0.746,103174800,0.747,60335600,0.748,62364400,291,0,0
sh513130,9:36:01,1.76758E+12,9:37:06,1.76758E+12,0.744,0.7444,-0.0537,5745.13,0.8972,4.6601,0,0,0.744,0.998,0.743,42623900,0.742,48688100,0.741,35237500,0.74,27515700,0.739,26733800,0.744,117697800,0.745,142586400,0.746,103602100,0.747,60447100,0.748,54129400,992,0,1
sh513130,9:36:04,1.76758E+12,9:37:08,1.76758E+12,0.743,0.7444,-0.1881,5746.85,0.8972,3.3782,5894300,4380050,0.7431,1.001,0.743,58604700,0.742,46298500,0.741,35265500,0.74,22377900,0.739,27727900,0.744,106486200,0.745,136470300,0.746,103174800,0.747,60335600,0.748,62364400,285,0,0
sh513130,9:36:07,1.76758E+12,9:37:08,1.76758E+12,0.743,0.7444,-0.1881,5746.85,0.8972,3.3157,2773600,2060846,0.743,1.015,0.743,52596300,0.742,51811600,0.741,35265500,0.74,22438300,0.739,27727900,0.744,117313000,0.745,144445000,0.746,103794300,0.747,60152900,0.748,54703300,857,0,0
sh513130,9:36:04,1.76758E+12,9:37:10,1.76758E+12,0.743,0.7444,-0.1881,5745.48,0.8972,2.4655,0,0,0.743,0.991,0.743,58604700,0.742,46298500,0.741,35265500,0.74,22377900,0.739,27727900,0.744,106486200,0.745,136470300,0.746,103174800,0.747,60335600,0.748,62364400,258,0,1
sh513130,9:36:07,1.76758E+12,9:37:10,1.76758E+12,0.743,0.7444,-0.1881,5745.48,0.8972,2.4603,2773600,2060846,0.743,0.987,0.743,52596300,0.742,51811600,0.741,35265500,0.74,22438300,0.739,27727900,0.744,117313000,0.745,144445000,0.746,103794300,0.747,60152900,0.748,54703300,684,0,0
sh513130,9:36:10,1.76758E+12,9:37:12,1.76758E+12,0.743,0.7444,-0.1881,5744.75,0.8972,0.9994,2617800,1945380,0.7431,1.018,0.743,50223900,0.742,53237600,0.741,35465500,0.74,22167900,0.739,27727900,0.744,118749700,0.745,145552200,0.746,103828600,0.747,60158400,0.748,54723300,269,0,0
sh513130,9:36:10,1.76758E+12,9:37:12,1.76758E+12,0.743,0.7444,-0.1881,5744.75,0.8972,0.9796,0,0,0.743,1.017,0.743,50223900,0.742,53237600,0.741,35465500,0.74,22167900,0.739,27727900,0.744,118749700,0.745,145552200,0.746,103828600,0.747,60158400,0.748,54723300,568,0,0
sh513130,9:36:10,1.76758E+12,9:37:14,1.76758E+12,0.743,0.7444,-0.1881,5746.26,0.8972,1.3726,0,0,0.743,0.979,0.743,50223900,0.742,53237600,0.741,35465500,0.74,22167900,0.739,27727900,0.744,118749700,0.745,145552200,0.746,103828600,0.747,60158400,0.748,54723300,320,0,0
sh513130,9:36:10,1.76758E+12,9:37:14,1.76758E+12,0.743,0.7444,-0.1881,5746.26,0.8972,3.8557,0,0,0.743,1.015,0.743,50223900,0.742,53237600,0.741,35465500,0.74,22167900,0.739,27727900,0.744,118749700,0.745,145552200,0.746,103828600,0.747,60158400,0.748,54723300,406,0,0
sh513130,9:36:13,1.76758E+12,9:37:16,1.76758E+12,0.743,0.7445,-0.2015,5747.4,0.8972,3.1962,2885600,2144614,0.7432,0.989,0.743,36015300,0.742,53307800,0.741,35425500,0.74,22175900,0.739,27717200,0.744,118715300,0.745,148623700,0.746,104956200,0.747,59980600,0.748,54992000,302,0,0
sh513130,9:36:13,1.76758E+12,9:37:16,1.76758E+12,0.743,0.7445,-0.2015,5747.4,0.8972,3.3472,0,0,0.743,1,0.743,36015300,0.742,53307800,0.741,35425500,0.74,22175900,0.739,27717200,0.744,118715300,0.745,148623700,0.746,104956200,0.747,59980600,0.748,54992000,236,0,0
sh513130,9:36:16,1.76758E+12,9:37:18,1.76758E+12,0.743,0.7445,-0.2015,5748.73,0.8972,3.1937,2699500,2005760,0.743,1.027,0.743,33375600,0.742,53255300,0.741,35425500,0.74,22286900,0.739,27714200,0.744,118648700,0.745,147604200,0.746,105445300,0.747,60081100,0.748,55030000,243,0,0
sh513130,9:36:16,1.76758E+12,9:37:18,1.76758E+12,0.743,0.7445,-0.2015,5748.73,0.8972,3.0225,0,0,0.743,0.972,0.743,33375600,0.742,53255300,0.741,35425500,0.74,22286900,0.739,27714200,0.744,118648700,0.745,147604200,0.746,105445300,0.747,60081100,0.748,55030000,62,0,0
sh513130,9:36:16,1.76758E+12,9:37:20,1.76758E+12,0.743,0.7445,-0.2015,5745.3,0.8972,3.7107,0,0,0.743,1.013,0.743,33375600,0.742,53255300,0.741,35425500,0.74,22286900,0.739,27714200,0.744,118648700,0.745,147604200,0.746,105445300,0.747,60081100,0.748,55030000,279,0,0
sh513130,9:36:19,1.76758E+12,9:37:20,1.76758E+12,0.744,0.7444,-0.0537,5745.3,0.8972,3.6997,3915300,2909411,0.7431,1.002,0.743,6072300,0.742,53299000,0.741,35425500,0.74,22387200,0.739,27705700,0.744,117741200,0.745,140140100,0.746,106524800,0.747,60203000,0.748,62749600,1281,0,0
sh513130,9:36:19,1.76758E+12,9:37:22,1.76758E+12,0.744,0.7444,-0.0537,5744.39,0.8972,5.7675,0,0,0.744,0.998,0.743,6072300,0.742,53299000,0.741,35425500,0.74,22387200,0.739,27705700,0.744,117741200,0.745,140140100,0.746,106524800,0.747,60203000,0.748,62749600,331,0,0
sh513130,9:36:19,1.76758E+12,9:37:22,1.76758E+12,0.744,0.7444,-0.0537,5744.39,0.8972,5.6791,0,0,0.744,1.025,0.743,6072300,0.742,53299000,0.741,35425500,0.74,22387200,0.739,27705700,0.744,117741200,0.745,140140100,0.746,106524800,0.747,60203000,0.748,62749600,1355,0,0
sh513130,9:36:22,1.76758E+12,9:37:24,1.76758E+12,0.744,0.7444,-0.0537,5744.94,0.8972,4.2568,18988400,14108342,0.743,0.965,0.743,49230400,0.742,53290400,0.741,32425800,0.74,24627200,0.739,27705700,0.744,119142200,0.745,148845400,0.746,104642000,0.747,60197900,0.748,55210200,262,0,0
sh513130,9:36:22,1.76758E+12,9:37:24,1.76758E+12,0.744,0.7444,-0.0537,5744.94,0.8972,4.182,0,0,0.744,1.012,0.743,49230400,0.742,53290400,0.741,32425800,0.74,24627200,0.739,27705700,0.744,119142200,0.745,148845400,0.746,104642000,0.747,60197900,0.748,55210200,1274,0,0
sh513130,9:36:22,1.76758E+12,9:37:26,1.76758E+12,0.744,0.7444,-0.0537,5746.35,0.8972,4.6487,0,0,0.744,0.999,0.743,49230400,0.742,53290400,0.741,32425800,0.74,24627200,0.739,27705700,0.744,119142200,0.745,148845400,0.746,104642000,0.747,60197900,0.748,55210200,329,0,0
sh513130,9:36:25,1.76758E+12,9:37:26,1.76758E+12,0.743,0.7444,-0.1881,5746.35,0.8972,4.6216,13591500,10098551,0.743,1.001,0.743,195400,0.742,53056700,0.741,42414800,0.74,24489900,0.739,27705700,0.744,120956800,0.745,148739700,0.746,104455100,0.747,60195900,0.748,55090200,1329,0,0
sh513130,9:36:25,1.76758E+12,9:37:28,1.76758E+12,0.743,0.7444,-0.1881,5747.63,0.8972,4.5107,0,0,0.743,0.999,0.743,195400,0.742,53056700,0.741,42414800,0.74,24489900,0.739,27705700,0.744,120956800,0.745,148739700,0.746,104455100,0.747,60195900,0.748,55090200,267,0,0
sh513130,9:36:25,1.76758E+12,9:37:28,1.76758E+12,0.743,0.7444,-0.1881,5747.63,0.8972,3.4188,0,0,0.743,1.019,0.743,195400,0.742,53056700,0.741,42414800,0.74,24489900,0.739,27705700,0.744,120956800,0.745,148739700,0.746,104455100,0.747,60195900,0.748,55090200,1286,0,0
sh513130,9:36:25,1.76758E+12,9:37:30,1.76758E+12,0.743,0.7444,-0.1881,5747.69,0.8972,4.8961,0,0,0.743,0.991,0.743,195400,0.742,53056700,0.741,42414800,0.74,24489900,0.739,27705700,0.744,120956800,0.745,148739700,0.746,104455100,0.747,60195900,0.748,55090200,271,0,0
sh513130,9:36:28,1.76758E+12,9:37:30,1.76758E+12,0.743,0.7444,-0.1881,5747.69,0.8972,4.8142,2856300,2122609,0.7431,1.017,0.743,46789900,0.742,53720000,0.741,29907100,0.74,24425400,0.739,27855700,0.744,110414300,0.745,140315400,0.746,105126800,0.747,70166900,0.748,60055900,1288,0,0
sh513130,9:36:28,1.76758E+12,9:37:32,1.76758E+12,0.743,0.7444,-0.1881,5746.88,0.8972,2.0638,0,0,0.743,0.982,0.743,46789900,0.742,53720000,0.741,29907100,0.74,24425400,0.739,27855700,0.744,110414300,0.745,140315400,0.746,105126800,0.747,70166900,0.748,60055900,133,0,0
sh513130,9:36:31,1.76758E+12,9:37:32,1.76758E+12,0.743,0.7444,-0.1881,5746.88,0.8972,1.8667,4036000,2999361,0.7432,1.01,0.743,32774800,0.742,53821200,0.741,29807100,0.74,24425400,0.739,27861700,0.744,120716700,0.745,146344100,0.746,105170900,0.747,60237700,0.748,63224000,970,0,0
sh513130,9:36:31,1.76758E+12,9:37:34,1.76758E+12,0.743,0.7444,-0.1881,5746.31,0.8972,1.6208,0,0,0.743,1.017,0.743,32774800,0.742,53821200,0.741,29807100,0.74,24425400,0.739,27861700,0.744,120716700,0.745,146344100,0.746,105170900,0.747,60237700,0.748,63224000,0,0,0
sh513130,9:36:34,1.76758E+12,9:37:34,1.76758E+12,0.744,0.7451,-0.1476,5746.31,0.8972,2.4227,6946700,5161448,0.743,0.984,0.743,182400,0.742,53586800,0.741,48878700,0.74,24507600,0.739,27816700,0.744,128037900,0.745,148812400,0.746,105696600,0.747,60420500,0.748,55570400,984,0,0
sh513130,9:36:31,1.76758E+12,9:37:36,1.76758E+12,0.743,0.7444,-0.1881,5747.08,0.8972,3.9713,0,0,0.743,0.989,0.743,32774800,0.742,53821200,0.741,29807100,0.74,24425400,0.739,27861700,0.744,120716700,0.745,146344100,0.746,105170900,0.747,60237700,0.748,63224000,274,0,1
sh513130,9:36:34,1.76758E+12,9:37:36,1.76758E+12,0.744,0.7451,-0.1476,5747.08,0.8972,3.9003,6946700,5161448,0.743,1.127,0.743,182400,0.742,53586800,0.741,48878700,0.74,24507600,0.739,27816700,0.744,128037900,0.745,148812400,0.746,105696600,0.747,60420500,0.748,55570400,954,0,0
sh513130,9:36:34,1.76758E+12,9:37:38,1.76758E+12,0.744,0.7451,-0.1476,5746.59,0.8972,3.1765,0,0,0.744,0.933,0.743,182400,0.742,53586800,0.741,48878700,0.74,24507600,0.739,27816700,0.744,128037900,0.745,148812400,0.746,105696600,0.747,60420500,0.748,55570400,319,0,0
sh513130,9:36:37,1.76758E+12,9:37:38,1.76758E+12,0.743,0.7444,-0.1881,5746.59,0.8972,3.1172,6191900,4600622,0.743,0.977,0.743,30715200,0.742,51755500,0.741,38846000,0.74,24507600,0.739,27824900,0.744,113910200,0.745,154491300,0.746,104444300,0.747,70434800,0.748,55718500,691,0,0
sh513130,9:36:37,1.76758E+12,9:37:40,1.76758E+12,0.743,0.7444,-0.1881,5746.65,0.8972,2.49,0,0,0.743,0.983,0.743,30715200,0.742,51755500,0.741,38846000,0.74,24507600,0.739,27824900,0.744,113910200,0.745,154491300,0.746,104444300,0.747,70434800,0.748,55718500,297,0,0
sh513130,9:36:40,1.76758E+12,9:37:40,1.76758E+12,0.743,0.7444,-0.1881,5746.65,0.8972,2.5242,2307600,1714921,0.7432,0.99,0.743,40844900,0.742,46174000,0.741,38846000,0.74,24507600,0.739,27816100,0.744,114339400,0.745,147518200,0.746,105750200,0.747,70441900,0.748,63730100,529,0,0
sh513130,9:36:40,1.76758E+12,9:37:42,1.76758E+12,0.743,0.7444,-0.1881,5746.83,0.8972,2.0824,0,0,0.743,1.011,0.743,40844900,0.742,46174000,0.741,38846000,0.74,24507600,0.739,27816100,0.744,114339400,0.745,147518200,0.746,105750200,0.747,70441900,0.748,63730100,276,0,0
sh513130,9:36:40,1.76758E+12,9:37:42,1.76758E+12,0.743,0.7444,-0.1881,5746.83,0.8972,1.4344,0,0,0.743,1.001,0.743,40844900,0.742,46174000,0.741,38846000,0.74,24507600,0.739,27816100,0.744,114339400,0.745,147518200,0.746,105750200,0.747,70441900,0.748,63730100,284,0,0
sh513130,9:36:40,1.76758E+12,9:37:44,1.76758E+12,0.743,0.7444,-0.1881,5745.89,0.8972,1.4259,0,0,0.743,1,0.743,40844900,0.742,46174000,0.741,38846000,0.74,24507600,0.739,27816100,0.744,114339400,0.745,147518200,0.746,105750200,0.747,70441900,0.748,63730100,305,0,0
sh513130,9:36:43,1.76758E+12,9:37:44,1.76758E+12,0.743,0.7451,-0.2818,5745.89,0.8972,1.363,2040700,1516349,0.7431,1.008,0.743,37663700,0.742,51899400,0.741,38925000,0.74,24454300,0.739,28416100,0.744,116302700,0.745,146810200,0.746,106207000,0.747,70502800,0.748,64187500,258,0,0
sh513130,9:36:43,1.76758E+12,9:37:46,1.76758E+12,0.743,0.7451,-0.2818,5747.72,0.8972,1.8061,0,0,0.743,0.991,0.743,37663700,0.742,51899400,0.741,38925000,0.74,24454300,0.739,28416100,0.744,116302700,0.745,146810200,0.746,106207000,0.747,70502800,0.748,64187500,276,0,0
sh513130,9:36:43,1.76758E+12,9:37:46,1.76758E+12,0.743,0.7451,-0.2818,5747.72,0.8972,1.9279,0,0,0.743,1.006,0.743,37663700,0.742,51899400,0.741,38925000,0.74,24454300,0.739,28416100,0.744,116302700,0.745,146810200,0.746,106207000,0.747,70502800,0.748,64187500,99,0,0
sh513130,9:36:46,1.76758E+12,9:37:48,1.76758E+12,0.743,0.7451,-0.2818,5747.4,0.8972,1.3354,1355500,1007547,0.7433,0.997,0.743,43054900,0.742,47424300,0.741,38925000,0.74,24636300,0.739,28416100,0.744,118076700,0.745,147152800,0.746,106262000,0.747,70529800,0.748,63692400,316,0,0
sh513130,9:36:46,1.76758E+12,9:37:48,1.76758E+12,0.743,0.7451,-0.2818,5747.4,0.8972,2.5317,0,0,0.743,1.007,0.743,43054900,0.742,47424300,0.741,38925000,0.74,24636300,0.739,28416100,0.744,118076700,0.745,147152800,0.746,106262000,0.747,70529800,0.748,63692400,1323,0,0
sh513130,9:36:46,1.76758E+12,9:37:50,1.76758E+12,0.743,0.7451,-0.2818,5747.55,0.8972,1.2666,0,0,0.743,1,0.743,43054900,0.742,47424300,0.741,38925000,0.74,24636300,0.739,28416100,0.744,118076700,0.745,147152800,0.746,106262000,0.747,70529800,0.748,63692400,360,0,0
sh513130,9:36:46,1.76758E+12,9:37:50,1.76758E+12,0.743,0.7451,-0.2818,5747.55,0.8972,2.0713,0,0,0.743,1.011,0.743,43054900,0.742,47424300,0.741,38925000,0.74,24636300,0.739,28416100,0.744,118076700,0.745,147152800,0.746,106262000,0.747,70529800,0.748,63692400,1371,0,0
sh513130,9:36:49,1.76758E+12,9:37:52,1.76758E+12,0.743,0.7451,-0.2818,5749.83,0.8972,2.0564,3964900,2946815,0.7432,0.986,0.743,42327700,0.742,47424300,0.741,38915000,0.74,22865800,0.739,28416100,0.744,119291700,0.745,148108200,0.746,106246800,0.747,70979300,0.748,63838700,329,0,0
sh513130,9:36:52,1.76758E+12,9:37:52,1.76758E+12,0.743,0.7451,-0.2818,5749.83,0.8972,1.7105,3894900,2894993,0.7433,1.012,0.743,49142200,0.742,48629200,0.741,38916600,0.74,22398100,0.739,28397800,0.744,87869800,0.745,149231000,0.746,108070500,0.747,70996300,0.748,64018000,1341,0,0
sh513130,9:36:52,1.76758E+12,9:37:54,1.76758E+12,0.743,0.7451,-0.2818,5749.56,0.8972,1.9631,0,0,0.743,1.01,0.743,49142200,0.742,48629200,0.741,38916600,0.74,22398100,0.739,28397800,0.744,87869800,0.745,149231000,0.746,108070500,0.747,70996300,0.748,64018000,298,0,0
sh513130,9:36:52,1.76758E+12,9:37:54,1.76758E+12,0.743,0.7451,-0.2818,5749.56,0.8972,1.9276,0,0,0.743,0.992,0.743,49142200,0.742,48629200,0.741,38916600,0.74,22398100,0.739,28397800,0.744,87869800,0.745,149231000,0.746,108070500,0.747,70996300,0.748,64018000,1289,0,0
sh513130,9:36:52,1.76758E+12,9:37:56,1.76758E+12,0.743,0.7451,-0.2818,5749.57,0.8972,1.7896,0,0,0.743,1.006,0.743,49142200,0.742,48629200,0.741,38916600,0.74,22398100,0.739,28397800,0.744,87869800,0.745,149231000,0.746,108070500,0.747,70996300,0.748,64018000,348,0,0
sh513130,9:36:55,1.76758E+12,9:37:56,1.76758E+12,0.744,0.7451,-0.1476,5749.57,0.8972,2.5482,2371800,1762617,0.7432,0.996,0.743,41941000,0.742,54128700,0.741,38917600,0.74,22403100,0.739,28553900,0.744,116983000,0.745,149999800,0.746,108144900,0.747,71026300,0.748,64054800,1345,0,0
sh513130,9:36:55,1.76758E+12,9:37:58,1.76758E+12,0.744,0.7451,-0.1476,5749.54,0.8972,2.1855,0,0,0.744,1.025,0.743,41941000,0.742,54128700,0.741,38917600,0.74,22403100,0.739,28553900,0.744,116983000,0.745,149999800,0.746,108144900,0.747,71026300,0.748,64054800,307,0,0
sh513130,9:36:55,1.76758E+12,9:37:58,1.76758E+12,0.744,0.7451,-0.1476,5749.54,0.8972,3.0629,0,0,0.744,0.972,0.743,41941000,0.742,54128700,0.741,38917600,0.74,22403100,0.739,28553900,0.744,116983000,0.745,149999800,0.746,108144900,0.747,71026300,0.748,64054800,1278,0,0
sh513130,9:36:55,1.76758E+12,9:38:00,1.76758E+12,0.744,0.7451,-0.1476,5750.58,0.8972,2.9172,0,0,0.744,0.988,0.743,41941000,0.742,54128700,0.741,38917600,0.74,22403100,0.739,28553900,0.744,116983000,0.745,149999800,0.746,108144900,0.747,71026300,0.748,64054800,154,0,0
sh513130,9:36:58,1.76758E+12,9:38:00,1.76758E+12,0.743,0.7451,-0.2818,5750.58,0.8972,2.8622,2634800,1957865,0.7431,1.03,0.743,46241900,0.742,48545400,0.741,38879600,0.74,22435200,0.739,28553900,0.744,88472500,0.745,150147300,0.746,108160500,0.747,71041800,0.748,64130200,1183,0,0
sh513130,9:36:58,1.76758E+12,9:38:02,1.76758E+12,0.743,0.7451,-0.2818,5752.19,0.8972,2.2871,0,0,0.743,0.991,0.743,46241900,0.742,48545400,0.741,38879600,0.74,22435200,0.739,28553900,0.744,88472500,0.745,150147300,0.746,108160500,0.747,71041800,0.748,64130200,15,0,0
sh513130,9:37:01,1.76758E+12,9:38:02,1.76758E+12,0.744,0.7451,-0.1476,5752.19,0.8972,1.502,685000,508979,0.743,0.98,0.743,47763400,0.742,48382100,0.741,37000200,0.74,22456200,0.739,28553900,0.744,89504800,0.745,145211400,0.746,114779700,0.747,70560900,0.748,64354300,587,0,0
sh513130,9:37:01,1.76758E+12,9:38:04,1.76758E+12,0.744,0.7451,-0.1476,5752.57,0.8972,1.0117,0,0,0.744,1.02,0.743,47763400,0.742,48382100,0.741,37000200,0.74,22456200,0.739,28553900,0.744,89504800,0.745,145211400,0.746,114779700,0.747,70560900,0.748,64354300,307,0,0
sh513130,9:37:01,1.76758E+12,9:38:04,1.76758E+12,0.744,0.7451,-0.1476,5752.57,0.8972,0.9751,0,0,0.744,0.978,0.743,47763400,0.742,48382100,0.741,37000200,0.74,22456200,0.739,28553900,0.744,89504800,0.745,145211400,0.746,114779700,0.747,70560900,0.748,64354300,843,0,0
sh513130,9:37:04,1.76758E+12,9:38:06,1.76758E+12,0.743,0.7451,-0.2818,5752.82,0.8972,1.4916,3183700,2366383,0.7433,1.024,0.743,48136000,0.742,49622200,0.741,37027100,0.74,22456200,0.739,28573900,0.744,89529300,0.745,145564700,0.746,112227800,0.747,70521400,0.748,64619400,407,0,0
sh513130,9:37:04,1.76758E+12,9:38:06,1.76758E+12,0.743,0.7451,-0.2818,5752.82,0.8972,1.849,0,0,0.743,1.006,0.743,48136000,0.742,49622200,0.741,37027100,0.74,22456200,0.739,28573900,0.744,89529300,0.745,145564700,0.746,112227800,0.747,70521400,0.748,64619400,710,0,0
sh513130,9:37:04,1.76758E+12,9:38:08,1.76758E+12,0.743,0.7451,-0.2818,5751.59,0.8972,4.0269,0,0,0.743,0.99,0.743,48136000,0.742,49622200,0.741,37027100,0.74,22456200,0.739,28573900,0.744,89529300,0.745,145564700,0.746,112227800,0.747,70521400,0.748,64619400,330,0,0
sh513130,9:37:07,1.76758E+12,9:38:08,1.76758E+12,0.743,0.7451,-0.2818,5751.59,0.8972,3.4711,929100,690745,0.7435,1.01,0.743,47874400,0.742,49637200,0.741,37027900,0.74,22456200,0.739,28573900,0.744,90700300,0.745,144865600,0.746,114905800,0.747,70521400,0.748,64850700,551,0,0
sh513130,9:37:07,1.76758E+12,9:38:10,1.76758E+12,0.743,0.7451,-0.2818,5752.38,0.8972,3.4072,0,0,0.743,1,0.743,47874400,0.742,49637200,0.741,37027900,0.74,22456200,0.739,28573900,0.744,90700300,0.745,144865600,0.746,114905800,0.747,70521400,0.748,64850700,349,0,0
sh513130,9:37:07,1.76758E+12,9:38:10,1.76758E+12,0.743,0.7451,-0.2818,5752.38,0.8972,2.5404,0,0,0.743,0.988,0.743,47874400,0.742,49637200,0.741,37027900,0.74,22456200,0.739,28573900,0.744,90700300,0.745,144865600,0.746,114905800,0.747,70521400,0.748,64850700,339,0,0
sh513130,9:37:07,1.76758E+12,9:38:12,1.76758E+12,0.743,0.7451,-0.2818,5750.88,0.8972,2.123,0,0,0.743,1.014,0.743,47874400,0.742,49637200,0.741,37027900,0.74,22456200,0.739,28573900,0.744,90700300,0.745,144865600,0.746,114905800,0.747,70521400,0.748,64850700,332,0,0
sh513130,9:37:10,1.76758E+12,9:38:12,1.76758E+12,0.743,0.7451,-0.2818,5750.88,0.8972,4.4101,76273400,56747018,0.744,0.998,0.743,51975800,0.742,48546600,0.741,37132600,0.74,22439900,0.739,28698800,0.744,16169600,0.745,150845500,0.746,109394300,0.747,70191000,0.748,65162500,230,0,0
sh513130,9:37:10,1.76758E+12,9:38:14,1.76758E+12,0.743,0.7451,-0.2818,5751.86,0.8972,3.7008,0,0,0.743,1.001,0.743,51975800,0.742,48546600,0.741,37132600,0.74,22439900,0.739,28698800,0.744,16169600,0.745,150845500,0.746,109394300,0.747,70191000,0.748,65162500,337,0,0
sh513130,9:37:13,1.76758E+12,9:38:14,1.76758E+12,0.743,0.7451,-0.2818,5751.86,0.8972,2.934,3584100,2664363,0.7434,0.999,0.743,55489600,0.742,50660100,0.741,38120600,0.74,22444900,0.739,28649800,0.744,20327600,0.745,150562700,0.746,109497500,0.747,67892200,0.748,57575300,78,0,0
sh513130,9:37:13,1.76758E+12,9:38:16,1.76758E+12,0.743,0.7451,-0.2818,5751.38,0.8972,4.1516,0,0,0.743,0.992,0.743,55489600,0.742,50660100,0.741,38120600,0.74,22444900,0.739,28649800,0.744,20327600,0.745,150562700,0.746,109497500,0.747,67892200,0.748,57575300,361,0,0
sh513130,9:37:13,1.76758E+12,9:38:16,1.76758E+12,0.743,0.7451,-0.2818,5751.38,0.8972,4.0782,0,0,0.743,1.007,0.743,55489600,0.742,50660100,0.741,38120600,0.74,22444900,0.739,28649800,0.744,20327600,0.745,150562700,0.746,109497500,0.747,67892200,0.748,57575300,1369,0,0
sh513130,9:37:13,1.76758E+12,9:38:18,1.76758E+12,0.743,0.7451,-0.2818,5751.16,0.8972,4.5098,0,0,0.743,0.999,0.743,55489600,0.742,50660100,0.741,38120600,0.74,22444900,0.739,28649800,0.744,20327600,0.745,150562700,0.746,109497500,0.747,67892200,0.748,57575300,361,0,0
sh513130,9:37:16,1.76758E+12,9:38:18,1.76758E+12,0.744,0.7451,-0.1476,5751.16,0.8972,4.6894,2826900,2100490,0.743,1.001,0.743,53978100,0.742,54661400,0.741,38070600,0.74,22446900,0.739,28655800,0.744,57645900,0.745,150911100,0.746,109531700,0.747,67924600,0.748,57747300,1362,0,0
sh513130,9:37:16,1.76758E+12,9:38:20,1.76758E+12,0.744,0.7451,-0.1476,5750.1,0.8972,4.674,0,0,0.744,0.991,0.743,53978100,0.742,54661400,0.741,38070600,0.74,22446900,0.739,28655800,0.744,57645900,0.745,150911100,0.746,109531700,0.747,67924600,0.748,57747300,417,0,0
sh513130,9:37:19,1.76758E+12,9:38:20,1.76758E+12,0.743,0.7451,-0.2818,5750.1,0.8972,1.848,4453900,3310569,0.7433,1.008,0.743,51495600,0.742,54661700,0.741,37847100,0.74,22522200,0.739,28656800,0.744,58040200,0.745,151228900,0.746,109702300,0.747,67425800,0.748,57786200,1424,0,0
sh513130,9:37:19,1.76758E+12,9:38:22,1.76758E+12,0.743,0.7451,-0.2818,5751.34,0.8972,2.001,0,0,0.743,1.009,0.743,51495600,0.742,54661700,0.741,37847100,0.74,22522200,0.739,28656800,0.744,58040200,0.745,151228900,0.746,109702300,0.747,67425800,0.748,57786200,402,0,0
sh513130,9:37:19,1.76758E+12,9:38:22,1.76758E+12,0.743,0.7451,-0.2818,5751.34,0.8972,1.9345,0,0,0.743,0.994,0.743,51495600,0.742,54661700,0.741,37847100,0.74,22522200,0.739,28656800,0.744,58040200,0.745,151228900,0.746,109702300,0.747,67425800,0.748,57786200,1397,0,0
sh513130,9:37:22,1.76758E+12,9:38:24,1.76758E+12,0.743,0.7457,-0.3621,5751.11,0.8972,2.1004,10330300,7684418,0.7439,1.021,0.743,52997800,0.742,52914400,0.741,36931700,0.74,22571300,0.739,28670300,0.744,19896200,0.745,151447200,0.746,109743600,0.747,67578000,0.748,57706000,428,0,0
sh513130,9:37:22,1.76758E+12,9:38:24,1.76758E+12,0.743,0.7457,-0.3621,5751.11,0.8972,2.0165,0,0,0.743,0.985,0.743,52997800,0.742,52914400,0.741,36931700,0.74,22571300,0.739,28670300,0.744,19896200,0.745,151447200,0.746,109743600,0.747,67578000,0.748,57706000,1413,0,0
sh513130,9:37:22,1.76758E+12,9:38:26,1.76758E+12,0.743,0.7457,-0.3621,5752.37,0.8972,1.9773,0,0,0.743,1.039,0.743,52997800,0.742,52914400,0.741,36931700,0.74,22571300,0.739,28670300,0.744,19896200,0.745,151447200,0.746,109743600,0.747,67578000,0.748,57706000,354,0,0
sh513130,9:37:25,1.76758E+12,9:38:26,1.76758E+12,0.744,0.7457,-0.228,5752.37,0.8972,1.966,3078100,2288188,0.7434,0.964,0.743,51819500,0.742,52452900,0.741,37026700,0.74,22601300,0.739,28670300,0.744,18411500,0.745,151634700,0.746,109861000,0.747,67509600,0.748,57879400,1318,0,0
sh513130,9:37:25,1.76758E+12,9:38:28,1.76758E+12,0.744,0.7457,-0.228,5750.02,0.8972,0.7386,0,0,0.744,1.005,0.743,51819500,0.742,52452900,0.741,37026700,0.74,22601300,0.739,28670300,0.744,18411500,0.745,151634700,0.746,109861000,0.747,67509600,0.748,57879400,173,0,0
