symbol,tx_server_time,tx_local_time,index_price,fx_rate,sentiment,price,iopv,premium_rate,tick_vol,tick_amt,tick_vwap,bp1,bv1,bp2,bv2,bp3,bv3,bp4,bv4,bp5,bv5,sp1,sv1,sp2,sv2,sp3,sv3,sp4,sv4,sp5,sv5,idx_delay_ms,fut_delay_ms,data_flags
sh513130,09:29:47,1769563790264,,0.8913,0.0,0.745,0.745,0.0,0,0,0.745,0.744,18684400,0.743,33920100,0.742,19827300,0.741,35337800,0.740,33056700,0.745,10547900,0.746,31982000,0.747,27247600,0.748,36783200,0.749,27992100,99999,99999,1
sh513130,09:29:50,1769563793567,,0.8913,0.0,0.745,0.745,0.0,0,0,0.745,0.744,18684400,0.743,33920100,0.742,19827300,0.741,35337800,0.740,33056700,0.745,10547900,0.746,31982000,0.747,27247600,0.748,36783200,0.749,27992100,99999,99999,0
sh513130,09:29:53,1769563800304,,0.8913,0.0,0.745,0.745,0.0,0,0,0.745,0.744,18684400,0.743,33920100,0.742,19827300,0.741,35337800,0.740,33056700,0.745,10547900,0.746,31982000,0.747,27247600,0.748,36783200,0.749,27992100,99999,99999,0
sh513130,09:29:56,1769563800315,,0.8913,0.0,0.745,0.745,0.0,0,0,0.745,0.744,18684400,0.743,33920100,0.742,19827300,0.741,35337800,0.740,33056700,0.745,10547900,0.746,31982000,0.747,27247600,0.748,36783200,0.749,27992100,99999,99999,0
sh513130,09:29:59,1769563804635,,0.8913,0.0,0.745,0.745,0.0,0,0,0.745,0.744,18684400,0.743,33920100,0.742,19827300,0.741,35337800,0.740,33056700,0.745,10547900,0.746,31982000,0.747,27247600,0.748,36783200,0.749,27992100,99999,99999,0
sh513130,09:30:02,1769563807279,,0.0,0.0,0.745,0.745,0.0,6244100,4651799,0.745,0.744,29552700,0.743,35690800,0.742,25949100,0.741,35367800,0.740,33059300,0.745,8010300,0.746,27364000,0.747,30394500,0.748,36790400,0.749,27189000,99999,99999,0
sh513130,09:30:05,1769563809295,,0.0,0.0,0.745,0.745,0.0,3565100,2655778,0.7449,0.744,36506900,0.743,37492700,0.742,28430200,0.741,37743100,0.740,32927100,0.745,8099900,0.746,29183200,0.747,33146200,0.748,39733500,0.749,27292000,99999,99999,0
sh513130,09:30:08,1769563812609,,0.0,0.0,0.745,0.7456,-0.0805,13006900,9691991,0.7451,0.744,34778000,0.743,28949300,0.742,28854700,0.741,37756100,0.740,33427900,0.745,32300,0.746,31512400,0.747,35152300,0.748,40283600,0.749,27922900,99999,99999,0
sh513130,09:30:11,1769563814628,,0.0,0.0,0.744,0.7456,-0.2146,3439700,2562640,0.745,0.744,35142600,0.743,27062400,0.742,29256400,0.741,35607800,0.740,33931200,0.745,911000,0.746,32248100,0.747,34661500,0.748,39578600,0.749,29124000,99999,99999,0
sh513130,09:30:14,1769563825072,,0.8913,1.7855,0.745,0.7476,-0.3478,4727700,3522104,0.745,0.745,2234700,0.744,34309000,0.743,26612600,0.742,30076200,0.741,36606900,0.746,37210200,0.747,34910400,0.748,39832900,0.749,30075900,0.750,34876400,99999,99999,0
sh513130,09:30:20,1769563825083,,0.8913,1.7855,0.746,0.7476,-0.214,4049900,3017713,0.7451,0.745,9277800,0.744,39760800,0.743,22659400,0.742,30388700,0.741,37676700,0.746,33268800,0.747,41055300,0.748,49291000,0.749,31795900,0.750,36341500,99999,99999,0
sh513130,09:30:41,1769563846901,,0.0,0.0,0.745,0.7483,-0.441,20810600,15519548,0.7458,0.745,35517100,0.744,56376600,0.743,33889500,0.742,32167000,0.741,37412600,0.746,12925900,0.747,46422700,0.748,73297800,0.749,64443100,0.750,43647900,99999,99999,0
sh513130,09:30:44,1769563847922,,0.0,0.0,0.745,0.7483,-0.441,1155000,860549,0.7451,0.745,36489800,0.744,54583700,0.743,32731700,0.742,32180700,0.741,36626000,0.746,14404300,0.747,58034100,0.748,83587600,0.749,54492400,0.750,47691200,99999,99999,0
sh513130,09:30:47,1769563851477,,0.8913,0.0,0.745,0.7483,-0.441,7584800,5656846,0.7458,0.745,38900600,0.744,55630600,0.743,34500900,0.742,33472100,0.741,36467000,0.746,13570300,0.747,71864500,0.748,73632300,0.749,54782500,0.750,41471000,99999,99999,0
sh513130,09:30:50,1769563854810,,0.8913,0.0,0.746,0.7483,-0.3074,5259600,3921850,0.7457,0.745,30357600,0.744,54764000,0.743,36306600,0.742,36459800,0.741,38564200,0.746,21311300,0.747,63561600,0.748,74753300,0.749,54687700,0.750,41703600,99999,99999,0
sh513130,09:30:53,1769563861541,,0.8913,0.0,0.746,0.7476,-0.214,2580600,1924894,0.7459,0.745,38027000,0.744,54044900,0.743,35310700,0.742,34423800,0.741,38607000,0.746,44056900,0.747,74880300,0.748,72906900,0.749,55603800,0.750,40939400,99999,99999,0
sh513130,09:30:56,1769563861555,,0.8913,0.0,0.746,0.7476,-0.214,2069000,1542346,0.7455,0.745,38297000,0.744,55097300,0.743,35827700,0.742,34344600,0.741,38654500,0.746,15005200,0.747,73650200,0.748,73046200,0.749,57581700,0.750,41120400,99999,99999,0
sh513130,09:30:59,1769563863077,,0.8913,0.0,0.746,0.7483,-0.3074,16806700,12537687,0.746,0.746,1933300,0.745,37905800,0.744,53971900,0.743,35729100,0.742,35651800,0.747,70533500,0.748,73027700,0.749,57621100,0.750,45244900,0.751,24623700,99999,99999,0
sh513130,09:31:02,1769563866557,,0.8913,0.0,0.746,0.7483,-0.3074,3891600,2903134,0.746,0.745,38851800,0.744,53868500,0.743,35433900,0.742,35651800,0.741,39054500,0.746,19012500,0.747,66990500,0.748,73237700,0.749,58464300,0.750,49197100,99999,99999,0
sh513130,09:31:05,1769563868790,,0.8913,0.0,0.746,0.7476,-0.214,3942800,2941678,0.7461,0.745,42158300,0.744,54253900,0.743,35308900,0.742,36627100,0.741,39118400,0.746,10700,0.747,66482400,0.748,73280700,0.749,59297500,0.750,50107100,99999,99999,0
sh513130,09:31:08,1769563872911,,0.8913,0.0,0.746,0.7483,-0.3074,1208400,901466,0.746,0.745,43073300,0.744,54228400,0.743,35140300,0.742,36647100,0.741,39118400,0.746,1076500,0.747,66919200,0.748,73302700,0.749,59300500,0.750,50154600,99999,99999,0
sh513130,09:31:35,1769563900738,,0.8913,0.0,0.746,0.7483,-0.3074,55151900,41171576,0.7465,0.746,28628400,0.745,33300000,0.744,48561000,0.743,23198000,0.742,31948300,0.747,20592400,0.748,67957700,0.749,50461300,0.750,54118700,0.751,27376400,99999,99999,0
sh513130,09:31:38,1769563900751,,0.8913,0.0,0.747,0.7483,-0.1737,1817700,1357498,0.7468,0.746,31108500,0.745,33406400,0.744,48376000,0.743,23490000,0.742,31950300,0.747,14799700,0.748,67192800,0.749,50592400,0.750,55119700,0.751,27460000,99999,99999,0
sh513130,09:31:41,1769563904431,,0.8913,0.0,0.747,0.7483,-0.1737,2918700,2180132,0.747,0.746,31762800,0.745,33281800,0.744,48366100,0.743,23352000,0.742,31950300,0.747,27755300,0.748,58387100,0.749,51439600,0.750,56350200,0.751,27566500,99999,99999,0
sh513130,09:31:44,1769563909390,,0.8913,0.0,0.746,0.749,-0.4005,2595300,1938555,0.7469,0.746,31916800,0.745,33387700,0.744,48380800,0.743,23337800,0.742,31595800,0.747,18290000,0.748,69988700,0.749,51436000,0.750,55635600,0.751,27786500,99999,99999,0
sh513130,09:31:47,1769563910995,,0.8913,0.7347,0.746,0.749,-0.4005,3888600,2904665,0.747,0.746,36394600,0.745,34074100,0.744,49453200,0.743,24337700,0.742,31595800,0.747,24961500,0.748,59867000,0.749,52337800,0.750,56816600,0.751,27849800,99999,99999,0
sh513130,09:31:50,1769563914182,,0.8913,0.7347,0.747,0.7483,-0.1737,5096300,3806933,0.747,0.746,33386800,0.745,33764900,0.744,49454400,0.743,27219700,0.742,31195800,0.747,20991600,0.748,60684500,0.749,53186100,0.750,56016500,0.751,27857100,99999,99999,0
sh513130,09:31:53,1769563916203,,0.8913,0.0,0.746,0.7483,-0.3074,934400,697286,0.7462,0.746,29041600,0.745,32907400,0.744,48696500,0.743,27702800,0.742,32195800,0.747,24041700,0.748,61877000,0.749,53308800,0.750,56122800,0.751,27878100,99999,99999,0
sh513130,09:31:56,1769563919525,,0.8913,0.6371,0.747,0.7483,-0.1737,1285400,959512,0.7465,0.746,29320800,0.745,33259700,0.744,48672700,0.743,27716500,0.742,32328900,0.747,25729300,0.748,62241000,0.749,54159900,0.750,56170300,0.751,27777800,99999,99999,0
sh513130,09:31:53,1769563919601,,0.8913,0.6371,0.746,0.7483,-0.3074,0,0,0.746,0.746,29041600,0.745,32907400,0.744,48696500,0.743,27702800,0.742,32195800,0.747,24041700,0.748,61877000,0.749,53308800,0.750,56122800,0.751,27878100,99999,99999,2
sh513130,09:31:56,1769563920543,,0.8913,0.6371,0.747,0.7483,-0.1737,0,0,0.747,0.746,29320800,0.745,33259700,0.744,48672700,0.743,27716500,0.742,32328900,0.747,25729300,0.748,62241000,0.749,54159900,0.750,56170300,0.751,27777800,99999,99999,0
sh513130,09:31:59,1769563923081,,0.0,0.0,0.747,0.7483,-0.1737,1262600,943097,0.7469,0.746,46079900,0.745,51984000,0.744,67584600,0.743,27682500,0.742,31316100,0.747,43894200,0.748,81454700,0.749,54495600,0.750,56397200,0.751,27822300,99999,99999,0
sh513130,09:32:02,1769563925935,,0.0,0.0,0.747,0.7483,-0.1737,8170800,6102578,0.7469,0.746,45479000,0.745,52971300,0.744,67531800,0.743,26704500,0.742,31359700,0.747,43139400,0.748,84660100,0.749,55626000,0.750,56708100,0.751,27825800,99999,99999,0
sh513130,09:32:05,1769563929209,,0.0,0.0,0.747,0.7477,-0.0936,14602300,10907908,0.747,0.746,49487000,0.745,52978300,0.744,67543800,0.743,23651300,0.742,32667700,0.747,15123200,0.748,94902300,0.749,57497800,0.750,56652300,0.751,27932100,99999,99999,0
sh513130,09:32:08,1769563932194,,0.0,0.0,0.746,0.7483,-0.3074,642600,479907,0.7468,0.746,48742900,0.745,52698000,0.744,67544500,0.743,25651300,0.742,32472700,0.747,17818000,0.748,94970400,0.749,61612800,0.750,56706800,0.751,28007100,99999,99999,0
sh513130,09:32:11,1769563935290,,0.8913,0.0,0.746,0.7483,-0.3074,402700,300735,0.7468,0.746,51140700,0.745,52692000,0.744,67179400,0.743,26835400,0.742,32472700,0.747,32648400,0.748,85020000,0.749,62757200,0.750,57272400,0.751,28666900,99999,99999,0
sh513130,09:32:14,1769563937533,,0.8913,0.0,0.746,0.7477,-0.2274,397400,296717,0.7466,0.746,50909500,0.745,53065300,0.744,67179400,0.743,26835400,0.742,32472700,0.747,34669400,0.748,85314600,0.749,63598100,0.750,57325100,0.751,28794300,99999,99999,0
sh513130,09:32:35,1769563958732,,0.0,1.4884,0.746,0.7477,-0.2274,41893700,31293889,0.747,0.746,55152700,0.745,58228500,0.744,62473900,0.743,28280800,0.742,32435800,0.747,43694400,0.748,76549800,0.749,64045900,0.750,56976700,0.751,29617700,99999,99999,0
sh513130,09:32:38,1769563963514,,0.8913,1.1193,0.747,0.7477,-0.0936,1500700,1120849,0.7469,0.746,56059900,0.745,58177700,0.744,59474200,0.743,28295800,0.742,32412000,0.747,44377400,0.748,76823700,0.749,64193300,0.750,57299000,0.751,29617800,99999,99999,0
sh513130,09:32:41,1769563968435,,0.8913,0.0,0.747,0.7477,-0.0936,118700,88640,0.7468,0.746,55834600,0.745,58290500,0.744,59749200,0.743,28636300,0.742,32407000,0.747,45000400,0.748,77422100,0.749,65032300,0.750,57591200,0.751,29638300,99999,99999,0
sh513130,09:32:44,1769563968447,,0.8913,0.0,0.746,0.7477,-0.2274,197600,147522,0.7466,0.746,58744000,0.745,58696000,0.744,60159100,0.743,28686500,0.742,32407000,0.747,47675300,0.748,77887300,0.749,65926800,0.750,57659400,0.751,29661700,99999,99999,0
sh513130,09:32:47,1769563969669,,0.8913,0.0,0.747,0.7477,-0.0936,157300,117386,0.7463,0.746,41692000,0.745,58787500,0.744,60755200,0.743,28574700,0.742,32407000,0.747,58764900,0.748,78910700,0.749,64866800,0.750,49315000,0.751,29695400,99999,99999,0
sh513130,09:32:50,1769563974770,,0.8913,0.0,0.746,0.7477,-0.2274,167700,125186,0.7465,0.746,23929400,0.745,57737200,0.744,59013500,0.743,31066100,0.742,32507800,0.747,59456500,0.748,81283900,0.749,64532900,0.750,49465700,0.751,29696900,99999,99999,0
sh513130,09:32:53,1769563979116,,0.8913,0.0,0.746,0.747,-0.1339,1832100,1367225,0.7463,0.746,21922000,0.745,57742000,0.744,59113500,0.743,31063600,0.742,32720300,0.747,63129900,0.748,81583100,0.749,64490800,0.750,49623100,0.751,29826900,99999,99999,0
sh513130,09:32:56,1769563980659,,0.8913,0.0,0.746,0.747,-0.1339,1899600,1417282,0.7461,0.746,22143600,0.745,57672800,0.744,59110400,0.743,31051200,0.742,32720300,0.747,66083400,0.748,82976300,0.749,65027600,0.750,49574600,0.751,30126100,99999,99999,0
sh513130,09:33:50,1769564034690,,0.8913,0.0,0.746,0.7464,-0.0536,36014300,26861283,0.7459,0.745,57978700,0.744,61774700,0.743,48094300,0.742,37153300,0.741,35127700,0.746,58986500,0.747,64243800,0.748,84416700,0.749,51542000,0.750,53035200,99999,99999,0
sh513130,09:33:53,1769564038009,,0.8913,0.0,0.745,0.7464,-0.1876,1802500,1343188,0.7452,0.745,57526400,0.744,61984700,0.743,48164300,0.742,37081700,0.741,35200400,0.746,59089400,0.747,64036800,0.748,84585900,0.749,51546400,0.750,53235500,99999,99999,0
sh513130,09:34:02,1769564045888,,0.8913,0.0,0.745,0.7464,-0.1876,3758700,2800589,0.7451,0.745,58274800,0.744,63169600,0.743,48415400,0.742,36206300,0.741,35200400,0.746,53917800,0.747,64341500,0.748,83594000,0.749,53773700,0.750,53596400,99999,99999,0
sh513130,09:34:05,1769564048107,,0.8913,0.0,0.745,0.747,-0.2677,1224700,912454,0.745,0.745,62499800,0.744,63193500,0.743,48483700,0.742,33206300,0.741,35200400,0.746,54917000,0.747,64707000,0.748,85126300,0.749,53958700,0.750,53984600,99999,99999,0
sh513130,09:34:08,1769564051608,,0.8913,0.0,0.745,0.7464,-0.1876,958100,714621,0.7459,0.745,58317900,0.744,63233800,0.743,48510500,0.742,33214300,0.741,35180400,0.746,58125100,0.747,56179200,0.748,85239400,0.749,53921500,0.750,53990800,99999,99999,0
sh513130,09:34:11,1769564055920,,0.8913,0.0,0.746,0.7464,-0.0536,821900,612393,0.7451,0.745,55342800,0.744,63353100,0.743,48570600,0.742,36527700,0.741,35380400,0.746,58745000,0.747,56249000,0.748,85293000,0.749,53924500,0.750,54005900,99999,99999,0
sh513130,09:34:14,1769564059264,,0.8913,0.0,0.746,0.7464,-0.0536,270900,201864,0.7452,0.745,56202000,0.744,63453100,0.743,48600600,0.742,36527700,0.741,35380400,0.746,60943300,0.747,56411100,0.748,85451600,0.749,53939500,0.750,54090800,99999,99999,0
sh513130,09:34:17,1769564062572,,0.8913,0.0,0.745,0.7464,-0.1876,124700,92903,0.745,0.745,57196400,0.744,65463600,0.743,48784600,0.742,36269900,0.741,35381400,0.746,61555300,0.747,55361900,0.748,86291000,0.749,53952500,0.750,54094000,99999,99999,0
sh513130,09:34:20,1769564063585,,0.8913,0.0,0.745,0.7464,-0.1876,641300,477928,0.7452,0.745,56509200,0.744,65456600,0.743,48685900,0.742,36269900,0.741,35381400,0.746,61690300,0.747,56161200,0.748,87214000,0.749,53952500,0.750,54096600,99999,99999,0
sh513130,09:34:23,1769564067908,,0.8913,0.0,0.746,0.7464,-0.0536,320700,239242,0.746,0.745,57530300,0.744,65430800,0.743,48685900,0.742,36319900,0.741,35381400,0.746,47548400,0.747,57338400,0.748,87296800,0.749,53962500,0.750,54212900,99999,99999,0
sh513130,09:34:26,1769564068922,,0.8913,0.0,0.745,0.7464,-0.1876,130500,97245,0.7452,0.745,58315700,0.744,65450600,0.743,48686900,0.742,36319900,0.741,35381400,0.746,47426100,0.747,58238000,0.748,87302500,0.749,53973200,0.750,53946600,99999,99999,0
sh513130,09:34:29,1769564074637,,0.8913,0.0,0.745,0.7464,-0.1876,101400,75572,0.7453,0.745,55189400,0.744,65504600,0.743,48688200,0.742,36176600,0.741,35379900,0.746,52071100,0.747,59279000,0.748,87488300,0.749,53985900,0.750,54129500,99999,99999,0
sh513130,09:34:38,1769564085167,,0.0,0.0,0.746,0.7464,-0.0536,1353700,1009012,0.7454,0.745,64303500,0.744,67234800,0.743,48768900,0.742,36231300,0.741,35379900,0.746,60057800,0.747,66791800,0.748,92611100,0.749,53987900,0.750,54510700,99999,99999,0
sh513130,09:34:41,1769564085180,,0.0,0.0,0.745,0.7464,-0.1876,1341300,999591,0.7452,0.745,63195000,0.744,65229400,0.743,48779200,0.742,33241600,0.741,35379900,0.746,60342900,0.747,61044700,0.748,92666400,0.749,54008900,0.750,54525900,99999,99999,0
sh513130,09:34:44,1769564089179,,0.0,0.0,0.746,0.7464,-0.0536,215500,160735,0.7459,0.745,59166800,0.744,65282000,0.743,48824000,0.742,36241600,0.741,35379900,0.746,68653900,0.747,63883500,0.748,92850600,0.749,53988600,0.750,54994500,99999,99999,0
sh513130,09:34:47,1769564090710,,0.0,0.0,0.745,0.7464,-0.1876,477300,355644,0.7451,0.745,63105400,0.744,65282000,0.743,48874000,0.742,36241600,0.741,35379900,0.746,68248700,0.747,63887000,0.748,92843100,0.749,54034600,0.750,55099700,99999,99999,0
sh513130,09:34:50,1769564093987,,0.0,0.0,0.746,0.7464,-0.0536,474800,354041,0.7457,0.745,63415800,0.744,65382600,0.743,48824100,0.742,36328900,0.741,35379900,0.746,68294000,0.747,64219900,0.748,93181900,0.749,54261300,0.750,55213700,99999,99999,0
sh513130,09:34:47,1769564093999,,0.0,0.0,0.745,0.7464,-0.1876,0,0,0.745,0.745,63105400,0.744,65282000,0.743,48874000,0.742,36241600,0.741,35379900,0.746,68248700,0.747,63887000,0.748,92843100,0.749,54034600,0.750,55099700,99999,99999,2
sh513130,09:34:56,1769564099704,,0.0,0.0,0.746,0.7464,-0.0536,768300,572611,0.7453,0.745,66656300,0.744,65616100,0.743,48658600,0.742,36318900,0.741,35379900,0.746,70925700,0.747,65875800,0.748,93951000,0.749,54459200,0.750,55434900,99999,99999,0
sh513130,09:34:53,1769564099716,,0.0,0.0,0.745,0.7464,-0.1876,0,0,0.745,0.745,66124100,0.744,65615100,0.743,48676800,0.742,36328900,0.741,35379900,0.746,70701800,0.747,65143400,0.748,93523000,0.749,54454200,0.750,55284000,99999,99999,2
sh513130,09:35:17,1769564120847,,0.8913,0.0,0.745,0.7458,-0.1073,41450100,30879700,0.745,0.745,450700,0.744,94050800,0.743,61962100,0.742,42720400,0.741,43547900,0.746,97249700,0.747,100772800,0.748,95081900,0.749,48597900,0.750,56155100,99999,99999,0
sh513130,09:35:23,1769564127197,,0.8913,0.0,0.745,0.7458,-0.1073,4340100,3233003,0.7449,0.744,94565800,0.743,64212100,0.742,42720400,0.741,43550100,0.740,40803600,0.745,19120000,0.746,98145800,0.747,84073700,0.748,95564200,0.749,48592900,99999,99999,0
sh513130,09:35:29,1769564133216,,0.8913,0.0,0.746,0.7458,0.0268,3255600,2425424,0.745,0.745,69054300,0.744,94825000,0.743,64212100,0.742,39686800,0.741,43550100,0.746,97064700,0.747,101376000,0.748,95597600,0.749,48588900,0.750,56348700,99999,99999,0
sh513130,09:35:35,1769564138567,,0.8913,0.0,0.745,0.7458,-0.1073,1368900,1020189,0.7453,0.745,67898100,0.744,94977500,0.743,64196400,0.742,39686800,0.741,43530100,0.746,95883000,0.747,101524400,0.748,95723400,0.749,48833900,0.750,56517700,99999,99999,0
sh513130,09:35:41,1769564144912,,0.8913,0.0,0.746,0.7458,0.0268,2722300,2028221,0.745,0.745,7607100,0.744,95249300,0.743,63814900,0.742,41833700,0.741,43590400,0.746,97158100,0.747,104231000,0.748,96441400,0.749,48866300,0.750,56493300,99999,99999,0
sh513130,09:35:44,1769564150928,,0.8913,0.0,0.746,0.7458,0.0268,471000,351044,0.7453,0.745,70533100,0.744,95381500,0.743,63889900,0.742,39755300,0.741,43630400,0.746,100954000,0.747,104812000,0.748,96372200,0.749,48871300,0.750,56597800,99999,99999,0
sh513130,09:35:47,1769564150945,,0.8913,0.0,0.745,0.7458,-0.1073,1103200,821939,0.745,0.745,72371600,0.744,95508100,0.743,63907900,0.742,39755300,0.741,43630400,0.746,92799000,0.747,105292500,0.748,96598200,0.749,55140300,0.750,56611400,99999,99999,0
sh513130,09:35:50,1769564154628,,0.8913,0.0,0.745,0.7458,-0.1073,673300,501974,0.7455,0.745,74173700,0.744,95508100,0.743,64061600,0.742,39758300,0.741,44532200,0.746,97924900,0.747,106163300,0.748,97762900,0.749,55144300,0.750,56632900,99999,99999,0
sh513130,09:35:56,1769564159832,,0.0,0.0,0.745,0.7464,-0.1876,1494200,1114352,0.7458,0.745,75848100,0.744,95840300,0.743,63368600,0.742,39752300,0.741,44622200,0.746,107066400,0.747,107137600,0.748,97839400,0.749,48878300,0.750,56609500,99999,99999,0
sh513130,09:35:59,1769564164864,,0.0,0.0,0.745,0.7464,-0.1876,1693300,1261808,0.7452,0.745,75000200,0.744,95855500,0.743,63637700,0.742,39753300,0.741,44622200,0.746,106876000,0.747,107594700,0.748,97837400,0.749,49868000,0.750,56616000,99999,99999,0
sh513130,09:36:02,1769564164881,,0.0,0.0,0.746,0.7464,-0.0536,111600,83146,0.745,0.745,43864700,0.744,97809900,0.743,65617700,0.742,39853300,0.741,44622200,0.746,110418000,0.747,110710000,0.748,97680400,0.749,49868500,0.750,56794900,99999,99999,0
sh513130,09:36:05,1769564169136,,0.8913,0.0,0.745,0.7465,-0.2009,1195200,890427,0.745,0.745,68303900,0.744,97913900,0.743,65617700,0.742,39857800,0.741,44622200,0.746,112369700,0.747,109726100,0.748,97400700,0.749,49883900,0.750,56793000,99999,99999,0
sh513130,09:36:08,1769564170905,,0.8913,0.0,0.745,0.7458,-0.1073,285700,212912,0.7452,0.745,17111400,0.744,97913900,0.743,65550400,0.742,41941200,0.741,44622200,0.746,112968800,0.747,110723300,0.748,97476800,0.749,51345100,0.750,56723900,99999,99999,0
sh513130,09:36:11,1769564176626,,0.8913,0.0,0.744,0.7458,-0.2414,10060800,7495296,0.745,0.744,95913900,0.743,66550400,0.742,41944200,0.741,44617100,0.740,42978700,0.745,58903400,0.746,105767500,0.747,88834300,0.748,94427600,0.749,48771100,99999,99999,0
sh513130,09:36:14,1769564176642,,0.8913,0.0,0.745,0.7458,-0.1073,488200,363646,0.7449,0.744,95764000,0.743,66554400,0.742,43924200,0.741,44617100,0.740,42978700,0.745,13381500,0.746,107368200,0.747,104449900,0.748,94427800,0.749,48781200,99999,99999,0
sh513130,09:36:38,1769564202857,,0.8913,0.0,0.745,0.7458,-0.1073,23339400,17387184,0.745,0.745,67720300,0.744,98959800,0.743,66246700,0.742,44320100,0.741,44683200,0.746,98826900,0.747,106326900,0.748,86751300,0.749,49063600,0.750,57998300,99999,99999,0
sh513130,09:36:41,1769564229482,,0.0,0.0,0.745,0.7458,-0.1073,10960800,8165684,0.745,0.744,97065700,0.743,67300500,0.742,44320100,0.741,44691200,0.740,43232300,0.745,9605400,0.746,99819300,0.747,108677600,0.748,86698600,0.749,49053600,99999,99999,0
sh513130,09:37:05,1769564229500,,0.0,0.0,0.744,0.7458,-0.2414,12105700,9018263,0.745,0.744,97852400,0.743,72804600,0.742,48078100,0.741,45261200,0.740,44268800,0.745,98591800,0.746,95841500,0.747,81429600,0.748,74037700,0.749,49649800,99999,99999,0
sh513130,09:37:08,1769564230720,,0.8913,0.0,0.744,0.7451,-0.1476,82100,61092,0.7441,0.744,57840700,0.743,86743900,0.742,77075200,0.741,48377500,0.740,44268800,0.745,98899500,0.746,95457300,0.747,81420600,0.748,72715800,0.749,49649800,99999,99999,0
sh513130,09:37:11,1769564235839,,0.8913,0.0,0.745,0.7451,-0.0134,38200,28446,0.7447,0.744,76153100,0.743,86553900,0.742,77575200,0.741,49377500,0.740,44249800,0.745,101567800,0.746,97353100,0.747,81374400,0.748,72800800,0.749,49664200,99999,99999,0
sh513130,09:37:20,1769564244858,,0.8913,0.0,0.745,0.7451,-0.0134,4162300,3097300,0.7441,0.744,85122100,0.743,87231200,0.742,77587900,0.741,49260200,0.740,43766500,0.745,105353600,0.746,96479700,0.747,81374300,0.748,72876000,0.749,49726400,99999,99999,0
sh513130,09:37:23,1769564247071,,0.8913,0.0,0.745,0.7451,-0.0134,325000,241853,0.7442,0.744,47713900,0.743,86370800,0.742,77587900,0.741,49280200,0.740,43798500,0.745,105830900,0.746,97327600,0.747,80623900,0.748,72985500,0.749,49737400,99999,99999,0
sh513130,09:37:26,1769564250178,,0.8913,0.0,0.745,0.7451,-0.0134,8913600,6632488,0.7441,0.744,39543800,0.743,87568400,0.742,77542900,0.741,49773200,0.740,43799400,0.745,107767000,0.746,96826400,0.747,80743900,0.748,72983500,0.749,49737400,99999,99999,0
sh513130,09:37:29,1769564257641,,0.8913,0.0,0.745,0.7445,0.0672,1715200,1276199,0.7441,0.744,24483100,0.743,86775200,0.742,77542900,0.741,49773200,0.740,44222300,0.745,111466300,0.746,95594900,0.747,80813000,0.748,72993500,0.749,49772800,99999,99999,0
sh513130,09:37:32,1769564257659,,0.8913,0.0,0.744,0.7445,-0.0672,24580500,18287897,0.744,0.743,93268800,0.742,78576400,0.741,49878400,0.740,44232600,0.739,37805500,0.744,47855900,0.745,89426400,0.746,86826300,0.747,75655300,0.748,72942900,99999,99999,0
sh513130,09:37:35,1769564259664,,0.8913,0.0,0.744,0.7445,-0.0672,292900,217917,0.744,0.743,93443900,0.742,78576400,0.741,50868400,0.740,44255800,0.739,37805600,0.744,30565400,0.745,89654700,0.746,86800600,0.747,75655300,0.748,72892900,99999,99999,0
sh513130,09:37:38,1769564268202,,0.0,0.0,0.744,0.7445,-0.0672,7280600,5417747,0.7441,0.744,56712000,0.743,96270700,0.742,78576400,0.741,49878400,0.740,44238000,0.745,94047200,0.746,99665100,0.747,76070800,0.748,72915700,0.749,49862500,99999,99999,0
sh513130,09:38:05,1769564289604,,0.0,0.0,0.744,0.7451,-0.1476,4886700,3636871,0.7442,0.744,88709300,0.743,97646300,0.742,76317300,0.741,46990300,0.740,44392900,0.745,103570900,0.746,96433500,0.747,79895800,0.748,73767600,0.749,49999400,99999,99999,0
sh513130,09:38:32,1769564317314,,0.0,0.0,0.746,0.7458,0.0268,30413600,22657530,0.745,0.745,84385600,0.744,92013700,0.743,92704700,0.742,54093200,0.741,47114700,0.746,95821300,0.747,98772900,0.748,88116900,0.749,50124600,0.750,60468900,99999,99999,0
sh513130,09:38:35,1769564318540,,0.8913,0.0,0.745,0.7458,-0.1073,132900,99087,0.7456,0.745,80180300,0.744,92228600,0.743,79736000,0.742,54399200,0.741,47114700,0.746,96373800,0.747,99098900,0.748,88116900,0.749,50124600,0.750,60471900,99999,99999,0
sh513130,09:38:38,1769564321537,,0.8913,0.0,0.746,0.7458,0.0268,270700,201873,0.7457,0.745,81295700,0.744,93404900,0.743,79895000,0.742,54399200,0.741,46983200,0.746,97518100,0.747,99923700,0.748,88121900,0.749,50175600,0.750,60534600,99999,99999,0
sh513130,09:38:41,1769564325318,,0.8913,2.8655,0.746,0.7458,0.0268,216200,161162,0.7454,0.745,86800000,0.744,94108700,0.743,80102300,0.742,54399200,0.741,46985200,0.746,99249700,0.747,101810500,0.748,87126900,0.749,50075600,0.750,60543500,99999,99999,0
sh513130,09:38:44,1769564326336,,0.8913,2.2615,0.746,0.7458,0.0268,106200,79186,0.7456,0.745,85218900,0.744,94930400,0.743,80222300,0.742,54402500,0.741,46985200,0.746,98740200,0.747,102143900,0.748,88136100,0.749,50072000,0.750,60566800,99999,99999,0
sh513130,09:38:47,1769564331690,,0.8913,1.1067,0.745,0.7458,-0.1073,380600,283592,0.7451,0.745,87162300,0.744,94889800,0.743,79667300,0.742,54402500,0.741,46985200,0.746,98039200,0.747,102146900,0.748,89180100,0.749,50072000,0.750,60650400,99999,99999,0
sh513130,09:39:08,1769564354084,,0.8913,1.7044,0.746,0.7464,-0.0536,45606900,34021348,0.746,0.746,82143100,0.745,97044300,0.744,81452800,0.743,70911300,0.742,54831400,0.747,103656700,0.748,133081200,0.749,61473900,0.750,61119300,0.751,36990900,99999,99999,0
sh513130,09:39:11,1769564354095,,0.8913,1.7044,0.746,0.7464,-0.0536,382500,285345,0.746,0.746,80135300,0.745,96995600,0.744,80472900,0.743,70911400,0.742,54830300,0.747,101932500,0.748,133048400,0.749,63626800,0.750,61124300,0.751,36990900,99999,99999,0
sh513130,09:39:17,1769564362468,,0.0,0.0,0.747,0.7464,0.0804,2632300,1964956,0.7465,0.746,90803700,0.745,87173200,0.744,64173100,0.743,54465900,0.742,54920000,0.747,101442100,0.748,132932400,0.749,63653900,0.750,61325900,0.751,36989400,99999,99999,0
sh513130,09:39:23,1769564372532,,0.8913,0.0,0.747,0.7464,0.0804,411600,307296,0.7466,0.746,87222700,0.745,93626800,0.744,64325000,0.743,54268600,0.742,54967500,0.747,96476000,0.748,134592000,0.749,64664900,0.750,61484100,0.751,37008400,99999,99999,0
sh513130,09:39:26,1769564372544,,0.8913,0.0,0.747,0.7464,0.0804,910200,679091,0.7461,0.746,85713300,0.745,93845500,0.744,65499700,0.743,53306800,0.742,54964800,0.747,101671100,0.748,134594400,0.749,63654900,0.750,61550600,0.751,37136900,99999,99999,0
sh513130,09:39:29,1769564373750,,0.8913,0.9549,0.747,0.7471,-0.0134,566800,423399,0.747,0.746,86538800,0.745,94348000,0.744,65252600,0.743,53356400,0.742,54954800,0.747,100573400,0.748,135232600,0.749,64720600,0.750,61559200,0.751,37143600,99999,99999,0
sh513130,09:39:32,1769564377532,,0.8913,0.6712,0.746,0.7471,-0.1472,524100,391335,0.7467,0.746,88728400,0.745,94439800,0.744,65300100,0.743,52376400,0.742,55454800,0.747,100545000,0.748,136134700,0.749,64780600,0.750,61622400,0.751,37146800,99999,99999,0
sh513130,09:39:35,1769564379062,,0.8913,0.6712,0.747,0.7471,-0.0134,1041600,777068,0.746,0.746,86774000,0.745,94721800,0.744,65362100,0.743,52384800,0.742,55454800,0.747,101553500,0.748,136987100,0.749,64781100,0.750,60946700,0.751,37261800,99999,99999,0
sh513130,09:39:56,1769564398922,,0.0,0.8471,0.747,0.7471,-0.0134,2411000,1800144,0.7466,0.746,93899100,0.745,97616100,0.744,67038600,0.743,52327300,0.742,55615800,0.747,108077100,0.748,143049300,0.749,64892600,0.750,62050800,0.751,37737800,99999,99999,0
sh513130,09:39:53,1769564398938,,0.0,0.8471,0.746,0.7471,-0.1472,0,0,0.746,0.746,97538600,0.745,91995500,0.744,67038600,0.743,52313400,0.742,55615800,0.747,106161100,0.748,142793600,0.749,64806800,0.750,61868700,0.751,37616600,99999,99999,2
sh513130,09:39:56,1769564402243,,0.8913,0.0,0.747,0.7471,-0.0134,0,0,0.747,0.746,93899100,0.745,97616100,0.744,67038600,0.743,52327300,0.742,55615800,0.747,108077100,0.748,143049300,0.749,64892600,0.750,62050800,0.751,37737800,99999,99999,0
sh513130,09:39:59,1769564403474,,0.8913,0.0,0.746,0.7471,-0.1472,1231100,918559,0.7461,0.746,99335100,0.745,92160400,0.744,67054200,0.743,52362800,0.742,55575700,0.747,108287500,0.748,143110900,0.749,64892600,0.750,62068800,0.751,37752800,99999,99999,0
sh513130,09:40:02,1769564414314,,0.8913,0.0,0.747,0.7471,-0.0134,249500,186376,0.747,0.746,101472700,0.745,92401100,0.744,66074200,0.743,52404800,0.742,55555700,0.747,102352900,0.748,144001900,0.749,65885400,0.750,62157800,0.751,37753800,99999,99999,0
sh513130,09:40:11,1769564414330,,0.8913,0.0,0.746,0.7471,-0.1472,25928800,19343137,0.746,0.745,100133200,0.744,67759100,0.743,55859100,0.742,55558900,0.741,43400500,0.746,26589800,0.747,112828400,0.748,139940800,0.749,64144200,0.750,62233400,99999,99999,0
sh513130,09:40:32,1769564436724,,0.8913,0.0,0.745,0.747,-0.2677,23720100,17694723,0.746,0.745,103786300,0.744,70036100,0.743,55966900,0.742,55480100,0.741,42494600,0.746,90781600,0.747,110395900,0.748,124199600,0.749,56925600,0.750,63254100,99999,99999,0
sh513130,09:40:35,1769564444345,,0.8913,0.0,0.745,0.7464,-0.1876,370900,276685,0.746,0.745,104508800,0.744,70016700,0.743,58062500,0.742,55400100,0.741,42494600,0.746,80569200,0.747,109371300,0.748,124212900,0.749,57025600,0.750,63479100,99999,99999,0
sh513130,09:40:41,1769564448948,,0.8913,0.0,0.746,0.7464,-0.0536,129500,96523,0.7454,0.745,109090900,0.744,70627700,0.743,58781500,0.742,55399200,0.741,42494600,0.746,15599600,0.747,121694900,0.748,139231700,0.749,64028100,0.750,63901500,99999,99999,0
sh513130,09:40:47,1769564470901,,0.8913,0.0,0.746,0.7464,-0.0536,520900,388545,0.7459,0.745,112614100,0.744,71005900,0.743,58759400,0.742,55400200,0.741,42495600,0.746,18611100,0.747,121773500,0.748,142658700,0.749,66622000,0.750,63894500,99999,99999,0
sh513130,09:41:05,1769564470913,,0.8913,0.0,0.746,0.7464,-0.0536,1528700,1139797,0.7456,0.745,116056600,0.744,71447100,0.743,59155000,0.742,55110800,0.741,42533700,0.746,53533600,0.747,118687600,0.748,129847000,0.749,66874600,0.750,64378900,99999,99999,0
sh513130,09:41:08,1769564474230,,0.8913,0.0,0.745,0.7464,-0.1876,396700,295906,0.7459,0.745,118001100,0.744,71594500,0.743,59156000,0.742,55111600,0.741,42533700,0.746,87695000,0.747,114019200,0.748,127962500,0.749,66874600,0.750,64348900,99999,99999,0
sh513130,09:41:11,1769564474917,,0.8913,0.0,0.745,0.7464,-0.1876,577600,430317,0.745,0.745,118432400,0.744,71927300,0.743,59256000,0.742,55016700,0.741,42603700,0.746,54244900,0.747,120284400,0.748,129225300,0.749,66896000,0.750,64348900,99999,99999,0
sh513130,09:41:14,1769564486324,,0.0,0.0,0.745,0.7464,-0.1876,26200,19519,0.745,0.745,118570800,0.744,72051800,0.743,59540100,0.742,55016700,0.741,42603700,0.746,55944300,0.747,121180100,0.748,129282000,0.749,66927400,0.750,64176600,99999,99999,0
sh513130,09:41:23,1769564488655,,0.0,0.0,0.746,0.7464,-0.0536,3092200,2306666,0.746,0.745,109104500,0.744,73293400,0.743,59328500,0.742,55061300,0.741,42616700,0.746,24011800,0.747,119817900,0.748,142987600,0.749,67450300,0.750,64777600,99999,99999,0
sh513130,09:41:26,1769564488669,,0.0,0.0,0.745,0.7464,-0.1876,3257500,2429777,0.7459,0.745,104728100,0.744,72474400,0.743,60213000,0.742,55318800,0.741,42616700,0.746,24299800,0.747,119988500,0.748,143238300,0.749,67460300,0.750,64937800,99999,99999,0
sh513130,09:41:29,1769564493993,,0.8913,0.0,0.746,0.7464,-0.0536,20200,15049,0.745,0.745,104928800,0.744,72492000,0.743,60209600,0.742,55310800,0.741,42616700,0.746,59847200,0.747,107932300,0.748,130230200,0.749,67169200,0.750,65210800,99999,99999,0
sh513130,09:41:32,1769564496230,,0.8913,0.0,0.745,0.7464,-0.1876,269300,200775,0.7455,0.745,105739800,0.744,72621400,0.743,61057400,0.742,55310800,0.741,42626700,0.746,42401100,0.747,113976000,0.748,143288600,0.749,67169200,0.750,65229800,99999,99999,0
sh513130,09:41:50,1769564516400,,0.8913,0.0,0.745,0.747,-0.2677,3729700,2779847,0.7453,0.745,104058100,0.744,73053900,0.743,61714800,0.742,55320800,0.741,42618700,0.746,39914100,0.747,119842200,0.748,143018200,0.749,67305500,0.750,65346900,99999,99999,0
sh513130,09:41:53,1769564516411,,0.8913,0.0,0.745,0.747,-0.2677,911700,680094,0.746,0.745,103309500,0.744,73238500,0.743,61714800,0.742,55334500,0.741,42618700,0.746,27560800,0.747,120025700,0.748,142028200,0.749,67305500,0.750,65894600,99999,99999,0
sh513130,09:41:56,1769564521212,,0.8913,0.0,0.746,0.747,-0.1339,26137100,19498277,0.746,0.746,81473800,0.745,93927200,0.744,69469000,0.743,58694800,0.742,55343000,0.747,118132900,0.748,143053200,0.749,67811500,0.750,65979300,0.751,38522700,99999,99999,0
sh513130,09:41:59,1769564522443,,0.8913,0.0,0.746,0.747,-0.1339,124300,92728,0.746,0.746,53210200,0.745,99594200,0.744,71482200,0.743,58282800,0.742,55343000,0.747,116279800,0.748,143873300,0.749,69803900,0.750,65979300,0.751,38568100,99999,99999,0
sh513130,09:42:02,1769564526232,,0.8913,0.0,0.746,0.747,-0.1339,22646900,16894613,0.746,0.745,98479900,0.744,73499000,0.743,58297800,0.742,53140100,0.741,42577800,0.746,14470600,0.747,117718700,0.748,145920100,0.749,68813900,0.750,66164700,99999,99999,0
sh513130,09:42:05,1769564530552,,0.8913,0.0,0.746,0.747,-0.1339,10646000,7941933,0.746,0.746,68346700,0.745,92846800,0.744,73499000,0.743,58731800,0.742,53190100,0.747,119697000,0.748,145451500,0.749,67423900,0.750,66174300,0.751,38581700,99999,99999,0
sh513130,09:42:08,1769564532148,,0.8913,0.0,0.746,0.747,-0.1339,41400,30884,0.746,0.746,67685700,0.745,93997500,0.744,73558800,0.743,58344900,0.742,53190400,0.747,118842000,0.748,146320100,0.749,68823900,0.750,66204200,0.751,38581700,99999,99999,0
sh513130,09:42:17,1769564544340,,0.8913,0.0,0.746,0.747,-0.1339,1399800,1044301,0.746,0.746,70521400,0.745,94683200,0.744,71560000,0.743,57285900,0.742,53997700,0.747,114456600,0.748,147508500,0.749,69874800,0.750,66768400,0.751,38757700,99999,99999,0
sh513130,09:42:20,1769564544351,,0.8913,0.0,0.746,0.747,-0.1339,267200,199405,0.7463,0.746,71261000,0.745,94931400,0.744,71580000,0.743,57412400,0.742,53997700,0.747,100974900,0.748,147518500,0.749,82896700,0.750,76168600,0.751,38800700,99999,99999,0
sh513130,09:42:23,1769564561526,,0.8913,0.0,0.746,0.747,-0.1339,1116300,832761,0.746,0.746,72983600,0.745,95012000,0.744,70588600,0.743,57508900,0.742,54037700,0.747,85838400,0.748,154651700,0.749,101765400,0.750,81224400,0.751,38810500,99999,99999,0
sh513130,09:42:35,1769564561537,,0.8913,0.0,0.747,0.747,0.0,2805600,2094215,0.7464,0.746,75736900,0.745,95579500,0.744,68728800,0.743,56482900,0.742,54047700,0.747,65657800,0.748,155568800,0.749,117928600,0.750,81842900,0.751,38845400,99999,99999,0
sh513130,09:42:41,1769564564859,,0.8913,0.0,0.747,0.7477,-0.0936,5152800,3849131,0.747,0.746,79631400,0.745,95110700,0.744,68968800,0.743,56767000,0.742,54087700,0.747,55346200,0.748,146661300,0.749,117031300,0.750,81898600,0.751,38845400,99999,99999,0
sh513130,09:42:44,1769564569844,,0.8913,0.0,0.747,0.7477,-0.0936,6365300,4753859,0.7468,0.746,74688400,0.745,91875500,0.744,69173200,0.743,56617000,0.742,54087700,0.747,50487300,0.748,146809100,0.749,116979700,0.750,81929600,0.751,38865400,99999,99999,0
sh513130,09:42:47,1769564570857,,0.8913,0.0,0.747,0.7477,-0.0936,812800,607151,0.747,0.746,74740800,0.745,91876500,0.744,69183700,0.743,56324400,0.742,54087700,0.747,45857800,0.748,146292500,0.749,116981600,0.750,81889600,0.751,38865400,99999,99999,0
sh513130,09:43:05,1769564597735,,0.8913,0.0,0.747,0.7477,-0.0936,47795800,35702283,0.747,0.747,77795600,0.746,80594300,0.745,87184000,0.744,64462100,0.743,56412500,0.748,145744000,0.749,120590800,0.750,84729700,0.751,39160000,0.752,28309300,99999,99999,0
sh513130,09:43:14,1769564604777,,0.8913,0.0,0.747,0.7483,-0.1737,704700,526701,0.7474,0.747,87158400,0.746,80847500,0.745,74480000,0.744,48417100,0.743,56390800,0.748,136078600,0.749,122310800,0.750,84904000,0.751,52501700,0.752,28789300,99999,99999,0
sh513130,09:43:20,1769564604791,,0.8913,0.0,0.748,0.7483,-0.0401,549400,410447,0.7471,0.747,95441700,0.746,78882900,0.745,74704900,0.744,48418100,0.743,55300900,0.748,134960800,0.749,124381900,0.750,86955000,0.751,54930100,0.752,29509300,99999,99999,0
sh513130,09:43:23,1769564606305,,0.8913,0.0,0.747,0.7483,-0.1737,1816000,1356883,0.7472,0.747,96254600,0.746,79195500,0.745,74697900,0.744,48435900,0.743,55300900,0.748,136553200,0.749,124396500,0.750,87001000,0.751,54931800,0.752,29611300,99999,99999,0
sh513130,09:43:26,1769564608964,,0.8913,0.0,0.747,0.7483,-0.1737,1759900,1314733,0.747,0.747,97485600,0.746,79165000,0.745,74640900,0.744,48655100,0.743,55302900,0.748,137184800,0.749,125227000,0.750,87311100,0.751,55381000,0.752,29611300,99999,99999,0
sh513130,09:43:29,1769564612536,,0.8913,0.0,0.747,0.7483,-0.1737,333000,248995,0.7477,0.747,98629200,0.746,79185400,0.745,74660900,0.744,48655300,0.743,55352900,0.748,137494600,0.749,126067400,0.750,88227900,0.751,55081000,0.752,29681300,99999,99999,0
sh513130,09:43:26,1769564612550,,0.8913,0.0,0.747,0.7483,-0.1737,0,0,0.747,0.747,97485600,0.746,79165000,0.745,74640900,0.744,48655100,0.743,55302900,0.748,137184800,0.749,125227000,0.750,87311100,0.751,55381000,0.752,29611300,99999,99999,2
sh513130,09:43:29,1769564613778,,0.8913,0.0,0.747,0.7483,-0.1737,0,0,0.747,0.747,98629200,0.746,79185400,0.745,74660900,0.744,48655300,0.743,55352900,0.748,137494600,0.749,126067400,0.750,88227900,0.751,55081000,0.752,29681300,99999,99999,0
sh513130,09:43:50,1769564634702,,0.8913,0.0,0.747,0.7483,-0.1737,3850100,2879017,0.7478,0.747,94657500,0.746,85282000,0.745,77314100,0.744,49541700,0.743,53913800,0.748,143486000,0.749,131219300,0.750,99825000,0.751,45280700,0.752,30197100,99999,99999,0
sh513130,09:43:53,1769564635719,,0.8913,0.0,0.747,0.7477,-0.0936,794300,593918,0.7477,0.747,92599000,0.746,85452000,0.745,77284100,0.744,49909300,0.743,53913800,0.748,143396600,0.749,132067600,0.750,99736400,0.751,45305300,0.752,30184900,99999,99999,0
sh513130,09:43:56,1769564643819,,0.0,0.0,0.748,0.7477,0.0401,206300,154199,0.7475,0.747,97534000,0.746,85787000,0.745,78330500,0.744,49909300,0.743,52066000,0.748,146428100,0.749,133144200,0.750,98838900,0.751,40283000,0.752,30204900,99999,99999,0
sh513130,09:43:59,1769564645004,,0.0,0.0,0.748,0.7477,0.0401,17200,12854,0.7473,0.747,102624300,0.746,85867600,0.745,78975600,0.744,49909300,0.743,52026800,0.748,146433400,0.749,134066700,0.750,98916900,0.751,40399700,0.752,30283700,99999,99999,0
sh513130,09:44:05,1769564650747,,0.0,0.0,0.747,0.7477,-0.0936,48652000,36343218,0.747,0.746,86962100,0.745,81987800,0.744,50462300,0.743,52026800,0.742,51727400,0.747,98165500,0.748,140096900,0.749,120595100,0.750,97657100,0.751,40671100,99999,99999,0
sh513130,09:44:08,1769564651986,,0.0,0.0,0.747,0.7477,-0.0936,200600,149848,0.747,0.746,85512700,0.745,82039100,0.744,51412100,0.743,51878000,0.742,51677400,0.747,102410800,0.748,141434700,0.749,120671400,0.750,97257100,0.751,40763100,99999,99999,0
sh513130,09:44:11,1769564655347,,0.0,0.0,0.747,0.7477,-0.0936,327200,244310,0.7467,0.746,85334600,0.745,82161100,0.744,52390900,0.743,51878300,0.742,51596600,0.747,103030500,0.748,141408200,0.749,121612000,0.750,97800800,0.751,40763100,99999,99999,0
sh513130,09:44:14,1769564660379,,0.0,0.0,0.747,0.7477,-0.0936,277200,207063,0.747,0.746,86907300,0.745,81769700,0.744,51398200,0.743,51878300,0.742,51379100,0.747,103970900,0.748,142675100,0.749,121546300,0.750,97956600,0.751,40266100,99999,99999,0
sh513130,09:44:17,1769564661397,,0.0,0.0,0.747,0.7477,-0.0936,1150200,858170,0.7461,0.746,86982600,0.745,81799700,0.744,50739900,0.743,51898300,0.742,51364100,0.747,106007500,0.748,142558900,0.749,121589300,0.750,98078000,0.751,40476600,99999,99999,0
sh513130,09:44:20,1769564665402,,0.8913,0.0,0.746,0.7477,-0.2274,852100,635924,0.7463,0.746,85877100,0.745,81835700,0.744,51829900,0.743,51898300,0.742,51314100,0.747,108042400,0.748,140045700,0.749,111745700,0.750,96229600,0.751,40476600,99999,99999,0
sh513130,09:44:26,1769564669783,,0.8913,0.0,0.746,0.7477,-0.2274,421100,314352,0.7465,0.746,87975800,0.745,82531800,0.744,51848500,0.743,52119000,0.742,51314100,0.747,111013200,0.748,138483700,0.749,110686700,0.750,91059400,0.751,40686200,99999,99999,0
sh513130,09:44:29,1769564671937,,0.8913,0.0,0.747,0.7477,-0.0936,1496400,1116540,0.7462,0.746,76047300,0.745,88164000,0.744,52848500,0.743,52113600,0.742,51314100,0.747,114988400,0.748,139925900,0.749,109710800,0.750,91122900,0.751,41714400,99999,99999,0
sh513130,09:44:26,1769564671954,,0.8913,0.0,0.746,0.7477,-0.2274,0,0,0.746,0.746,87975800,0.745,82531800,0.744,51848500,0.743,52119000,0.742,51314100,0.747,111013200,0.748,138483700,0.749,110686700,0.750,91059400,0.751,40686200,99999,99999,2
sh513130,09:44:29,1769564673187,,0.8913,0.0,0.747,0.7477,-0.0936,0,0,0.747,0.746,76047300,0.745,88164000,0.744,52848500,0.743,52113600,0.742,51314100,0.747,114988400,0.748,139925900,0.749,109710800,0.750,91122900,0.751,41714400,99999,99999,0
sh513130,09:44:32,1769564676963,,0.8913,0.0,0.746,0.7477,-0.2274,121700,90811,0.7462,0.746,83719800,0.745,82551400,0.744,51858500,0.743,52113600,0.742,51364100,0.747,107449800,0.748,141129900,0.749,110755000,0.750,98762300,0.751,44944200,99999,99999,0
sh513130,09:44:35,1769564677984,,0.8913,0.0,0.746,0.747,-0.1339,243500,181746,0.7464,0.746,84228000,0.745,81647200,0.744,51968500,0.743,52113600,0.742,51360700,0.747,107375500,0.748,142537900,0.749,111221100,0.750,98762300,0.751,45054300,99999,99999,0
sh513130,09:44:44,1769564689515,,0.8913,0.0,0.746,0.7477,-0.2274,243500,181696,0.7462,0.746,94844700,0.745,81719000,0.744,52162500,0.743,52136300,0.742,51396800,0.747,109789000,0.748,143761000,0.749,111402900,0.750,99628900,0.751,45028400,99999,99999,0
sh513130,09:44:47,1769564691539,,0.8913,0.0,0.746,0.7477,-0.2274,192700,143754,0.746,0.746,94935300,0.745,87398500,0.744,51927000,0.743,52187200,0.742,51346800,0.747,122430300,0.748,144784600,0.749,111454800,0.750,86624200,0.751,45068400,99999,99999,0
sh513130,09:44:50,1769564693577,,0.8913,0.0,0.746,0.747,-0.1339,1182200,882020,0.7461,0.746,93944500,0.745,87485700,0.744,52907300,0.743,52232300,0.742,51562400,0.747,123584100,0.748,145811200,0.749,110544800,0.750,86771100,0.751,45210400,99999,99999,0
sh513130,09:44:53,1769564696545,,0.8913,0.0,0.746,0.7477,-0.2274,1999200,1491464,0.746,0.746,93607200,0.745,87787700,0.744,52234200,0.743,52232300,0.742,51562400,0.747,122769400,0.748,146586200,0.749,111598300,0.750,87541800,0.751,45215500,99999,99999,0
sh513130,09:44:56,1769564699542,,0.8913,2.4565,0.746,0.7477,-0.2274,96700,72206,0.7467,0.746,100070900,0.745,82263800,0.744,52242200,0.743,52232700,0.742,51516700,0.747,122725600,0.748,146944500,0.749,111775100,0.750,87606800,0.751,45245500,99999,99999,0
sh513130,09:44:59,1769564702532,,0.8913,1.9945,0.747,0.7477,-0.0936,227300,169720,0.7467,0.746,82225700,0.745,87820900,0.744,52282100,0.743,52294700,0.742,51516700,0.747,117910200,0.748,147183000,0.749,111892000,0.750,87617800,0.751,45258400,99999,99999,0
sh513130,09:45:02,1769564705536,,0.8913,1.1923,0.746,0.7477,-0.2274,1050600,783798,0.746,0.746,86238500,0.745,100803100,0.744,72280200,0.743,52319700,0.742,51516700,0.747,124557400,0.748,147004400,0.749,110942100,0.750,87653800,0.751,45258400,99999,99999,0
sh513130,09:45:05,1769564708548,,0.8913,0.8276,0.746,0.747,-0.1339,1400700,1045186,0.7462,0.746,73300200,0.745,100813100,0.744,72727100,0.743,52477600,0.742,51620000,0.747,121897600,0.748,147118600,0.749,110942300,0.750,88063900,0.751,45268400,99999,99999,0
sh513130,09:45:08,1769564711563,,0.8913,0.6338,0.747,0.7477,-0.0936,221400,165229,0.7463,0.746,99833500,0.745,101048800,0.744,72827100,0.743,52467600,0.742,51848200,0.747,122301400,0.748,148094300,0.749,110988300,0.750,88473200,0.751,45268400,99999,99999,0
sh513130,09:45:11,1769564714572,,0.8913,0.4117,0.746,0.7477,-0.2274,44100,32925,0.7466,0.746,106312000,0.745,95476800,0.744,72818100,0.743,52473600,0.742,51848200,0.747,110674500,0.748,148989900,0.749,111023800,0.750,96568400,0.751,45821400,99999,99999,0
sh513130,09:45:14,1769564718576,,0.8913,0.2246,0.747,0.747,0.0,636100,475090,0.7469,0.746,109064300,0.745,95550900,0.744,71735100,0.743,52443600,0.742,51748200,0.747,112451100,0.748,149606500,0.749,112041700,0.750,99298200,0.751,45821400,99999,99999,0
sh513130,09:45:17,1769564721566,,0.8913,0.179,0.746,0.747,-0.1339,181800,135639,0.7461,0.746,110630400,0.745,96668500,0.744,71748600,0.743,52473700,0.742,51778200,0.747,117447800,0.748,150538500,0.749,112084100,0.750,94332700,0.751,45831400,99999,99999,0
sh513130,09:45:20,1769564723578,,0.8913,0.1677,0.746,0.7477,-0.2274,513300,382928,0.746,0.746,110511500,0.745,97491700,0.744,71815200,0.743,52483100,0.742,51778200,0.747,111975100,0.748,151352100,0.749,112084100,0.750,102336300,0.751,45831400,99999,99999,0
sh513130,09:45:23,1769564726579,,0.8913,0.7509,0.746,0.7477,-0.2274,263400,196496,0.746,0.746,110368700,0.745,98597700,0.744,71615200,0.743,52484100,0.742,51778200,0.747,112141000,0.748,152182900,0.749,112084100,0.750,102389300,0.751,45835900,99999,99999,0
sh513130,09:45:26,1769564729581,,0.8913,2.8918,0.746,0.7477,-0.2274,506600,378382,0.7469,0.746,110342800,0.745,99434500,0.744,71616800,0.743,52494100,0.742,51778200,0.747,111748700,0.748,153242200,0.749,112084100,0.750,102311900,0.751,45830900,99999,99999,0
sh513130,09:45:29,1769564733592,,0.8913,1.7645,0.747,0.7477,-0.0936,1258100,939725,0.7469,0.746,111431800,0.745,100273000,0.744,71616800,0.743,52479100,0.742,51778200,0.747,111690400,0.748,154089300,0.749,112073600,0.750,102331900,0.751,45830900,99999,99999,0
sh513130,09:45:32,1769564734569,,0.8913,1.5294,0.747,0.7477,-0.0936,58300,43519,0.7465,0.746,111553000,0.745,100033200,0.744,71360800,0.743,52481500,0.742,51778200,0.747,106837400,0.748,154132800,0.749,112073600,0.750,102342400,0.751,45842900,99999,99999,0
sh513130,09:45:35,1769564738572,,0.8913,3.0643,0.747,0.7477,-0.0936,100000,74700,0.747,0.746,112573500,0.745,101340200,0.744,70371800,0.743,52492500,0.742,51778200,0.747,105817500,0.748,154435400,0.749,113036800,0.750,102342400,0.751,45827900,99999,99999,0
sh513130,09:45:38,1769564741568,,0.8913,3.7911,0.746,0.7477,-0.2274,115100,85875,0.7461,0.746,113626600,0.745,101386200,0.744,70371800,0.743,52502500,0.742,51785000,0.747,106433100,0.748,155088000,0.749,113051600,0.750,102533400,0.751,45832900,99999,99999,0
sh513130,09:45:41,1769564744568,,0.8913,0.5578,0.747,0.7477,-0.0936,86400,64471,0.7462,0.746,114121700,0.745,101482900,0.744,70371800,0.743,52498500,0.742,51785000,0.747,106585200,0.748,156094200,0.749,113051600,0.750,102673500,0.751,45832900,99999,99999,0
sh513130,09:45:44,1769564747555,,0.8913,0.8022,0.747,0.7477,-0.0936,14300,10682,0.747,0.746,114281800,0.745,101541800,0.744,70371800,0.743,52498500,0.742,51785000,0.747,106426900,0.748,157473600,0.749,112512000,0.750,102675500,0.751,45856600,99999,99999,0
sh513130,09:45:47,1769564749559,,0.8913,3.0807,0.747,0.7477,-0.0936,5300,3954,0.746,0.746,107490400,0.745,107446500,0.744,71344200,0.743,52498500,0.742,52195000,0.747,117974900,0.748,158304800,0.749,111472000,0.750,94675800,0.751,45856600,99999,99999,0
sh513130,09:45:50,1769564752557,,0.8913,2.5685,0.747,0.7477,-0.0936,107100,79978,0.7468,0.746,113447000,0.745,101824700,0.744,71345900,0.743,52498500,0.742,52195000,0.747,107793700,0.748,159814500,0.749,111422000,0.750,102675800,0.751,45756600,99999,99999,0
sh513130,09:45:53,1769564756778,,0.8913,2.2312,0.746,0.7477,-0.2274,1207900,902094,0.7468,0.746,113855100,0.745,101835200,0.744,71345900,0.743,52498500,0.742,52195000,0.747,115309600,0.748,159871400,0.749,111437700,0.750,94680500,0.751,45753600,99999,99999,0
sh513130,09:45:56,1769564759807,,0.8913,3.4663,0.746,0.7477,-0.2274,165300,123327,0.7461,0.746,108745600,0.745,107432100,0.744,71345900,0.743,52498500,0.742,52215000,0.747,115408600,0.748,159993400,0.749,111427700,0.750,94722700,0.751,45743600,99999,99999,0
sh513130,09:45:59,1769564761543,,0.8913,0.4382,0.746,0.7477,-0.2274,234700,175271,0.7468,0.746,59741600,0.745,107465400,0.744,71433500,0.743,52502500,0.742,52199400,0.747,115424400,0.748,161255200,0.749,111433700,0.750,94926800,0.751,45748600,99999,99999,0
sh513130,09:45:56,1769564762545,,0.8913,0.4318,0.746,0.7477,-0.2274,0,0,0.746,0.746,108745600,0.745,107432100,0.744,71345900,0.743,52498500,0.742,52215000,0.747,115408600,0.748,159993400,0.749,111427700,0.750,94722700,0.751,45743600,99999,99999,2
sh513130,09:45:59,1769564763786,,0.8913,0.7493,0.746,0.7477,-0.2274,0,0,0.746,0.746,59741600,0.745,107465400,0.744,71433500,0.743,52502500,0.742,52199400,0.747,115424400,0.748,161255200,0.749,111433700,0.750,94926800,0.751,45748600,99999,99999,0
sh513130,09:46:02,1769564765533,,0.8913,0.9193,0.747,0.7477,-0.0936,2992400,2233079,0.7463,0.746,80072000,0.745,106677300,0.744,72433500,0.743,52219400,0.742,52199400,0.747,123545100,0.748,161611700,0.749,109453700,0.750,89975800,0.751,45748600,99999,99999,0
sh513130,09:46:05,1769564768557,,0.8913,1.2652,0.747,0.7471,-0.0134,317400,236908,0.7464,0.746,75889200,0.745,106679300,0.744,72433500,0.743,52669400,0.742,52199400,0.747,125638800,0.748,161948000,0.749,109473600,0.750,90074500,0.751,45751100,99999,99999,0
sh513130,09:46:08,1769564772560,,0.8913,1.8022,0.746,0.7471,-0.1472,1402500,1046311,0.746,0.746,53894200,0.745,106579300,0.744,73533600,0.743,52669400,0.742,52199400,0.747,125559400,0.748,161983200,0.749,109473600,0.750,90097300,0.751,45748600,99999,99999,0
sh513130,09:46:11,1769564775561,,0.8913,1.2296,0.746,0.7471,-0.1472,25925700,19340612,0.746,0.745,112876700,0.744,76534900,0.743,52659400,0.742,52214700,0.741,42081900,0.746,30942100,0.747,113757700,0.748,154766900,0.749,108144800,0.750,90007400,99999,99999,0
sh513130,09:46:14,1769564777561,,0.8913,1.5162,0.746,0.747,-0.1339,6871700,5126235,0.746,0.745,112742900,0.744,76534900,0.743,52759400,0.742,52514700,0.741,42081900,0.746,83325500,0.747,102815900,0.748,141784400,0.749,102981400,0.750,82032600,99999,99999,0
sh513130,09:46:17,1769564780564,,0.8913,0.1543,0.745,0.747,-0.2677,7000600,5222424,0.746,0.745,112464700,0.744,76536500,0.743,53789200,0.742,52514700,0.741,42097500,0.746,77952600,0.747,101304500,0.748,127303200,0.749,98839200,0.750,82058400,99999,99999,0
sh513130,09:46:20,1769564783573,,0.8913,0.3551,0.746,0.7471,-0.1472,1776800,1325489,0.746,0.745,113183200,0.744,76584300,0.743,53818200,0.742,52513700,0.741,42096500,0.746,62442600,0.747,107454100,0.748,127726400,0.749,98908200,0.750,82378000,99999,99999,0
sh513130,09:46:23,1769564787577,,0.8913,5.2591,0.745,0.7464,-0.1876,189100,140939,0.7453,0.745,114895400,0.744,76584300,0.743,53818200,0.742,52513700,0.741,42096500,0.746,65341000,0.747,107344100,0.748,127760300,0.749,98848200,0.750,82146000,99999,99999,0
sh513130,09:46:26,1769564789576,,0.8913,4.2883,0.746,0.7464,-0.0536,266000,198431,0.746,0.745,115461800,0.744,76584300,0.743,54061600,0.742,52513700,0.741,42096500,0.746,28379200,0.747,106672600,0.748,146879100,0.749,98847000,0.750,82148000,99999,99999,0
sh513130,09:46:29,1769564792574,,0.8913,4.3296,0.746,0.7471,-0.1472,227300,169468,0.7456,0.745,116220500,0.744,76584300,0.743,54088600,0.742,52513700,0.741,42096500,0.746,28075300,0.747,106623100,0.748,147063300,0.749,98813000,0.750,82097800,99999,99999,0
sh513130,09:46:32,1769564795568,,0.8913,3.7091,0.746,0.7471,-0.1472,118600,88467,0.7459,0.745,112191700,0.744,77654400,0.743,54088600,0.742,52513700,0.741,42096500,0.746,28475600,0.747,107502900,0.748,147335800,0.749,98861500,0.750,82057800,99999,99999,0
sh513130,09:46:35,1769564797580,,0.8913,4.9998,0.745,0.7464,-0.1876,1999500,1491589,0.746,0.745,113049000,0.744,77654400,0.743,54088600,0.742,52513700,0.741,42096500,0.746,28737000,0.747,107974900,0.748,147219500,0.749,98861500,0.750,82047800,99999,99999,0
sh513130,09:46:38,1769564801592,,0.8913,4.0373,0.746,0.7471,-0.1472,964500,719504,0.746,0.745,111590200,0.744,77674400,0.743,53988600,0.742,52513700,0.741,42096500,0.746,20909700,0.747,109809000,0.748,147256500,0.749,98881500,0.750,82125900,99999,99999,0
sh513130,09:46:41,1769564804591,,0.8913,2.6589,0.746,0.7471,-0.1472,240500,179382,0.7459,0.745,111423700,0.744,77745400,0.743,53983600,0.742,52558300,0.741,42096500,0.746,63959500,0.747,109429800,0.748,129141400,0.749,98908600,0.750,82136000,99999,99999,0
sh513130,09:46:44,1769564806591,,0.8913,2.4946,0.746,0.7471,-0.1472,84800,63192,0.7452,0.745,112092100,0.744,77844100,0.743,54470500,0.742,52558300,0.741,42096500,0.746,76571000,0.747,110578900,0.748,129291300,0.749,99061600,0.750,82155800,99999,99999,0
sh513130,09:46:47,1769564811593,,0.8913,4.0396,0.746,0.7471,-0.1472,77100,57455,0.7452,0.745,113863900,0.744,77870000,0.743,54413300,0.742,52518300,0.741,42096500,0.746,50569700,0.747,110874700,0.748,129392400,0.749,99051600,0.750,82159500,99999,99999,0
sh513130,09:46:50,1769564813584,,0.8913,4.3272,0.745,0.7464,-0.1876,252300,188196,0.7459,0.745,114936400,0.744,77890600,0.743,54713300,0.742,52518300,0.741,42196500,0.746,24251300,0.747,111460300,0.748,147524300,0.749,100106900,0.750,82160500,99999,99999,0
sh513130,09:46:53,1769564816587,,0.8913,3.5962,0.746,0.7471,-0.1472,517500,385992,0.7459,0.745,116794000,0.744,77890600,0.743,53731300,0.742,52518300,0.741,42196500,0.746,56353800,0.747,111099300,0.748,129795000,0.749,100123300,0.750,82160500,99999,99999,0
sh513130,09:46:56,1769564819581,,0.8913,1.0686,0.746,0.7471,-0.1472,117700,87793,0.7459,0.745,116778700,0.744,77897500,0.743,54726300,0.742,52517900,0.741,42196500,0.746,50970700,0.747,111159800,0.748,129734400,0.749,100113300,0.750,82313800,99999,99999,0
sh513130,09:46:59,1769564823611,,0.8913,3.8718,0.746,0.7471,-0.1472,258300,192562,0.7455,0.745,117011200,0.744,77936600,0.743,54826600,0.742,52517900,0.741,42196500,0.746,83099400,0.747,111724800,0.748,129764500,0.749,92405300,0.750,81821500,99999,99999,0
sh513130,09:47:02,1769564825618,,0.8913,3.6586,0.746,0.7471,-0.1472,426700,318319,0.746,0.745,118218700,0.744,77817700,0.743,55331200,0.742,52447900,0.741,42224000,0.746,87171400,0.747,106044000,0.748,129782500,0.749,95709100,0.750,81869100,99999,99999,0
sh513130,09:47:05,1769564828617,,0.8913,3.8346,0.745,0.7464,-0.1876,323100,241013,0.7459,0.745,119139000,0.744,77817700,0.743,55341200,0.742,52447900,0.741,42229000,0.746,90394400,0.747,106111000,0.748,129667800,0.749,90875200,0.750,82009400,99999,99999,0
sh513130,09:47:08,1769564830615,,0.8913,3.1763,0.745,0.7464,-0.1876,503000,375192,0.7459,0.745,119960900,0.744,77909700,0.743,55270200,0.742,52447900,0.741,42229100,0.746,75993600,0.747,106134600,0.748,129768800,0.749,82260300,0.750,82051800,99999,99999,0
sh513130,09:47:11,1769564834637,,0.8913,1.2042,0.745,0.7464,-0.1876,374900,279612,0.7458,0.745,121743800,0.744,77925800,0.743,55270200,0.742,52447900,0.741,42229100,0.746,47127000,0.747,111697800,0.748,129864400,0.749,87260300,0.750,82084200,99999,99999,0
sh513130,09:47:14,1769564838644,,0.8913,1.7246,0.745,0.7464,-0.1876,160900,119990,0.7457,0.745,121925800,0.744,77925800,0.743,55315900,0.742,52447900,0.741,42229100,0.746,73599000,0.747,111859800,0.748,129446900,0.749,87270300,0.750,82089700,99999,99999,0
sh513130,09:47:17,1769564840657,,0.8913,2.8429,0.746,0.7464,-0.0536,2263900,1688855,0.746,0.745,124945600,0.744,77854500,0.743,55252300,0.742,52447900,0.741,42213000,0.746,25321900,0.747,111937100,0.748,137421200,0.749,87279000,0.750,82074700,99999,99999,0
sh513130,09:47:20,1769564843675,,0.8913,2.5692,0.745,0.7471,-0.2811,514900,384114,0.746,0.745,125319900,0.744,78143500,0.743,56382500,0.742,52447900,0.741,42213000,0.746,49134700,0.747,111968400,0.748,130291700,0.749,87629300,0.750,82076100,99999,99999,0
sh513130,09:47:23,1769564846682,,0.8913,2.5446,0.745,0.7471,-0.2811,671100,500480,0.7458,0.745,127648600,0.744,78214300,0.743,55428500,0.742,52434400,0.741,42213000,0.746,23115900,0.747,112028400,0.748,149556500,0.749,88029300,0.750,82190900,99999,99999,0
sh513130,09:47:26,1769564848685,,0.8913,2.9762,0.746,0.7471,-0.1472,592800,442220,0.746,0.745,128509100,0.744,78714400,0.743,55472700,0.742,52484400,0.741,42213000,0.746,20904000,0.747,112048900,0.748,150447200,0.749,88296400,0.750,82191800,99999,99999,0
sh513130,09:47:29,1769564852676,,0.8913,3.5783,0.746,0.7465,-0.067,110500,82433,0.746,0.745,128379400,0.744,78714400,0.743,55378100,0.742,52484400,0.741,42213000,0.746,85066100,0.747,106462600,0.748,131431800,0.749,78078400,0.750,82164800,99999,99999,0
sh513130,09:47:32,1769564855672,,0.8913,2.9618,0.746,0.7465,-0.067,101900,76017,0.746,0.745,127730300,0.744,79552800,0.743,56368100,0.742,52486400,0.741,42213000,0.746,88948000,0.747,106783200,0.748,130503800,0.749,78078400,0.750,82220800,99999,99999,0
sh513130,09:47:35,1769564858875,,0.8913,3.6761,0.746,0.7472,-0.1606,1208100,900103,0.7451,0.745,127502100,0.744,80301000,0.743,56373100,0.742,52486500,0.741,42263100,0.746,57510600,0.747,107183200,0.748,130464800,0.749,87956400,0.750,82421800,99999,99999,0
sh513130,09:47:38,1769564861680,,0.8913,1.2983,0.746,0.7465,-0.067,648200,483553,0.746,0.745,129594600,0.744,81199200,0.743,54373100,0.742,52486500,0.741,42263100,0.746,24345900,0.747,112875600,0.748,149806900,0.749,88356400,0.750,82428800,99999,99999,0
sh513130,09:47:41,1769564864696,,0.8913,1.7702,0.746,0.7465,-0.067,1000800,746532,0.7459,0.745,130006100,0.744,82037400,0.743,54573100,0.742,52486500,0.741,42264100,0.746,23439700,0.747,112910000,0.748,150715700,0.749,88356400,0.750,82429800,99999,99999,0
sh513130,09:47:44,1769564866928,,0.8913,2.252,0.745,0.7465,-0.2009,297900,222153,0.7457,0.745,130137300,0.744,82785400,0.743,54623100,0.742,52486500,0.741,42064100,0.746,77114400,0.747,113147700,0.748,133601100,0.749,88344200,0.750,82409100,99999,99999,0
sh513130,09:47:47,1769564870718,,0.8913,0.6484,0.746,0.7465,-0.067,1491300,1111391,0.7452,0.745,128203000,0.744,83788100,0.743,54615300,0.742,52486500,0.741,42064100,0.746,85334500,0.747,106758800,0.748,131893600,0.749,87994200,0.750,82380500,99999,99999,0
sh513130,09:47:50,1769564873723,,0.8913,-0.1877,0.746,0.7471,-0.1472,225900,168449,0.7457,0.745,114163100,0.744,97296800,0.743,58683900,0.742,52486500,0.741,42064100,0.746,94839300,0.747,106833700,0.748,130913600,0.749,78095300,0.750,82280500,99999,99999,0
sh513130,09:47:53,1769564877719,,0.8913,4.4285,0.746,0.7465,-0.067,383100,285793,0.746,0.745,114385300,0.744,97404300,0.743,58690600,0.742,52486500,0.741,42064100,0.746,96485300,0.747,107679800,0.748,131178900,0.749,78095600,0.750,82280500,99999,99999,0
sh513130,09:47:56,1769564880720,,0.8913,4.0734,0.746,0.7465,-0.067,30000,22366,0.7455,0.745,112175300,0.744,102974800,0.743,77688700,0.742,52486500,0.741,42064100,0.746,98481100,0.747,107303300,0.748,131195900,0.749,78095600,0.750,82527700,99999,99999,0
sh513130,09:47:59,1769564882729,,0.8913,3.4768,0.746,0.7465,-0.067,263400,196290,0.7452,0.745,113036400,0.744,103074800,0.743,77688700,0.742,52486500,0.741,42064100,0.746,98608300,0.747,109030500,0.748,131129100,0.749,78095600,0.750,82537700,99999,99999,0
sh513130,09:48:02,1769564885723,,0.8913,3.8774,0.746,0.7465,-0.067,123700,92260,0.7458,0.745,112950000,0.744,103191200,0.743,77688700,0.742,52486500,0.741,42064100,0.746,103145700,0.747,110015900,0.748,131261900,0.749,73078600,0.750,82599700,99999,99999,0
sh513130,09:48:05,1769564889735,,0.8913,3.4253,0.746,0.7465,-0.067,714600,533067,0.746,0.745,118732900,0.744,99245200,0.743,78522200,0.742,52486500,0.741,42072100,0.746,95619600,0.747,113103400,0.748,131281100,0.749,73078600,0.750,82623000,99999,99999,0
sh513130,09:48:08,1769564891748,,0.8913,2.9888,0.745,0.7465,-0.2009,142000,105911,0.7459,0.745,118689600,0.744,99255200,0.743,78522200,0.742,52486500,0.741,42072100,0.746,67518300,0.747,113952600,0.748,131336100,0.749,87596800,0.750,82803000,99999,99999,0
sh513130,09:48:11,1769564893747,,0.8913,4.0207,0.746,0.7465,-0.067,137100,102253,0.7458,0.745,118680300,0.744,99255200,0.743,78557100,0.742,52483500,0.741,42072100,0.746,91483200,0.747,112147000,0.748,131321900,0.749,77778800,0.750,82825000,99999,99999,0
sh513130,09:48:14,1769564897756,,0.8913,4.0506,0.745,0.7465,-0.2009,73300,54612,0.745,0.745,102620700,0.744,104867700,0.743,78557100,0.742,52483500,0.741,42072100,0.746,92593300,0.747,113091900,0.748,131364400,0.749,77778800,0.750,82782500,99999,99999,0
sh513130,09:48:17,1769564900761,,0.8913,2.6217,0.746,0.7465,-0.067,110800,82628,0.7457,0.745,66044300,0.744,104867700,0.743,80547100,0.742,55488500,0.741,42072100,0.746,96741900,0.747,117847700,0.748,131965400,0.749,77159400,0.750,82802500,99999,99999,0
sh513130,09:48:20,1769564903756,,0.8913,4.2615,0.745,0.7465,-0.2009,37243900,27746792,0.745,0.745,11948900,0.744,104867700,0.743,80623500,0.742,55488500,0.741,42082100,0.746,99253900,0.747,116373700,0.748,130141800,0.749,72156400,0.750,82807800,99999,99999,0
sh513130,09:48:23,1769564906762,,0.8913,3.5475,0.745,0.7458,-0.1073,14373800,10708451,0.745,0.744,104074900,0.743,81771900,0.742,55850400,0.741,42092400,0.740,43467500,0.745,81279300,0.746,90950300,0.747,92927500,0.748,117030500,0.749,59163100,99999,99999,0
sh513130,09:48:26,1769564909753,,0.8913,3.7851,0.745,0.7458,-0.1073,11183400,8331633,0.745,0.744,103072100,0.743,81968200,0.742,57857600,0.741,42092400,0.740,43468300,0.745,61866900,0.746,97448200,0.747,95006700,0.748,116755000,0.749,59183100,99999,99999,0
sh513130,09:48:29,1769564912753,,0.8913,2.5593,0.745,0.7452,-0.0268,1219800,908746,0.745,0.744,103985800,0.743,81971600,0.742,57857600,0.741,42092400,0.740,43468300,0.745,56718700,0.746,96066800,0.747,95067400,0.748,117063300,0.749,59188700,99999,99999,0
sh513130,09:48:32,1769564916740,,0.8913,1.8422,0.745,0.7452,-0.0268,389800,290346,0.7449,0.744,104477800,0.743,81944400,0.742,58847600,0.741,42092400,0.740,43468300,0.745,67334600,0.746,91517900,0.747,94117400,0.748,103922500,0.749,59222000,99999,99999,0
sh513130,09:48:35,1769564918736,,0.8913,1.5987,0.745,0.7452,-0.0268,1066800,794653,0.7449,0.744,105353500,0.743,81981800,0.742,57858300,0.741,42078400,0.740,43428600,0.745,67883800,0.746,92071600,0.747,94015500,0.748,103851500,0.749,59204900,99999,99999,0
sh513130,09:48:38,1769564922738,,0.8913,2.9978,0.745,0.7458,-0.1073,6900,5140,0.7449,0.744,105927100,0.743,82044700,0.742,58848300,0.741,42078400,0.740,43431300,0.745,73144000,0.746,93100700,0.747,90498700,0.748,94048100,0.749,59220300,99999,99999,0
sh513130,09:48:41,1769564924741,,0.8913,1.6129,0.745,0.7458,-0.1073,1665800,1240995,0.745,0.744,107572100,0.743,82051700,0.742,58848300,0.741,42078400,0.740,43326300,0.745,80687300,0.746,94747700,0.747,90558900,0.748,94085800,0.749,59222500,99999,99999,0
sh513130,09:48:44,1769564926738,,0.8913,1.3905,0.745,0.7452,-0.0268,406500,302837,0.745,0.744,90745800,0.743,101046900,0.742,77851400,0.741,42088400,0.740,43328300,0.745,75266200,0.746,96298700,0.747,90967700,0.748,94212500,0.749,59243300,99999,99999,0
sh513130,09:48:47,1769564930736,,0.8913,2.0356,0.745,0.7452,-0.0268,46800,34864,0.745,0.744,96921900,0.743,95788700,0.742,77931400,0.741,42089400,0.740,43328300,0.745,76508400,0.746,96387400,0.747,91185100,0.748,94370200,0.749,59392200,99999,99999,0
sh513130,09:48:50,1769564932732,,0.8913,0.8871,0.745,0.7452,-0.0268,105500,78598,0.745,0.744,92324200,0.743,95879200,0.742,77931400,0.741,42089400,0.740,43342300,0.745,82831200,0.746,96477400,0.747,91593100,0.748,94415400,0.749,59397700,99999,99999,0
sh513130,09:48:47,1769564933736,,0.8913,0.9115,0.745,0.7452,-0.0268,0,0,0.745,0.744,96921900,0.743,95788700,0.742,77931400,0.741,42089400,0.740,43328300,0.745,76508400,0.746,96387400,0.747,91185100,0.748,94370200,0.749,59392200,99999,99999,2
sh513130,09:48:50,1769564934738,,0.8913,0.3537,0.745,0.7452,-0.0268,0,0,0.745,0.744,92324200,0.743,95879200,0.742,77931400,0.741,42089400,0.740,43342300,0.745,82831200,0.746,96477400,0.747,91593100,0.748,94415400,0.749,59397700,99999,99999,0
sh513130,09:48:53,1769564935742,,0.8913,0.3841,0.745,0.7452,-0.0268,100800,75096,0.745,0.744,92474400,0.743,96226800,0.742,77852400,0.741,42189400,0.740,43342800,0.745,83578100,0.746,95751200,0.747,91775100,0.748,94525400,0.749,59377700,99999,99999,0
sh513130,09:48:56,1769564940741,,0.8913,1.461,0.745,0.7452,-0.0268,84100,62611,0.7445,0.744,91896500,0.743,96279800,0.742,77791100,0.741,42189400,0.740,43542800,0.745,84724000,0.746,95731100,0.747,92005600,0.748,94531400,0.749,59377700,99999,99999,0
sh513130,09:48:59,1769564943742,,0.8913,4.5181,0.745,0.7452,-0.0268,179200,133498,0.745,0.744,94232800,0.743,96472000,0.742,77791100,0.741,42189400,0.740,43553300,0.745,84724400,0.746,96628600,0.747,92157800,0.748,95363400,0.749,59377700,99999,99999,0
sh513130,09:49:02,1769564944751,,0.8913,4.3917,0.745,0.7452,-0.0268,26490700,19735558,0.745,0.744,103919600,0.743,96480800,0.742,75870800,0.741,42224400,0.740,43553300,0.745,60602300,0.746,104968200,0.747,101151200,0.748,103358000,0.749,59377700,99999,99999,0
sh513130,09:48:59,1769564946753,,0.8913,3.3032,0.745,0.7452,-0.0268,0,0,0.745,0.744,94232800,0.743,96472000,0.742,77791100,0.741,42189400,0.740,43553300,0.745,84724400,0.746,96628600,0.747,92157800,0.748,95363400,0.749,59377700,99999,99999,2
sh513130,09:49:02,1769564947755,,0.8913,3.1562,0.745,0.7452,-0.0268,0,0,0.745,0.744,103919600,0.743,96480800,0.742,75870800,0.741,42224400,0.740,43553300,0.745,60602300,0.746,104968200,0.747,101151200,0.748,103358000,0.749,59377700,99999,99999,0
sh513130,09:49:05,1769564948754,,0.8913,2.5265,0.745,0.7458,-0.1073,373800,278456,0.7449,0.744,105324800,0.743,96687500,0.742,75901100,0.741,42224400,0.740,43432000,0.745,59972900,0.746,104642200,0.747,101222700,0.748,107439600,0.749,59377700,99999,99999,0
sh513130,09:49:08,1769564951752,,0.8913,1.4965,0.745,0.7458,-0.1073,441100,328563,0.7449,0.744,107151800,0.743,96708500,0.742,75911100,0.741,42224400,0.740,43432000,0.745,22112000,0.746,106247700,0.747,101303300,0.748,109439600,0.749,59377600,99999,99999,0
sh513130,09:49:11,1769564954975,,0.8913,2.5675,0.745,0.7458,-0.1073,2265800,1686786,0.7445,0.744,108825400,0.743,96712200,0.742,75751100,0.741,42304400,0.740,43418100,0.745,1400,0.746,106768800,0.747,113814600,0.748,109454600,0.749,59377600,99999,99999,0
sh513130,09:49:14,1769564957749,,0.8913,1.977,0.745,0.7458,-0.1073,3768700,2807682,0.745,0.745,7530700,0.744,110615000,0.743,95907200,0.742,72787000,0.741,42304400,0.746,110726900,0.747,115239800,0.748,109932400,0.749,59377600,0.750,79179700,99999,99999,0
sh513130,09:49:17,1769564960960,,0.8913,3.7083,0.745,0.7458,-0.1073,739500,550927,0.745,0.745,68126500,0.744,98363400,0.743,96197600,0.742,72249200,0.741,42304400,0.746,109741300,0.747,115259800,0.748,109834300,0.749,59377600,0.750,79179700,99999,99999,0
sh513130,09:49:20,1769564964739,,0.8913,5.6018,0.745,0.7458,-0.1073,14058800,10473815,0.745,0.745,411400,0.744,98848500,0.743,97161100,0.742,75249200,0.741,42804400,0.746,109462600,0.747,115504100,0.748,109935300,0.749,59329900,0.750,79179700,99999,99999,0
sh513130,09:49:23,1769564966752,,0.8913,3.4665,0.745,0.7458,-0.1073,227900,169786,0.745,0.745,68464400,0.744,98455800,0.743,97212100,0.742,72249400,0.741,42814400,0.746,108530300,0.747,116407000,0.748,110625300,0.749,59667100,0.750,79179700,99999,99999,0
sh513130,09:49:26,1769564970271,,0.8913,3.1398,0.745,0.7458,-0.1073,134700,100351,0.745,0.745,75106200,0.744,97358700,0.743,96712100,0.742,72349400,0.741,42815400,0.746,107830000,0.747,115531000,0.748,111702800,0.749,59672100,0.750,79154100,99999,99999,0
sh513130,09:49:29,1769564972761,,0.8913,2.7317,0.745,0.7458,-0.1073,15200,11324,0.745,0.745,63056600,0.744,97439500,0.743,97153800,0.742,72349400,0.741,42815400,0.746,108570100,0.747,116541000,0.748,111765800,0.749,59732100,0.750,79144100,99999,99999,0
sh513130,09:49:32,1769564975755,,0.8913,3.5951,0.745,0.7458,-0.1073,31400,23403,0.7453,0.745,78186200,0.744,97475500,0.743,83362500,0.742,53371500,0.741,42815400,0.746,108561500,0.747,116860400,0.748,111804800,0.749,59238300,0.750,79144100,99999,99999,0
sh513130,09:49:35,1769564979749,,0.8913,3.3066,0.745,0.7458,-0.1073,57200,42614,0.745,0.745,12719500,0.744,97289900,0.743,84360500,0.742,55411500,0.741,42858700,0.746,109804900,0.747,116929100,0.748,110868300,0.749,59271300,0.750,78994100,99999,99999,0
sh513130,09:49:38,1769564981746,,0.8913,3.4249,0.746,0.7458,0.0268,22300,16621,0.7453,0.745,15902100,0.744,97639800,0.743,84360500,0.742,55921500,0.741,42848700,0.746,110713000,0.747,116290300,0.748,110639800,0.749,59271300,0.750,78944100,99999,99999,0
sh513130,09:49:41,1769564984741,,0.8913,1.2333,0.745,0.7458,-0.1073,1145800,853621,0.745,0.745,75883300,0.744,92244200,0.743,84306800,0.742,52921500,0.741,42848700,0.746,109919500,0.747,116135100,0.748,110639800,0.749,59279300,0.750,78940300,99999,99999,0
sh513130,09:49:38,1769564985737,,0.8913,1.5605,0.746,0.7458,0.0268,0,0,0.746,0.745,15902100,0.744,97639800,0.743,84360500,0.742,55921500,0.741,42848700,0.746,110713000,0.747,116290300,0.748,110639800,0.749,59271300,0.750,78944100,99999,99999,2
sh513130,09:49:44,1769564986735,,0.8913,1.8857,0.745,0.7458,-0.1073,16200,12069,0.745,0.745,45267200,0.744,97946200,0.743,83366800,0.742,53457600,0.741,42848700,0.746,108818200,0.747,117857900,0.748,111809800,0.749,59299200,0.750,78940300,99999,99999,0
sh513130,09:49:47,1769564990723,,0.8913,3.037,0.745,0.7458,-0.1073,0,0,0.745,0.745,42118200,0.744,98109700,0.743,84383700,0.742,53215700,0.741,42848700,0.746,111376200,0.747,118702700,0.748,109934600,0.749,59339200,0.750,78940300,99999,99999,0
sh513130,09:49:50,1769564993723,,0.8913,4.577,0.745,0.7458,-0.1073,45400,33823,0.745,0.745,71632300,0.744,98105500,0.743,84529100,0.742,53285700,0.741,43037200,0.746,111532400,0.747,119857400,0.748,110084600,0.749,59241200,0.750,79130300,99999,99999,0
sh513130,09:49:53,1769564996743,,0.8913,5.5096,0.745,0.7458,-0.1073,333900,248870,0.7453,0.745,78898600,0.744,92345700,0.743,83572700,0.742,53285700,0.741,43037200,0.746,110974200,0.747,119687200,0.748,111033200,0.749,58780200,0.750,79128900,99999,99999,0
sh513130,09:49:56,1769565000756,,0.8913,3.8195,0.745,0.7458,-0.1073,42300,31514,0.745,0.745,81824200,0.744,92570400,0.743,83520300,0.742,53285700,0.741,43037200,0.746,106163500,0.747,121761200,0.748,111076500,0.749,58780200,0.750,79128900,99999,99999,0
sh513130,09:49:59,1769565004766,,0.8913,3.6922,0.745,0.7465,-0.2009,869300,648204,0.7457,0.745,84070600,0.744,92588100,0.743,82511300,0.742,53285700,0.741,43064200,0.746,103509700,0.747,122989300,0.748,112078500,0.749,63780200,0.750,79128900,99999,99999,0
sh513130,09:50:02,1769565005772,,0.8913,3.0272,0.746,0.7465,-0.067,35000,26075,0.745,0.745,79826100,0.744,92835600,0.743,82521300,0.742,53339900,0.741,43064200,0.746,103632400,0.747,123159300,0.748,112173100,0.749,63740200,0.750,79129700,99999,99999,0
sh513130,09:50:05,1769565008294,,0.8913,2.0562,0.745,0.7465,-0.2009,81500,60739,0.7453,0.745,81322600,0.744,92820600,0.743,82521300,0.742,53339900,0.741,43064200,0.746,103611700,0.747,123644600,0.748,112229600,0.749,63740200,0.750,78851500,99999,99999,0
sh513130,09:50:08,1769565011760,,0.8913,1.8762,0.745,0.7465,-0.2009,405000,301727,0.745,0.745,80633500,0.744,92853200,0.743,83611300,0.742,53339900,0.741,43065200,0.746,110174700,0.747,123644600,0.748,111313800,0.749,58857800,0.750,78861500,99999,99999,0
sh513130,09:50:11,1769565015752,,0.8913,1.0693,0.745,0.7465,-0.2009,887300,661373,0.7454,0.745,83699700,0.744,93086200,0.743,82657200,0.742,53339900,0.741,43065200,0.746,103336200,0.747,125579600,0.748,112030300,0.749,58857800,0.750,78853500,99999,99999,0
sh513130,09:50:14,1769565017756,,0.8913,1.0557,0.746,0.7458,0.0268,573400,427285,0.7452,0.745,84498700,0.744,94083600,0.743,82764800,0.742,53340000,0.741,43065200,0.746,103419200,0.747,126171600,0.748,112280100,0.749,58858600,0.750,78810300,99999,99999,0
sh513130,09:50:17,1769565020750,,0.8913,1.6655,0.746,0.7458,0.0268,46400,34576,0.7452,0.745,86420200,0.744,94808800,0.743,82764800,0.742,53340400,0.741,42976700,0.746,98742000,0.747,130826000,0.748,126303200,0.749,58858600,0.750,78791300,99999,99999,0
sh513130,09:50:20,1769565024738,,0.8913,1.0752,0.746,0.7465,-0.067,144800,108020,0.746,0.745,86592300,0.744,95303800,0.743,82714600,0.742,53340400,0.741,42976700,0.746,104328500,0.747,131235900,0.748,126378900,0.749,63858600,0.750,78786300,99999,99999,0
sh513130,09:50:23,1769565026751,,0.8913,2.5541,0.745,0.7465,-0.2009,41800,31177,0.7459,0.745,87507000,0.744,95305700,0.743,82849100,0.742,53340400,0.741,42976700,0.746,104889500,0.747,131285900,0.748,126378900,0.749,63858600,0.750,78141600,99999,99999,0
sh513130,09:50:26,1769565028749,,0.8913,1.8618,0.746,0.7465,-0.067,135300,100916,0.7459,0.745,88903600,0.744,95310700,0.743,82849700,0.742,53340400,0.741,42976700,0.746,105084900,0.747,131343500,0.748,127284300,0.749,63760800,0.750,78148600,99999,99999,0
sh513130,09:50:29,1769565032717,,0.8913,2.2184,0.746,0.7465,-0.067,22100,16486,0.746,0.745,90045000,0.744,95330700,0.743,82879700,0.742,53698800,0.741,43176700,0.746,105283300,0.747,132239600,0.748,127283900,0.749,63783200,0.750,78293600,99999,99999,0
sh513130,09:50:32,1769565034700,,0.8913,0.6806,0.745,0.7465,-0.2009,23900,17819,0.7456,0.745,91038900,0.744,95332700,0.743,82880300,0.742,53708800,0.741,43176700,0.746,105280000,0.747,133238000,0.748,128335300,0.749,63783200,0.750,78304400,99999,99999,0
sh513130,09:50:35,1769565039701,,0.8913,5.0931,0.745,0.7465,-0.2009,187000,139325,0.7451,0.745,90949600,0.744,95328800,0.743,82889600,0.742,53716800,0.741,43178700,0.746,98695400,0.747,133283000,0.748,128106300,0.749,70502500,0.750,78379900,99999,99999,0
sh513130,09:50:38,1769565041695,,0.8913,4.6502,0.746,0.7465,-0.067,55800,41586,0.7453,0.745,92959400,0.744,95374800,0.743,82823400,0.742,53716800,0.741,43678700,0.746,82749400,0.747,134127500,0.748,128013800,0.749,68246500,0.750,78409900,99999,99999,0
sh513130,09:50:41,1769565044706,,0.8913,3.9593,0.745,0.7465,-0.2009,27800,20712,0.745,0.745,93830600,0.744,95259100,0.743,82823400,0.742,53716400,0.741,43690100,0.746,46269700,0.747,135062300,0.748,146131300,0.749,73502500,0.750,78409900,99999,99999,0
sh513130,09:50:44,1769565047702,,0.8913,3.9755,0.745,0.7465,-0.2009,1390900,1036368,0.7451,0.745,94079900,0.744,95071200,0.743,82843400,0.742,53716400,0.741,43690100,0.746,81440000,0.747,135952400,0.748,128079900,0.749,73482500,0.750,78423900,99999,99999,0
sh513130,09:50:47,1769565050688,,0.8913,3.6501,0.745,0.7465,-0.2009,198600,148008,0.7453,0.745,94929700,0.744,95068900,0.743,82893400,0.742,53180300,0.741,43690100,0.746,94398800,0.747,136699900,0.748,128166200,0.749,73482500,0.750,78423900,99999,99999,0
sh513130,09:50:50,1769565052691,,0.8913,2.8538,0.745,0.7465,-0.2009,367100,273701,0.7456,0.745,95704800,0.744,95348900,0.743,82913400,0.742,53180300,0.741,43690100,0.746,111325800,0.747,131114000,0.748,128116200,0.749,63809900,0.750,78678900,99999,99999,0
sh513130,09:50:53,1769565056698,,0.8913,2.5391,0.746,0.7465,-0.067,378100,281835,0.7454,0.745,96635500,0.744,95446900,0.743,82950100,0.742,53126100,0.741,43690100,0.746,106024000,0.747,136854200,0.748,128127000,0.749,63809900,0.750,78678900,99999,99999,0
sh513130,09:50:56,1769565060923,,0.8913,1.8092,0.746,0.7465,-0.067,194800,145270,0.7457,0.745,97538700,0.744,95679300,0.743,82950100,0.742,53153900,0.741,44289500,0.746,101258000,0.747,136858900,0.748,128218300,0.749,63809900,0.750,78691900,99999,99999,0
sh513130,09:50:59,1769565061707,,0.8913,2.0344,0.746,0.7465,-0.067,17500,13055,0.746,0.745,98683200,0.744,95685100,0.743,82950100,0.742,53154500,0.741,44289500,0.746,107010000,0.747,131303900,0.748,128205200,0.749,63805600,0.750,78691900,99999,99999,0
sh513130,09:50:56,1769565062719,,0.8913,1.9216,0.746,0.7465,-0.067,0,0,0.746,0.745,97538700,0.744,95679300,0.743,82950100,0.742,53153900,0.741,44289500,0.746,101258000,0.747,136858900,0.748,128218300,0.749,63809900,0.750,78691900,99999,99999,2
sh513130,09:50:59,1769565063710,,0.8913,1.8125,0.746,0.7465,-0.067,0,0,0.746,0.745,98683200,0.744,95685100,0.743,82950100,0.742,53154500,0.741,44289500,0.746,107010000,0.747,131303900,0.748,128205200,0.749,63805600,0.750,78691900,99999,99999,0
sh513130,09:51:02,1769565065708,,0.8913,2.7691,0.745,0.7465,-0.2009,414800,309117,0.7452,0.745,98473100,0.744,95687100,0.743,83940100,0.742,53154500,0.741,44289500,0.746,108508300,0.747,131313900,0.748,127235200,0.749,63805600,0.750,78911900,99999,99999,0
sh513130,09:51:05,1769565068691,,0.8913,3.9816,0.746,0.7465,-0.067,800,597,0.7462,0.745,99660200,0.744,96532100,0.743,83640100,0.742,53154500,0.741,44289500,0.746,108682800,0.747,131413900,0.748,127458200,0.749,63806000,0.750,78916900,99999,99999,0
sh513130,09:51:08,1769565071706,,0.8913,3.0132,0.745,0.7465,-0.2009,9300,6929,0.7451,0.745,100432300,0.744,96627900,0.743,83590100,0.742,53154500,0.741,44289500,0.746,108791600,0.747,137015100,0.748,127399800,0.749,64100800,0.750,79025000,99999,99999,0
sh513130,09:51:11,1769565074737,,0.8913,-0.0446,0.745,0.7465,-0.2009,163900,122122,0.7451,0.745,100432300,0.744,96627900,0.743,83590100,0.742,53154500,0.741,44289500,0.746,108555600,0.747,137812300,0.748,127389900,0.749,64058200,0.750,79106000,99999,99999,0
sh513130,09:51:14,1769565078278,,0.8913,1.6082,0.745,0.7465,-0.2009,110200,82105,0.7451,0.745,100455700,0.744,96588700,0.743,83590100,0.742,53144500,0.741,44290000,0.746,115486100,0.747,133120800,0.748,127559300,0.749,64061200,0.750,79196000,99999,99999,0
sh513130,09:51:17,1769565080762,,0.8913,1.9049,0.745,0.7465,-0.2009,14200,10582,0.7452,0.745,102525900,0.744,96588700,0.743,82600100,0.742,53144500,0.741,44290000,0.746,83454000,0.747,140725800,0.748,129385100,0.749,73733800,0.750,79237100,99999,99999,0
sh513130,09:51:20,1769565083770,,0.8913,2.761,0.745,0.7465,-0.2009,77000,57427,0.7458,0.745,103115600,0.744,97089200,0.743,82600100,0.742,53144500,0.741,44288600,0.746,98368900,0.747,139570500,0.748,130290300,0.749,73763800,0.750,79247100,99999,99999,0
sh513130,09:51:23,1769565086786,,0.8913,2.1477,0.745,0.7465,-0.2009,73000,54385,0.745,0.745,102819100,0.744,97085000,0.743,82500100,0.742,53144500,0.741,44211900,0.746,94513900,0.747,139590500,0.748,131212900,0.749,73763800,0.750,79238300,99999,99999,0
sh513130,09:51:26,1769565089797,,0.8913,1.2205,0.745,0.7465,-0.2009,1481800,1103943,0.745,0.745,100798600,0.744,97090000,0.743,82500700,0.742,53144500,0.741,44121900,0.746,92309000,0.747,140836200,0.748,132054400,0.749,73808800,0.750,79352900,99999,99999,0
sh513130,09:51:29,1769565092798,,0.8913,1.1587,0.746,0.7465,-0.067,246500,183652,0.745,0.745,100663600,0.744,97110000,0.743,82530700,0.742,53144500,0.741,44121900,0.746,109157100,0.747,135216200,0.748,132928000,0.749,64100300,0.750,79358900,99999,99999,0
sh513130,09:51:32,1769565094798,,0.8913,0.9803,0.745,0.7465,-0.2009,76100,56695,0.745,0.745,100787300,0.744,97133100,0.743,82540700,0.742,53144500,0.741,44121900,0.746,109439100,0.747,135216200,0.748,133768600,0.749,64100300,0.750,79385200,99999,99999,0
sh513130,09:51:35,1769565098801,,0.8913,0.9372,0.745,0.7465,-0.2009,200300,149223,0.745,0.745,100554700,0.744,97134100,0.743,82804400,0.742,53145000,0.741,44121900,0.746,96611300,0.747,142859900,0.748,133778600,0.749,64113700,0.750,79345200,99999,99999,0
sh513130,09:51:38,1769565101816,,0.8913,2.4284,0.746,0.7465,-0.067,1039200,774231,0.745,0.745,100853500,0.744,97159100,0.743,82814400,0.742,53145000,0.741,44121900,0.746,82173800,0.747,142869900,0.748,133792100,0.749,73918600,0.750,79347800,99999,99999,0
sh513130,09:51:41,1769565104825,,0.8913,3.4597,0.746,0.7465,-0.067,50000,37300,0.746,0.745,100849600,0.744,97099600,0.743,82794400,0.742,53145000,0.741,44121900,0.746,50434200,0.747,142591300,0.748,151877900,0.749,73918600,0.750,79412800,99999,99999,0
sh513130,09:51:44,1769565108818,,0.8913,4.0989,0.746,0.7465,-0.067,124400,92702,0.7452,0.745,100213200,0.744,97102500,0.743,81804400,0.742,53145100,0.741,44121900,0.746,116045100,0.747,137487500,0.748,134064900,0.749,64246000,0.750,79363200,99999,99999,0
sh513130,09:51:47,1769565110815,,0.8913,3.7897,0.746,0.7465,-0.067,1000500,745373,0.745,0.745,100950100,0.744,97409100,0.743,81814400,0.742,53145100,0.741,44121900,0.746,58210300,0.747,143093500,0.748,152165400,0.749,73918600,0.750,79413200,99999,99999,0
sh513130,09:51:50,1769565113817,,0.8913,2.572,0.746,0.7465,-0.067,56900,42433,0.7457,0.745,101142700,0.744,97563200,0.743,81814400,0.742,53153100,0.741,44221900,0.746,80467000,0.747,144215000,0.748,134209600,0.749,73918600,0.750,79441200,99999,99999,0
sh513130,09:51:53,1769565115814,,0.8913,2.18,0.746,0.7465,-0.067,347800,259411,0.7459,0.745,101400000,0.744,97563200,0.743,81814400,0.742,53153100,0.741,44298900,0.746,106752200,0.747,145340700,0.748,134238500,0.749,73908600,0.750,79465800,99999,99999,0
sh513130,09:51:56,1769565119821,,0.8913,4.4603,0.746,0.7465,-0.067,1000100,746075,0.746,0.745,101560500,0.744,97653900,0.743,82121100,0.742,53153100,0.741,44298900,0.746,105848200,0.747,145683300,0.748,134225800,0.749,73908600,0.750,79435800,99999,99999,0
sh513130,09:51:59,1769565123820,,0.8913,5.0208,0.745,0.7465,-0.2009,55700,41523,0.7455,0.745,103124000,0.744,97628600,0.743,82121100,0.742,53153100,0.741,44298900,0.746,69921300,0.747,146023600,0.748,134440100,0.749,73852300,0.750,79435800,99999,99999,0
sh513130,09:52:02,1769565125817,,0.8913,3.454,0.745,0.7465,-0.2009,22000,16403,0.7456,0.745,103144300,0.744,97462000,0.743,82120700,0.742,53153100,0.741,44298500,0.746,55919100,0.747,148009600,0.748,152617400,0.749,73822300,0.750,79382800,99999,99999,0
sh513130,09:52:05,1769565128818,,0.8913,3.852,0.745,0.7465,-0.2009,104900,78251,0.746,0.745,103277600,0.744,96630300,0.743,82140700,0.742,53153100,0.741,44298500,0.746,52161700,0.747,127990900,0.748,152472400,0.749,73922300,0.750,79419600,99999,99999,0
sh513130,09:52:08,1769565131816,,0.8913,2.9858,0.746,0.7472,-0.1606,5691300,4245710,0.746,0.745,104503700,0.744,96610300,0.743,82145700,0.742,53153100,0.741,44298500,0.746,45811500,0.747,126000900,0.748,151503900,0.749,73922300,0.750,79451800,99999,99999,0
sh513130,09:52:11,1769565134820,,0.8913,3.093,0.745,0.7472,-0.2944,47000,35035,0.7454,0.745,106655300,0.744,96605300,0.743,82162600,0.742,53153100,0.741,44298600,0.746,43313700,0.747,127236000,0.748,152381700,0.749,73955900,0.750,79731800,99999,99999,0
sh513130,09:52:14,1769565137037,,0.8913,1.8059,0.746,0.7472,-0.1606,376800,280951,0.7456,0.745,106564200,0.744,97443600,0.743,82035200,0.742,53159900,0.741,44298600,0.746,51419200,0.747,128321000,0.748,154377000,0.749,74187300,0.750,79844800,99999,99999,0
sh513130,09:52:17,1769565140826,,0.8913,1.0587,0.746,0.7472,-0.1606,250900,187166,0.746,0.745,106587800,0.744,97505600,0.743,82686300,0.742,53159900,0.741,44298600,0.746,54039800,0.747,128488000,0.748,155235300,0.749,74255300,0.750,79894800,99999,99999,0
sh513130,09:52:20,1769565143820,,0.8913,0.9821,0.746,0.7472,-0.1606,155000,115475,0.745,0.745,107107900,0.744,97575600,0.743,82739000,0.742,53173500,0.741,44298600,0.746,54046200,0.747,128458000,0.748,153622100,0.749,74255300,0.750,79894800,99999,99999,0
sh513130,09:52:23,1769565146817,,0.8913,4.0592,0.746,0.7465,-0.067,642300,479152,0.746,0.745,106502300,0.744,97482100,0.743,82745100,0.742,53173500,0.741,44298600,0.746,103959300,0.747,128640400,0.748,134707500,0.749,68999300,0.750,79894800,99999,99999,0
sh513130,09:52:26,1769565149819,,0.8913,3.3688,0.745,0.7465,-0.2009,320100,238783,0.746,0.745,105718600,0.744,97573800,0.743,83707800,0.742,53173500,0.741,44298600,0.746,116670900,0.747,124434800,0.748,134687500,0.749,64632700,0.750,79900600,99999,99999,0
sh513130,09:52:29,1769565151815,,0.8913,2.721,0.746,0.7465,-0.067,294400,219622,0.746,0.745,105633400,0.744,97573800,0.743,83707800,0.742,53173500,0.741,44298800,0.746,110520300,0.747,130765400,0.748,134741500,0.749,64646700,0.750,80020600,99999,99999,0
sh513130,09:52:32,1769565156336,,0.8913,2.1893,0.745,0.7465,-0.2009,224400,167192,0.7451,0.745,106389500,0.744,97568900,0.743,83707800,0.742,53173500,0.741,44298800,0.746,116638900,0.747,126006600,0.748,134691000,0.749,64631800,0.750,80040600,99999,99999,0
sh513130,09:52:35,1769565160834,,0.8913,6.1788,0.745,0.7465,-0.2009,118400,88227,0.7452,0.745,106815300,0.744,97619200,0.743,83719000,0.742,53173500,0.741,44298800,0.746,111111600,0.747,132535700,0.748,134753000,0.749,64631800,0.750,80056300,99999,99999,0
sh513130,09:52:38,1769565162074,,0.8913,6.259,0.745,0.7465,-0.2009,123600,92082,0.745,0.745,106694200,0.744,97623400,0.743,83769500,0.742,53173500,0.741,44298800,0.746,116990600,0.747,128605500,0.748,134591600,0.749,64631800,0.750,79996300,99999,99999,0
sh513130,09:52:41,1769565164846,,0.8913,6.2661,0.745,0.7465,-0.2009,103300,76969,0.7451,0.745,107817700,0.744,97638400,0.743,83769500,0.742,53183500,0.741,44312200,0.746,77957500,0.747,135010500,0.748,134610900,0.749,74384400,0.750,80088600,99999,99999,0
sh513130,09:52:44,1769565167868,,0.8913,3.8412,0.746,0.7465,-0.067,38400,28609,0.745,0.745,109730600,0.744,97658400,0.743,82773600,0.742,53183500,0.741,44312200,0.746,56934100,0.747,138910400,0.748,152712700,0.749,74384400,0.750,80150400,99999,99999,0
sh513130,09:52:47,1769565169868,,0.8913,4.1907,0.746,0.7465,-0.067,267900,199854,0.746,0.745,109757500,0.744,97643400,0.743,83273600,0.742,53183500,0.741,44332200,0.746,58277600,0.747,137805300,0.748,152911800,0.749,74454400,0.750,80111900,99999,99999,0
sh513130,09:52:44,1769565170866,,0.8913,4.5593,0.746,0.7465,-0.067,0,0,0.746,0.745,109730600,0.744,97658400,0.743,82773600,0.742,53183500,0.741,44312200,0.746,56934100,0.747,138910400,0.748,152712700,0.749,74384400,0.750,80150400,99999,99999,2
sh513130,09:52:47,1769565171863,,0.8913,3.9668,0.746,0.7465,-0.067,0,0,0.746,0.745,109757500,0.744,97643400,0.743,83273600,0.742,53183500,0.741,44332200,0.746,58277600,0.747,137805300,0.748,152911800,0.749,74454400,0.750,80111900,99999,99999,0
sh513130,09:52:50,1769565173875,,0.8913,4.1664,0.746,0.7472,-0.1606,242800,181121,0.746,0.745,110302100,0.744,95804300,0.743,83254300,0.742,53183500,0.741,44332200,0.746,49592800,0.747,133299800,0.748,152915300,0.749,74492100,0.750,80197400,99999,99999,0
sh513130,09:52:53,1769565176100,,0.8913,4.7244,0.746,0.7472,-0.1606,396900,295965,0.7457,0.745,110521200,0.744,92910500,0.743,83254300,0.742,53183500,0.741,44332200,0.746,49796100,0.747,133333700,0.748,152898500,0.749,74492100,0.750,80272400,99999,99999,0
sh513130,09:52:56,1769565180879,,0.8913,2.3495,0.745,0.7472,-0.2944,139600,104002,0.745,0.745,110675300,0.744,92929600,0.743,83280100,0.742,53183500,0.741,44332200,0.746,51821100,0.747,132291900,0.748,152918500,0.749,74500700,0.750,80289000,99999,99999,0
sh513130,09:52:59,1769565181880,,0.8913,3.0702,0.746,0.7472,-0.1606,250700,186968,0.7458,0.745,110483800,0.744,92929600,0.743,83283100,0.742,53183500,0.741,44332200,0.746,49189700,0.747,135167000,0.748,152955300,0.749,74500700,0.750,80289000,99999,99999,0
sh513130,09:53:02,1769565185878,,0.8913,4.0599,0.745,0.7472,-0.2944,45300,33748,0.745,0.745,109392000,0.744,92721800,0.743,83283100,0.742,53183500,0.741,44342200,0.746,101629800,0.747,134326700,0.748,135047600,0.749,70084100,0.750,80289000,99999,99999,0
sh513130,09:53:05,1769565188895,,0.8913,3.4193,0.746,0.7472,-0.1606,307900,229693,0.746,0.745,108421900,0.744,93579100,0.743,84273100,0.742,53183500,0.741,44342200,0.746,112429000,0.747,129521300,0.748,134779200,0.749,65101100,0.750,80401000,99999,99999,0
sh513130,09:53:08,1769565191914,,0.8913,3.9944,0.746,0.7465,-0.067,586100,436655,0.745,0.745,109164100,0.744,93606500,0.743,84373100,0.742,53183500,0.741,44342200,0.746,112569900,0.747,130358900,0.748,134725500,0.749,65134500,0.750,80411000,99999,99999,0
sh513130,09:53:11,1769565194917,,0.8913,2.0801,0.745,0.7465,-0.2009,65900,49152,0.7459,0.745,108409300,0.744,93661200,0.743,85353700,0.742,53183500,0.741,44342200,0.746,113582300,0.747,131322300,0.748,133734200,0.749,65096400,0.750,80311000,99999,99999,0
sh513130,09:53:14,1769565196910,,0.8913,1.3451,0.746,0.7465,-0.067,2591300,1930540,0.745,0.745,54465400,0.744,99187700,0.743,85471400,0.742,53183500,0.741,44342200,0.746,119471000,0.747,132157200,0.748,133734700,0.749,60099400,0.750,80311000,99999,99999,0
sh513130,09:53:17,1769565199909,,0.8913,0.8272,0.745,0.7465,-0.2009,49229500,36675978,0.745,0.744,101389800,0.743,87461400,0.742,55583500,0.741,44342200,0.740,44187800,0.745,22389300,0.746,114211700,0.747,114456100,0.748,129608400,0.749,60099400,99999,99999,0
sh513130,09:53:20,1769565203891,,0.8913,1.1071,0.746,0.7459,0.0134,4581800,3413451,0.745,0.745,1172800,0.744,102231200,0.743,87461400,0.742,55583500,0.741,44342200,0.746,117930800,0.747,135829100,0.748,129199000,0.749,60099400,0.750,80222100,99999,99999,0
sh513130,09:53:23,1769565205876,,0.8913,0.4149,0.745,0.7459,-0.1207,1762200,1312326,0.7447,0.744,101657000,0.743,87507900,0.742,55583500,0.741,44343400,0.740,44188800,0.745,72990800,0.746,109832400,0.747,113921300,0.748,114754000,0.749,60113700,99999,99999,0
sh513130,09:53:26,1769565210880,,0.8913,0.9043,0.745,0.7459,-0.1207,628800,468456,0.745,0.744,101431300,0.743,87517900,0.742,56573500,0.741,44343400,0.740,44088800,0.745,73227900,0.746,111635700,0.747,113925000,0.748,114754000,0.749,60113700,99999,99999,0
sh513130,09:53:29,1769565212863,,0.8913,1.2887,0.745,0.7459,-0.1207,157000,116959,0.745,0.744,101634000,0.743,87527900,0.742,56573500,0.741,44243400,0.740,44128800,0.745,59935600,0.746,113363200,0.747,114056200,0.748,125042900,0.749,60006100,99999,99999,0
sh513130,09:53:32,1769565214853,,0.8913,1.1447,0.744,0.7459,-0.2547,1227500,914425,0.7449,0.744,104566500,0.743,87527900,0.742,54483500,0.741,44243400,0.740,44128800,0.745,4072700,0.746,120561500,0.747,132216900,0.748,125095400,0.749,60006100,99999,99999,0
sh513130,09:53:35,1769565217854,,0.8913,0.7177,0.745,0.7459,-0.1207,4592900,3421699,0.745,0.745,76271700,0.744,97796800,0.743,86580700,0.742,52483500,0.741,44243400,0.746,124277200,0.747,132376500,0.748,125113000,0.749,60017700,0.750,80436800,99999,99999,0
sh513130,09:53:38,1769565222852,,0.8913,1.7299,0.745,0.7459,-0.1207,144100,107445,0.7456,0.745,82025500,0.744,97807800,0.743,86567100,0.742,52082800,0.741,44243400,0.746,121137700,0.747,132369800,0.748,125568000,0.749,60027700,0.750,80438800,99999,99999,0
sh513130,09:53:41,1769565224852,,0.8913,2.2067,0.745,0.7459,-0.1207,13100,9760,0.745,0.745,83336800,0.744,97797800,0.743,86447700,0.742,52082800,0.741,44243400,0.746,121754800,0.747,133204700,0.748,125567000,0.749,59927900,0.750,80438800,99999,99999,0
sh513130,09:53:44,1769565226848,,0.8913,2.6022,0.745,0.7459,-0.1207,91800,68391,0.745,0.745,84295000,0.744,97716900,0.743,86454400,0.742,52082800,0.741,44233400,0.746,124811000,0.747,133233100,0.748,125567200,0.749,59941900,0.750,80468100,99999,99999,0
sh513130,09:53:47,1769565231824,,0.8913,3.0175,0.746,0.7459,0.0134,9900,7376,0.7451,0.745,84315500,0.744,97749400,0.743,86416000,0.742,52112800,0.741,44249300,0.746,119677200,0.747,133248900,0.748,125555900,0.749,59941900,0.750,80468100,99999,99999,0
sh513130,09:53:50,1769565233820,,0.8913,2.8122,0.745,0.7459,-0.1207,247000,184015,0.745,0.745,84827900,0.744,97666100,0.743,86399200,0.742,52112800,0.741,44249300,0.746,119925800,0.747,133246900,0.748,125682900,0.749,64941900,0.750,80504500,99999,99999,0
sh513130,09:53:53,1769565236827,,0.8913,3.0072,0.745,0.7466,-0.2143,457400,340767,0.745,0.745,85345500,0.744,97680200,0.743,86399200,0.742,52112800,0.741,44249300,0.746,120636800,0.747,133615200,0.748,125701000,0.749,64941900,0.750,80504500,99999,99999,0
sh513130,09:53:56,1769565238829,,0.8913,4.7719,0.745,0.7466,-0.2143,374300,279046,0.7455,0.745,78910300,0.744,98475200,0.743,87020200,0.742,52726800,0.741,44849300,0.746,126140100,0.747,135246000,0.748,126323600,0.749,60502400,0.750,81104500,99999,99999,0
sh513130,09:53:59,1769565241831,,0.8913,3.4813,0.746,0.7459,0.0134,20600,15349,0.7451,0.745,72292700,0.744,104070200,0.743,86763300,0.742,52740800,0.741,44849300,0.746,128313100,0.747,136130900,0.748,126482900,0.749,60570500,0.750,81194500,99999,99999,0
sh513130,09:54:02,1769565245816,,0.8913,4.7376,0.745,0.7459,-0.1207,516200,384575,0.745,0.745,78308200,0.744,98490200,0.743,86763300,0.742,52740800,0.741,44849300,0.746,128275100,0.747,136172900,0.748,126518300,0.749,60590400,0.750,81184400,99999,99999,0
sh513130,09:54:05,1769565249802,,0.8913,6.0301,0.746,0.7459,0.0134,218800,163204,0.7459,0.745,80580900,0.744,99308500,0.743,86782000,0.742,52740800,0.741,44849300,0.746,122331800,0.747,137295900,0.748,126625300,0.749,60590400,0.750,81234400,99999,99999,0
sh513130,09:54:08,1769565251800,,0.8913,4.4997,0.745,0.7466,-0.2143,178500,132982,0.745,0.745,80472400,0.744,99308500,0.743,86807100,0.742,52700300,0.741,44849300,0.746,90038300,0.747,140084500,0.748,127571000,0.749,70846400,0.750,81254400,99999,99999,0
sh513130,09:54:11,1769565254772,,0.8913,3.2429,0.746,0.7466,-0.0804,137200,102215,0.745,0.745,81208100,0.744,98594400,0.743,86814100,0.742,52700300,0.741,44849300,0.746,118328400,0.747,134932500,0.748,127471000,0.749,65590400,0.750,81254400,99999,99999,0
sh513130,09:54:14,1769565256771,,0.8913,2.8941,0.746,0.7466,-0.0804,1900,1416,0.7453,0.745,82133700,0.744,98499400,0.743,86808500,0.742,52700300,0.741,44849300,0.746,119034000,0.747,135867500,0.748,127472500,0.749,65590400,0.750,81254400,99999,99999,0
sh513130,09:54:17,1769565260768,,0.8913,3.5694,0.746,0.7466,-0.0804,111200,82955,0.746,0.745,82995000,0.744,98499400,0.743,86808500,0.742,52700300,0.741,44849300,0.746,119175800,0.747,136707500,0.748,127424800,0.749,65590400,0.750,81185400,99999,99999,0
sh513130,09:54:20,1769565263769,,0.8913,5.8032,0.746,0.7466,-0.0804,3200,2388,0.7462,0.745,84914800,0.744,98541800,0.743,85827900,0.742,52700300,0.741,44869300,0.746,115483200,0.747,137990600,0.748,128420200,0.749,68590400,0.750,81185400,99999,99999,0
sh513130,09:54:23,1769565265992,,0.8913,5.2929,0.745,0.7466,-0.2143,34000,25363,0.746,0.745,85680800,0.744,98581800,0.743,85757900,0.742,52700300,0.741,44869300,0.746,118941300,0.747,138008600,0.748,128853600,0.749,65690400,0.750,81170900,99999,99999,0
sh513130,09:54:26,1769565268765,,0.8913,4.0563,0.745,0.7466,-0.2143,70300,52390,0.7452,0.745,85620200,0.744,98284300,0.743,87102900,0.742,52700300,0.741,44872300,0.746,120050400,0.747,138077700,0.748,127922000,0.749,65692400,0.750,81185900,99999,99999,0
sh513130,09:54:29,1769565272753,,0.8913,0.8411,0.745,0.7466,-0.2143,180600,134547,0.745,0.745,76775000,0.744,98404300,0.743,87078100,0.742,52700300,0.741,44872300,0.746,125382600,0.747,138067700,0.748,127923500,0.749,60706900,0.750,81273500,99999,99999,0
sh513130,09:54:32,1769565275753,,0.8913,1.5601,0.745,0.7466,-0.2143,94900,70701,0.745,0.745,81059400,0.744,104014300,0.743,87078100,0.742,52700300,0.741,44908900,0.746,126298700,0.747,138095700,0.748,127973500,0.749,60706900,0.750,81273500,99999,99999,0
sh513130,09:54:35,1769565279753,,0.8913,1.5531,0.745,0.7459,-0.1207,247600,184608,0.7456,0.745,90351800,0.744,98416700,0.743,87180700,0.742,52688300,0.741,44908900,0.746,126331500,0.747,138095700,0.748,127961000,0.749,60707100,0.750,81278900,99999,99999,0
sh513130,09:54:38,1769565281751,,0.8913,2.399,0.745,0.7466,-0.2143,25600,19072,0.745,0.745,91210900,0.744,98916700,0.743,87230700,0.742,52688300,0.741,44908900,0.746,125380000,0.747,138310300,0.748,127936500,0.749,60707100,0.750,81261800,99999,99999,0
sh513130,09:54:41,1769565285739,,0.8913,2.8952,0.745,0.7466,-0.2143,600000,447000,0.745,0.745,85831700,0.744,99256700,0.743,87231700,0.742,52691000,0.741,44918900,0.746,125335100,0.747,138330300,0.748,127997900,0.749,60707100,0.750,81361900,99999,99999,0
sh513130,09:54:44,1769565287735,,0.8913,2.9162,0.745,0.7466,-0.2143,79800,59454,0.745,0.745,68771200,0.744,104856700,0.743,87201700,0.742,52691000,0.741,44918900,0.746,126183300,0.747,139205500,0.748,128002900,0.749,60720500,0.750,81447400,99999,99999,0
sh513130,09:54:47,1769565291722,,0.8913,4.3009,0.745,0.7466,-0.2143,174300,129915,0.7454,0.745,55271200,0.744,104866700,0.743,87156700,0.742,52681000,0.741,44919200,0.746,126373700,0.747,141029500,0.748,128006900,0.749,60770800,0.750,81469400,99999,99999,0
sh513130,09:54:50,1769565293719,,0.8913,3.3953,0.746,0.7459,0.0134,66600,49631,0.7452,0.745,11684800,0.744,105705000,0.743,87156700,0.742,54681000,0.741,44919200,0.746,127392700,0.747,141798500,0.748,127013900,0.749,60770800,0.750,81456700,99999,99999,0
sh513130,09:54:53,1769565296718,,0.8913,4.5403,0.745,0.7459,-0.1207,81300,60582,0.7452,0.745,55438400,0.744,105748000,0.743,87156700,0.742,52681000,0.741,44919200,0.746,126263300,0.747,141868500,0.748,128043900,0.749,60756100,0.750,81426100,99999,99999,0
sh513130,09:54:56,1769565299705,,0.8913,2.9232,0.745,0.7459,-0.1207,13549000,10094287,0.745,0.744,105439300,0.743,88163400,0.742,55081000,0.741,44919200,0.740,44997100,0.745,3011200,0.746,128667500,0.747,141756400,0.748,127122400,0.749,60756100,99999,99999,0
sh513130,09:54:59,1769565302705,,0.8913,1.6183,0.745,0.7459,-0.1207,387000,288252,0.7448,0.744,106225000,0.743,87754700,0.742,55081000,0.741,44919200,0.740,44977000,0.745,71613600,0.746,121887000,0.747,118538100,0.748,118398000,0.749,60756100,99999,99999,0
sh513130,09:55:02,1769565305704,,0.8913,3.5045,0.745,0.7459,-0.1207,338900,252480,0.745,0.744,105235100,0.743,87754700,0.742,56071000,0.741,44919200,0.740,44977000,0.745,76915800,0.746,120452400,0.747,118738100,0.748,116442600,0.749,60786100,99999,99999,0
sh513130,09:55:05,1769565307706,,0.8913,3.1132,0.744,0.7459,-0.2547,464900,345928,0.7441,0.744,106328800,0.743,86808400,0.742,55071000,0.741,43919200,0.740,43977000,0.745,77887100,0.746,121453500,0.747,117745700,0.748,115442600,0.749,59796100,99999,99999,0
sh513130,09:55:08,1769565311703,,0.8913,3.4644,0.744,0.7453,-0.1744,35500,26413,0.744,0.744,104851200,0.743,86808400,0.742,57061000,0.741,43919200,0.740,44003600,0.745,80955800,0.746,121431500,0.747,116788300,0.748,115461100,0.749,59800000,99999,99999,0
sh513130,09:55:11,1769565314688,,0.8913,2.7542,0.744,0.7453,-0.1744,451600,336073,0.7442,0.744,106024200,0.743,86812800,0.742,57144900,0.741,44319200,0.740,44004500,0.745,80872400,0.746,120773800,0.747,116708300,0.748,102462400,0.749,59802000,99999,99999,0
sh513130,09:55:14,1769565318671,,0.8913,2.3112,0.744,0.7453,-0.1744,11400,8484,0.7442,0.744,107026100,0.743,87037900,0.742,57044900,0.741,44319200,0.740,44004500,0.745,81968800,0.746,120645600,0.747,116567100,0.748,102380900,0.749,59802000,99999,99999,0
sh513130,09:55:17,1769565320665,,0.8913,2.0276,0.745,0.7453,-0.0403,462800,344364,0.7441,0.744,107928100,0.743,87101000,0.742,57044900,0.741,43907200,0.740,44004500,0.745,63129700,0.746,126095900,0.747,116867100,0.748,102377400,0.749,59802000,99999,99999,0
sh513130,09:55:20,1769565323674,,0.8913,5.2156,0.745,0.7453,-0.0403,11100,8265,0.7446,0.744,108436200,0.743,87102600,0.742,56156300,0.741,43907200,0.740,44014500,0.745,44365800,0.746,126715900,0.747,117057800,0.748,111729000,0.749,59803500,99999,99999,0
sh513130,09:55:23,1769565327661,,0.8913,3.1825,0.745,0.7459,-0.1207,7922300,5902089,0.745,0.745,12427300,0.744,109726500,0.743,86037600,0.742,56156300,0.741,43907200,0.746,124877800,0.747,133901300,0.748,112142500,0.749,59813500,0.750,80293900,99999,99999,0
sh513130,09:55:26,1769565329659,,0.8913,2.1597,0.745,0.7459,-0.1207,30000,22350,0.745,0.745,14347100,0.744,112019600,0.743,86223500,0.742,55161300,0.741,43907200,0.746,124939100,0.747,134147500,0.748,112149900,0.749,59813500,0.750,80193900,99999,99999,0
sh513130,09:55:29,1769565332655,,0.8913,2.2488,0.745,0.7459,-0.1207,145700,108546,0.745,0.745,3479100,0.744,113049200,0.743,86461200,0.742,55161300,0.741,43907200,0.746,126519300,0.747,134069800,0.748,112159900,0.749,59813500,0.750,80195900,99999,99999,0
sh513130,09:55:32,1769565334641,,0.8913,1.2804,0.745,0.7459,-0.1207,3164600,2357647,0.745,0.744,114023400,0.743,87451200,0.742,55561300,0.741,43907200,0.740,44015500,0.745,49113500,0.746,127318900,0.747,115071700,0.748,112359900,0.749,59813500,99999,99999,0
sh513130,09:55:35,1769565337652,,0.8913,1.5759,0.745,0.7459,-0.1207,87900,65476,0.7449,0.744,113896200,0.743,87451200,0.742,56551300,0.741,43907200,0.740,44015500,0.745,23891400,0.746,128025300,0.747,114069400,0.748,111946300,0.749,59364900,99999,99999,0
sh513130,09:55:38,1769565340651,,0.8913,1.8264,0.745,0.7459,-0.1207,9561600,7123405,0.745,0.744,114106700,0.743,87598600,0.742,56551300,0.741,43907200,0.740,42815500,0.745,13009000,0.746,129032400,0.747,135567500,0.748,112260300,0.749,59364900,99999,99999,0
sh513130,09:55:41,1769565343642,,0.8913,5.2805,0.745,0.7459,-0.1207,149200,111133,0.7449,0.744,115536500,0.743,87598600,0.742,56602300,0.741,43907200,0.740,44015500,0.745,25347100,0.746,130058400,0.747,114534300,0.748,112660300,0.749,59364900,99999,99999,0
