symbol,tx_server_time,tx_local_time,bd_server_time,bd_local_time,price,iopv,premium_rate,index_price,fx_rate,sentiment,tick_vol,tick_amt,tick_vwap,interval_s,bp1,bv1,bp2,bv2,bp3,bv3,bp4,bv4,bp5,bv5,sp1,sv1,sp2,sv2,sp3,sv3,sp4,sv4,sp5,sv5,idx_delay_ms,fut_delay_ms,data_flags
sh513130,09:35:43,1767576946767,09:36:46,1767576946465,0.744,0.7451,-0.1476,5747.14,0.8972,-0.7558,0,0,0.744,0.0,0.743,36811000,0.742,47733300,0.741,37097700,0.740,21654400,0.739,25737900,0.744,110729200,0.745,136341500,0.746,102619700,0.747,59033500,0.748,62591100,301,0,1
sh513130,09:35:46,1767576947739,09:36:46,1767576947314,0.744,0.7451,-0.1476,5747.14,0.8972,-0.7408,2112000,1569497,0.7431,0.971,0.743,41113700,0.742,42159500,0.741,37509200,0.740,22093000,0.739,25722900,0.744,69914400,0.745,136762800,0.746,103817300,0.747,69188100,0.748,62761600,424,0,0
sh513130,09:35:46,1767576948735,09:36:48,1767576948496,0.744,0.7451,-0.1476,5748.65,0.8972,-0.3614,0,0,0.744,0.996,0.743,41113700,0.742,42159500,0.741,37509200,0.740,22093000,0.739,25722900,0.744,69914400,0.745,136762800,0.746,103817300,0.747,69188100,0.748,62761600,239,0,0
sh513130,09:35:46,1767576949726,09:36:48,1767576949479,0.744,0.7451,-0.1476,5748.65,0.8972,0.2201,0,0,0.744,0.991,0.743,41113700,0.742,42159500,0.741,37509200,0.740,22093000,0.739,25722900,0.744,69914400,0.745,136762800,0.746,103817300,0.747,69188100,0.748,62761600,247,0,0
sh513130,09:35:46,1767576950737,09:36:50,1767576950495,0.744,0.7451,-0.1476,5743.59,0.8972,4.4752,0,0,0.744,1.011,0.743,41113700,0.742,42159500,0.741,37509200,0.740,22093000,0.739,25722900,0.744,69914400,0.745,136762800,0.746,103817300,0.747,69188100,0.748,62761600,241,0,0
sh513130,09:35:46,1767576951757,09:36:50,1767576951658,0.744,0.7451,-0.1476,5743.59,0.8972,5.1334,0,0,0.744,1.02,0.743,41113700,0.742,42159500,0.741,37509200,0.740,22093000,0.739,25722900,0.744,69914400,0.745,136762800,0.746,103817300,0.747,69188100,0.748,62761600,98,0,0
sh513130,09:35:49,1767576952745,09:36:52,1767576952515,0.743,0.7451,-0.2818,5744.06,0.8972,4.6394,11958000,8885768,0.7431,0.987,0.742,44527900,0.741,37427200,0.740,25072500,0.739,26730800,0.738,27764800,0.743,20555600,0.744,110397200,0.745,143236900,0.746,101934400,0.747,59200100,229,0,0
sh513130,09:35:49,1767576953761,09:36:52,1767576952515,0.743,0.7451,-0.2818,5744.06,0.8972,3.1563,0,0,0.743,1.016,0.742,44527900,0.741,37427200,0.740,25072500,0.739,26730800,0.738,27764800,0.743,20555600,0.744,110397200,0.745,143236900,0.746,101934400,0.747,59200100,1245,0,0
sh513130,09:35:49,1767576954747,09:36:54,1767576954541,0.743,0.7451,-0.2818,5743.98,0.8972,3.6683,0,0,0.743,0.986,0.742,44527900,0.741,37427200,0.740,25072500,0.739,26730800,0.738,27764800,0.743,20555600,0.744,110397200,0.745,143236900,0.746,101934400,0.747,59200100,206,0,0
sh513130,09:35:52,1767576955755,09:36:54,1767576954541,0.743,0.7445,-0.2015,5743.98,0.8972,2.7425,9261800,6881675,0.743,1.009,0.743,53989600,0.742,44775600,0.741,30728600,0.740,25122500,0.739,26738800,0.744,115078100,0.745,142377400,0.746,103388900,0.747,59219800,0.748,54167600,1214,0,0
sh513130,09:35:52,1767576956758,09:36:56,1767576956496,0.743,0.7445,-0.2015,5742.3,0.8972,3.5823,0,0,0.743,1.003,0.743,53989600,0.742,44775600,0.741,30728600,0.740,25122500,0.739,26738800,0.744,115078100,0.745,142377400,0.746,103388900,0.747,59219800,0.748,54167600,262,0,0
sh513130,09:35:55,1767576957745,09:36:56,1767576956496,0.743,0.7445,-0.2015,5742.3,0.8972,3.5084,8336000,6193610,0.743,0.986,0.742,47737600,0.741,45167200,0.740,25084900,0.739,26738800,0.738,27856000,0.743,7823300,0.744,115136700,0.745,143487900,0.746,104055100,0.747,59372600,1248,0,0
sh513130,09:35:55,1767576958747,09:36:58,1767576958496,0.743,0.7445,-0.2015,5742.32,0.8972,2.9005,0,0,0.743,1.002,0.742,47737600,0.741,45167200,0.740,25084900,0.739,26738800,0.738,27856000,0.743,7823300,0.744,115136700,0.745,143487900,0.746,104055100,0.747,59372600,250,0,0
sh513130,09:35:55,1767576959756,09:36:58,1767576958496,0.743,0.7445,-0.2015,5742.32,0.8972,4.3404,0,0,0.743,1.01,0.742,47737600,0.741,45167200,0.740,25084900,0.739,26738800,0.738,27856000,0.743,7823300,0.744,115136700,0.745,143487900,0.746,104055100,0.747,59372600,1260,0,0
sh513130,09:35:58,1767576960746,09:37:00,1767576960442,0.743,0.7444,-0.1881,5743.41,0.8972,4.2782,485500,360654,0.7429,0.99,0.742,47743300,0.741,45167200,0.740,27462700,0.739,26738800,0.738,27882700,0.743,10937000,0.744,114620500,0.745,143370700,0.746,103423100,0.747,60351500,303,0,0
sh513130,09:35:58,1767576961746,09:37:00,1767576960442,0.743,0.7444,-0.1881,5743.41,0.8972,3.6008,0,0,0.743,1.0,0.742,47743300,0.741,45167200,0.740,27462700,0.739,26738800,0.738,27882700,0.743,10937000,0.744,114620500,0.745,143370700,0.746,103423100,0.747,60351500,1304,0,0
sh513130,09:35:58,1767576962766,09:37:02,1767576962493,0.743,0.7444,-0.1881,5742.66,0.8972,3.9805,0,0,0.743,1.02,0.742,47743300,0.741,45167200,0.740,27462700,0.739,26738800,0.738,27882700,0.743,10937000,0.744,114620500,0.745,143370700,0.746,103423100,0.747,60351500,272,0,0
sh513130,09:36:01,1767576963755,09:37:02,1767576962493,0.744,0.7444,-0.0537,5742.66,0.8972,3.2955,8329200,6188931,0.743,0.989,0.743,42623900,0.742,48688100,0.741,35237500,0.740,27515700,0.739,26733800,0.744,117697800,0.745,142586400,0.746,103602100,0.747,60447100,0.748,54129400,1261,0,0
sh513130,09:36:01,1767576964768,09:37:04,1767576964607,0.744,0.7444,-0.0537,5744.63,0.8972,2.8437,0,0,0.744,1.013,0.743,42623900,0.742,48688100,0.741,35237500,0.740,27515700,0.739,26733800,0.744,117697800,0.745,142586400,0.746,103602100,0.747,60447100,0.748,54129400,161,0,0
sh513130,09:36:01,1767576965756,09:37:04,1767576964607,0.744,0.7444,-0.0537,5744.63,0.8972,5.6351,0,0,0.744,0.987,0.743,42623900,0.742,48688100,0.741,35237500,0.740,27515700,0.739,26733800,0.744,117697800,0.745,142586400,0.746,103602100,0.747,60447100,0.748,54129400,1148,0,0
sh513130,09:36:04,1767576966766,09:37:06,1767576966474,0.743,0.7444,-0.1881,5745.13,0.8972,5.5843,5894300,4380050,0.7431,1.011,0.743,58604700,0.742,46298500,0.741,35265500,0.740,22377900,0.739,27727900,0.744,106486200,0.745,136470300,0.746,103174800,0.747,60335600,0.748,62364400,291,0,0
sh513130,09:36:01,1767576967764,09:37:06,1767576966772,0.744,0.7444,-0.0537,5745.13,0.8972,4.6601,0,0,0.744,0.998,0.743,42623900,0.742,48688100,0.741,35237500,0.740,27515700,0.739,26733800,0.744,117697800,0.745,142586400,0.746,103602100,0.747,60447100,0.748,54129400,992,0,1
sh513130,09:36:04,1767576968765,09:37:08,1767576968480,0.743,0.7444,-0.1881,5746.85,0.8972,3.3782,5894300,4380050,0.7431,1.001,0.743,58604700,0.742,46298500,0.741,35265500,0.740,22377900,0.739,27727900,0.744,106486200,0.745,136470300,0.746,103174800,0.747,60335600,0.748,62364400,285,0,0
sh513130,09:36:07,1767576969780,09:37:08,1767576968923,0.743,0.7444,-0.1881,5746.85,0.8972,3.3157,2773600,2060846,0.743,1.015,0.743,52596300,0.742,51811600,0.741,35265500,0.740,22438300,0.739,27727900,0.744,117313000,0.745,144445000,0.746,103794300,0.747,60152900,0.748,54703300,857,0,0
sh513130,09:36:04,1767576970771,09:37:10,1767576970513,0.743,0.7444,-0.1881,5745.48,0.8972,2.4655,0,0,0.743,0.991,0.743,58604700,0.742,46298500,0.741,35265500,0.740,22377900,0.739,27727900,0.744,106486200,0.745,136470300,0.746,103174800,0.747,60335600,0.748,62364400,258,0,1
sh513130,09:36:07,1767576971758,09:37:10,1767576971073,0.743,0.7444,-0.1881,5745.48,0.8972,2.4603,2773600,2060846,0.743,0.987,0.743,52596300,0.742,51811600,0.741,35265500,0.740,22438300,0.739,27727900,0.744,117313000,0.745,144445000,0.746,103794300,0.747,60152900,0.748,54703300,684,0,0
sh513130,09:36:10,1767576972777,09:37:12,1767576972507,0.743,0.7444,-0.1881,5744.75,0.8972,0.9994,2617800,1945380,0.7431,1.018,0.743,50223900,0.742,53237600,0.741,35465500,0.740,22167900,0.739,27727900,0.744,118749700,0.745,145552200,0.746,103828600,0.747,60158400,0.748,54723300,269,0,0
sh513130,09:36:10,1767576973794,09:37:12,1767576973225,0.743,0.7444,-0.1881,5744.75,0.8972,0.9796,0,0,0.743,1.017,0.743,50223900,0.742,53237600,0.741,35465500,0.740,22167900,0.739,27727900,0.744,118749700,0.745,145552200,0.746,103828600,0.747,60158400,0.748,54723300,568,0,0
sh513130,09:36:10,1767576974772,09:37:14,1767576974452,0.743,0.7444,-0.1881,5746.26,0.8972,1.3726,0,0,0.743,0.979,0.743,50223900,0.742,53237600,0.741,35465500,0.740,22167900,0.739,27727900,0.744,118749700,0.745,145552200,0.746,103828600,0.747,60158400,0.748,54723300,320,0,0
sh513130,09:36:10,1767576975787,09:37:14,1767576975381,0.743,0.7444,-0.1881,5746.26,0.8972,3.8557,0,0,0.743,1.015,0.743,50223900,0.742,53237600,0.741,35465500,0.740,22167900,0.739,27727900,0.744,118749700,0.745,145552200,0.746,103828600,0.747,60158400,0.748,54723300,406,0,0
sh513130,09:36:13,1767576976776,09:37:16,1767576976473,0.743,0.7445,-0.2015,5747.4,0.8972,3.1962,2885600,2144614,0.7432,0.989,0.743,36015300,0.742,53307800,0.741,35425500,0.740,22175900,0.739,27717200,0.744,118715300,0.745,148623700,0.746,104956200,0.747,59980600,0.748,54992000,302,0,0
sh513130,09:36:13,1767576977776,09:37:16,1767576977539,0.743,0.7445,-0.2015,5747.4,0.8972,3.3472,0,0,0.743,1.0,0.743,36015300,0.742,53307800,0.741,35425500,0.740,22175900,0.739,27717200,0.744,118715300,0.745,148623700,0.746,104956200,0.747,59980600,0.748,54992000,236,0,0
sh513130,09:36:16,1767576978803,09:37:18,1767576978559,0.743,0.7445,-0.2015,5748.73,0.8972,3.1937,2699500,2005760,0.743,1.027,0.743,33375600,0.742,53255300,0.741,35425500,0.740,22286900,0.739,27714200,0.744,118648700,0.745,147604200,0.746,105445300,0.747,60081100,0.748,55030000,243,0,0
sh513130,09:36:16,1767576979775,09:37:18,1767576979713,0.743,0.7445,-0.2015,5748.73,0.8972,3.0225,0,0,0.743,0.972,0.743,33375600,0.742,53255300,0.741,35425500,0.740,22286900,0.739,27714200,0.744,118648700,0.745,147604200,0.746,105445300,0.747,60081100,0.748,55030000,62,0,0
sh513130,09:36:16,1767576980788,09:37:20,1767576980508,0.743,0.7445,-0.2015,5745.3,0.8972,3.7107,0,0,0.743,1.013,0.743,33375600,0.742,53255300,0.741,35425500,0.740,22286900,0.739,27714200,0.744,118648700,0.745,147604200,0.746,105445300,0.747,60081100,0.748,55030000,279,0,0
sh513130,09:36:19,1767576981790,09:37:20,1767576980508,0.744,0.7444,-0.0537,5745.3,0.8972,3.6997,3915300,2909411,0.7431,1.002,0.743,6072300,0.742,53299000,0.741,35425500,0.740,22387200,0.739,27705700,0.744,117741200,0.745,140140100,0.746,106524800,0.747,60203000,0.748,62749600,1281,0,0
sh513130,09:36:19,1767576982787,09:37:22,1767576982456,0.744,0.7444,-0.0537,5744.39,0.8972,5.7675,0,0,0.744,0.998,0.743,6072300,0.742,53299000,0.741,35425500,0.740,22387200,0.739,27705700,0.744,117741200,0.745,140140100,0.746,106524800,0.747,60203000,0.748,62749600,331,0,0
sh513130,09:36:19,1767576983812,09:37:22,1767576982456,0.744,0.7444,-0.0537,5744.39,0.8972,5.6791,0,0,0.744,1.025,0.743,6072300,0.742,53299000,0.741,35425500,0.740,22387200,0.739,27705700,0.744,117741200,0.745,140140100,0.746,106524800,0.747,60203000,0.748,62749600,1355,0,0
sh513130,09:36:22,1767576984776,09:37:24,1767576984514,0.744,0.7444,-0.0537,5744.94,0.8972,4.2568,18988400,14108342,0.743,0.965,0.743,49230400,0.742,53290400,0.741,32425800,0.740,24627200,0.739,27705700,0.744,119142200,0.745,148845400,0.746,104642000,0.747,60197900,0.748,55210200,262,0,0
sh513130,09:36:22,1767576985789,09:37:24,1767576984514,0.744,0.7444,-0.0537,5744.94,0.8972,4.182,0,0,0.744,1.012,0.743,49230400,0.742,53290400,0.741,32425800,0.740,24627200,0.739,27705700,0.744,119142200,0.745,148845400,0.746,104642000,0.747,60197900,0.748,55210200,1274,0,0
sh513130,09:36:22,1767576986788,09:37:26,1767576986459,0.744,0.7444,-0.0537,5746.35,0.8972,4.6487,0,0,0.744,0.999,0.743,49230400,0.742,53290400,0.741,32425800,0.740,24627200,0.739,27705700,0.744,119142200,0.745,148845400,0.746,104642000,0.747,60197900,0.748,55210200,329,0,0
sh513130,09:36:25,1767576987789,09:37:26,1767576986459,0.743,0.7444,-0.1881,5746.35,0.8972,4.6216,13591500,10098551,0.743,1.001,0.743,195400,0.742,53056700,0.741,42414800,0.740,24489900,0.739,27705700,0.744,120956800,0.745,148739700,0.746,104455100,0.747,60195900,0.748,55090200,1329,0,0
sh513130,09:36:25,1767576988787,09:37:28,1767576988520,0.743,0.7444,-0.1881,5747.63,0.8972,4.5107,0,0,0.743,0.999,0.743,195400,0.742,53056700,0.741,42414800,0.740,24489900,0.739,27705700,0.744,120956800,0.745,148739700,0.746,104455100,0.747,60195900,0.748,55090200,267,0,0
sh513130,09:36:25,1767576989806,09:37:28,1767576988520,0.743,0.7444,-0.1881,5747.63,0.8972,3.4188,0,0,0.743,1.019,0.743,195400,0.742,53056700,0.741,42414800,0.740,24489900,0.739,27705700,0.744,120956800,0.745,148739700,0.746,104455100,0.747,60195900,0.748,55090200,1286,0,0
sh513130,09:36:25,1767576990797,09:37:30,1767576990525,0.743,0.7444,-0.1881,5747.69,0.8972,4.8961,0,0,0.743,0.991,0.743,195400,0.742,53056700,0.741,42414800,0.740,24489900,0.739,27705700,0.744,120956800,0.745,148739700,0.746,104455100,0.747,60195900,0.748,55090200,271,0,0
sh513130,09:36:28,1767576991813,09:37:30,1767576990525,0.743,0.7444,-0.1881,5747.69,0.8972,4.8142,2856300,2122609,0.7431,1.017,0.743,46789900,0.742,53720000,0.741,29907100,0.740,24425400,0.739,27855700,0.744,110414300,0.745,140315400,0.746,105126800,0.747,70166900,0.748,60055900,1288,0,0
sh513130,09:36:28,1767576992796,09:37:32,1767576992662,0.743,0.7444,-0.1881,5746.88,0.8972,2.0638,0,0,0.743,0.982,0.743,46789900,0.742,53720000,0.741,29907100,0.740,24425400,0.739,27855700,0.744,110414300,0.745,140315400,0.746,105126800,0.747,70166900,0.748,60055900,133,0,0
sh513130,09:36:31,1767576993806,09:37:32,1767576992835,0.743,0.7444,-0.1881,5746.88,0.8972,1.8667,4036000,2999361,0.7432,1.01,0.743,32774800,0.742,53821200,0.741,29807100,0.740,24425400,0.739,27861700,0.744,120716700,0.745,146344100,0.746,105170900,0.747,60237700,0.748,63224000,970,0,0
sh513130,09:36:31,1767576994822,09:37:34,1767576994822,0.743,0.7444,-0.1881,5746.31,0.8972,1.6208,0,0,0.743,1.017,0.743,32774800,0.742,53821200,0.741,29807100,0.740,24425400,0.739,27861700,0.744,120716700,0.745,146344100,0.746,105170900,0.747,60237700,0.748,63224000,0,0,0
sh513130,09:36:34,1767576995806,09:37:34,1767576994822,0.744,0.7451,-0.1476,5746.31,0.8972,2.4227,6946700,5161448,0.743,0.984,0.743,182400,0.742,53586800,0.741,48878700,0.740,24507600,0.739,27816700,0.744,128037900,0.745,148812400,0.746,105696600,0.747,60420500,0.748,55570400,984,0,0
sh513130,09:36:31,1767576996796,09:37:36,1767576996521,0.743,0.7444,-0.1881,5747.08,0.8972,3.9713,0,0,0.743,0.989,0.743,32774800,0.742,53821200,0.741,29807100,0.740,24425400,0.739,27861700,0.744,120716700,0.745,146344100,0.746,105170900,0.747,60237700,0.748,63224000,274,0,1
sh513130,09:36:34,1767576997923,09:37:36,1767576996968,0.744,0.7451,-0.1476,5747.08,0.8972,3.9003,6946700,5161448,0.743,1.127,0.743,182400,0.742,53586800,0.741,48878700,0.740,24507600,0.739,27816700,0.744,128037900,0.745,148812400,0.746,105696600,0.747,60420500,0.748,55570400,954,0,0
sh513130,09:36:34,1767576998855,09:37:38,1767576998536,0.744,0.7451,-0.1476,5746.59,0.8972,3.1765,0,0,0.744,0.933,0.743,182400,0.742,53586800,0.741,48878700,0.740,24507600,0.739,27816700,0.744,128037900,0.745,148812400,0.746,105696600,0.747,60420500,0.748,55570400,319,0,0
sh513130,09:36:37,1767576999832,09:37:38,1767576999140,0.743,0.7444,-0.1881,5746.59,0.8972,3.1172,6191900,4600622,0.743,0.977,0.743,30715200,0.742,51755500,0.741,38846000,0.740,24507600,0.739,27824900,0.744,113910200,0.745,154491300,0.746,104444300,0.747,70434800,0.748,55718500,691,0,0
sh513130,09:36:37,1767577000815,09:37:40,1767577000517,0.743,0.7444,-0.1881,5746.65,0.8972,2.49,0,0,0.743,0.983,0.743,30715200,0.742,51755500,0.741,38846000,0.740,24507600,0.739,27824900,0.744,113910200,0.745,154491300,0.746,104444300,0.747,70434800,0.748,55718500,297,0,0
sh513130,09:36:40,1767577001805,09:37:40,1767577001276,0.743,0.7444,-0.1881,5746.65,0.8972,2.5242,2307600,1714921,0.7432,0.99,0.743,40844900,0.742,46174000,0.741,38846000,0.740,24507600,0.739,27816100,0.744,114339400,0.745,147518200,0.746,105750200,0.747,70441900,0.748,63730100,529,0,0
sh513130,09:36:40,1767577002816,09:37:42,1767577002539,0.743,0.7444,-0.1881,5746.83,0.8972,2.0824,0,0,0.743,1.011,0.743,40844900,0.742,46174000,0.741,38846000,0.740,24507600,0.739,27816100,0.744,114339400,0.745,147518200,0.746,105750200,0.747,70441900,0.748,63730100,276,0,0
sh513130,09:36:40,1767577003816,09:37:42,1767577003532,0.743,0.7444,-0.1881,5746.83,0.8972,1.4344,0,0,0.743,1.001,0.743,40844900,0.742,46174000,0.741,38846000,0.740,24507600,0.739,27816100,0.744,114339400,0.745,147518200,0.746,105750200,0.747,70441900,0.748,63730100,284,0,0
sh513130,09:36:40,1767577004816,09:37:44,1767577004510,0.743,0.7444,-0.1881,5745.89,0.8972,1.4259,0,0,0.743,1.0,0.743,40844900,0.742,46174000,0.741,38846000,0.740,24507600,0.739,27816100,0.744,114339400,0.745,147518200,0.746,105750200,0.747,70441900,0.748,63730100,305,0,0
sh513130,09:36:43,1767577005824,09:37:44,1767577005566,0.743,0.7451,-0.2818,5745.89,0.8972,1.363,2040700,1516349,0.7431,1.008,0.743,37663700,0.742,51899400,0.741,38925000,0.740,24454300,0.739,28416100,0.744,116302700,0.745,146810200,0.746,106207000,0.747,70502800,0.748,64187500,258,0,0
sh513130,09:36:43,1767577006816,09:37:46,1767577006539,0.743,0.7451,-0.2818,5747.72,0.8972,1.8061,0,0,0.743,0.991,0.743,37663700,0.742,51899400,0.741,38925000,0.740,24454300,0.739,28416100,0.744,116302700,0.745,146810200,0.746,106207000,0.747,70502800,0.748,64187500,276,0,0
sh513130,09:36:43,1767577007822,09:37:46,1767577007722,0.743,0.7451,-0.2818,5747.72,0.8972,1.9279,0,0,0.743,1.006,0.743,37663700,0.742,51899400,0.741,38925000,0.740,24454300,0.739,28416100,0.744,116302700,0.745,146810200,0.746,106207000,0.747,70502800,0.748,64187500,99,0,0
sh513130,09:36:46,1767577008818,09:37:48,1767577008502,0.743,0.7451,-0.2818,5747.4,0.8972,1.3354,1355500,1007547,0.7433,0.997,0.743,43054900,0.742,47424300,0.741,38925000,0.740,24636300,0.739,28416100,0.744,118076700,0.745,147152800,0.746,106262000,0.747,70529800,0.748,63692400,316,0,0
sh513130,09:36:46,1767577009826,09:37:48,1767577008502,0.743,0.7451,-0.2818,5747.4,0.8972,2.5317,0,0,0.743,1.007,0.743,43054900,0.742,47424300,0.741,38925000,0.740,24636300,0.739,28416100,0.744,118076700,0.745,147152800,0.746,106262000,0.747,70529800,0.748,63692400,1323,0,0
sh513130,09:36:46,1767577010826,09:37:50,1767577010466,0.743,0.7451,-0.2818,5747.55,0.8972,1.2666,0,0,0.743,1.0,0.743,43054900,0.742,47424300,0.741,38925000,0.740,24636300,0.739,28416100,0.744,118076700,0.745,147152800,0.746,106262000,0.747,70529800,0.748,63692400,360,0,0
sh513130,09:36:46,1767577011838,09:37:50,1767577010466,0.743,0.7451,-0.2818,5747.55,0.8972,2.0713,0,0,0.743,1.011,0.743,43054900,0.742,47424300,0.741,38925000,0.740,24636300,0.739,28416100,0.744,118076700,0.745,147152800,0.746,106262000,0.747,70529800,0.748,63692400,1371,0,0
sh513130,09:36:49,1767577012824,09:37:52,1767577012494,0.743,0.7451,-0.2818,5749.83,0.8972,2.0564,3964900,2946815,0.7432,0.986,0.743,42327700,0.742,47424300,0.741,38915000,0.740,22865800,0.739,28416100,0.744,119291700,0.745,148108200,0.746,106246800,0.747,70979300,0.748,63838700,329,0,0
sh513130,09:36:52,1767577013836,09:37:52,1767577012494,0.743,0.7451,-0.2818,5749.83,0.8972,1.7105,3894900,2894993,0.7433,1.012,0.743,49142200,0.742,48629200,0.741,38916600,0.740,22398100,0.739,28397800,0.744,87869800,0.745,149231000,0.746,108070500,0.747,70996300,0.748,64018000,1341,0,0
sh513130,09:36:52,1767577014846,09:37:54,1767577014548,0.743,0.7451,-0.2818,5749.56,0.8972,1.9631,0,0,0.743,1.01,0.743,49142200,0.742,48629200,0.741,38916600,0.740,22398100,0.739,28397800,0.744,87869800,0.745,149231000,0.746,108070500,0.747,70996300,0.748,64018000,298,0,0
sh513130,09:36:52,1767577015838,09:37:54,1767577014548,0.743,0.7451,-0.2818,5749.56,0.8972,1.9276,0,0,0.743,0.992,0.743,49142200,0.742,48629200,0.741,38916600,0.740,22398100,0.739,28397800,0.744,87869800,0.745,149231000,0.746,108070500,0.747,70996300,0.748,64018000,1289,0,0
sh513130,09:36:52,1767577016844,09:37:56,1767577016495,0.743,0.7451,-0.2818,5749.57,0.8972,1.7896,0,0,0.743,1.006,0.743,49142200,0.742,48629200,0.741,38916600,0.740,22398100,0.739,28397800,0.744,87869800,0.745,149231000,0.746,108070500,0.747,70996300,0.748,64018000,348,0,0
sh513130,09:36:55,1767577017841,09:37:56,1767577016495,0.744,0.7451,-0.1476,5749.57,0.8972,2.5482,2371800,1762617,0.7432,0.996,0.743,41941000,0.742,54128700,0.741,38917600,0.740,22403100,0.739,28553900,0.744,116983000,0.745,149999800,0.746,108144900,0.747,71026300,0.748,64054800,1345,0,0
sh513130,09:36:55,1767577018866,09:37:58,1767577018559,0.744,0.7451,-0.1476,5749.54,0.8972,2.1855,0,0,0.744,1.025,0.743,41941000,0.742,54128700,0.741,38917600,0.740,22403100,0.739,28553900,0.744,116983000,0.745,149999800,0.746,108144900,0.747,71026300,0.748,64054800,307,0,0
sh513130,09:36:55,1767577019837,09:37:58,1767577018559,0.744,0.7451,-0.1476,5749.54,0.8972,3.0629,0,0,0.744,0.972,0.743,41941000,0.742,54128700,0.741,38917600,0.740,22403100,0.739,28553900,0.744,116983000,0.745,149999800,0.746,108144900,0.747,71026300,0.748,64054800,1278,0,0
sh513130,09:36:55,1767577020825,09:38:00,1767577020671,0.744,0.7451,-0.1476,5750.58,0.8972,2.9172,0,0,0.744,0.988,0.743,41941000,0.742,54128700,0.741,38917600,0.740,22403100,0.739,28553900,0.744,116983000,0.745,149999800,0.746,108144900,0.747,71026300,0.748,64054800,154,0,0
sh513130,09:36:58,1767577021855,09:38:00,1767577020671,0.743,0.7451,-0.2818,5750.58,0.8972,2.8622,2634800,1957865,0.7431,1.03,0.743,46241900,0.742,48545400,0.741,38879600,0.740,22435200,0.739,28553900,0.744,88472500,0.745,150147300,0.746,108160500,0.747,71041800,0.748,64130200,1183,0,0
sh513130,09:36:58,1767577022846,09:38:02,1767577022830,0.743,0.7451,-0.2818,5752.19,0.8972,2.2871,0,0,0.743,0.991,0.743,46241900,0.742,48545400,0.741,38879600,0.740,22435200,0.739,28553900,0.744,88472500,0.745,150147300,0.746,108160500,0.747,71041800,0.748,64130200,15,0,0
sh513130,09:37:01,1767577023826,09:38:02,1767577023238,0.744,0.7451,-0.1476,5752.19,0.8972,1.502,685000,508979,0.743,0.98,0.743,47763400,0.742,48382100,0.741,37000200,0.740,22456200,0.739,28553900,0.744,89504800,0.745,145211400,0.746,114779700,0.747,70560900,0.748,64354300,587,0,0
sh513130,09:37:01,1767577024847,09:38:04,1767577024539,0.744,0.7451,-0.1476,5752.57,0.8972,1.0117,0,0,0.744,1.02,0.743,47763400,0.742,48382100,0.741,37000200,0.740,22456200,0.739,28553900,0.744,89504800,0.745,145211400,0.746,114779700,0.747,70560900,0.748,64354300,307,0,0
sh513130,09:37:01,1767577025824,09:38:04,1767577024980,0.744,0.7451,-0.1476,5752.57,0.8972,0.9751,0,0,0.744,0.978,0.743,47763400,0.742,48382100,0.741,37000200,0.740,22456200,0.739,28553900,0.744,89504800,0.745,145211400,0.746,114779700,0.747,70560900,0.748,64354300,843,0,0
sh513130,09:37:04,1767577026849,09:38:06,1767577026441,0.743,0.7451,-0.2818,5752.82,0.8972,1.4916,3183700,2366383,0.7433,1.024,0.743,48136000,0.742,49622200,0.741,37027100,0.740,22456200,0.739,28573900,0.744,89529300,0.745,145564700,0.746,112227800,0.747,70521400,0.748,64619400,407,0,0
sh513130,09:37:04,1767577027855,09:38:06,1767577027144,0.743,0.7451,-0.2818,5752.82,0.8972,1.849,0,0,0.743,1.006,0.743,48136000,0.742,49622200,0.741,37027100,0.740,22456200,0.739,28573900,0.744,89529300,0.745,145564700,0.746,112227800,0.747,70521400,0.748,64619400,710,0,0
sh513130,09:37:04,1767577028845,09:38:08,1767577028514,0.743,0.7451,-0.2818,5751.59,0.8972,4.0269,0,0,0.743,0.99,0.743,48136000,0.742,49622200,0.741,37027100,0.740,22456200,0.739,28573900,0.744,89529300,0.745,145564700,0.746,112227800,0.747,70521400,0.748,64619400,330,0,0
sh513130,09:37:07,1767577029855,09:38:08,1767577029304,0.743,0.7451,-0.2818,5751.59,0.8972,3.4711,929100,690745,0.7435,1.01,0.743,47874400,0.742,49637200,0.741,37027900,0.740,22456200,0.739,28573900,0.744,90700300,0.745,144865600,0.746,114905800,0.747,70521400,0.748,64850700,551,0,0
sh513130,09:37:07,1767577030855,09:38:10,1767577030505,0.743,0.7451,-0.2818,5752.38,0.8972,3.4072,0,0,0.743,1.0,0.743,47874400,0.742,49637200,0.741,37027900,0.740,22456200,0.739,28573900,0.744,90700300,0.745,144865600,0.746,114905800,0.747,70521400,0.748,64850700,349,0,0
sh513130,09:37:07,1767577031843,09:38:10,1767577031503,0.743,0.7451,-0.2818,5752.38,0.8972,2.5404,0,0,0.743,0.988,0.743,47874400,0.742,49637200,0.741,37027900,0.740,22456200,0.739,28573900,0.744,90700300,0.745,144865600,0.746,114905800,0.747,70521400,0.748,64850700,339,0,0
sh513130,09:37:07,1767577032856,09:38:12,1767577032524,0.743,0.7451,-0.2818,5750.88,0.8972,2.123,0,0,0.743,1.014,0.743,47874400,0.742,49637200,0.741,37027900,0.740,22456200,0.739,28573900,0.744,90700300,0.745,144865600,0.746,114905800,0.747,70521400,0.748,64850700,332,0,0
sh513130,09:37:10,1767577033854,09:38:12,1767577033623,0.743,0.7451,-0.2818,5750.88,0.8972,4.4101,76273400,56747018,0.744,0.998,0.743,51975800,0.742,48546600,0.741,37132600,0.740,22439900,0.739,28698800,0.744,16169600,0.745,150845500,0.746,109394300,0.747,70191000,0.748,65162500,230,0,0
sh513130,09:37:10,1767577034856,09:38:14,1767577034518,0.743,0.7451,-0.2818,5751.86,0.8972,3.7008,0,0,0.743,1.001,0.743,51975800,0.742,48546600,0.741,37132600,0.740,22439900,0.739,28698800,0.744,16169600,0.745,150845500,0.746,109394300,0.747,70191000,0.748,65162500,337,0,0
sh513130,09:37:13,1767577035855,09:38:14,1767577035776,0.743,0.7451,-0.2818,5751.86,0.8972,2.934,3584100,2664363,0.7434,0.999,0.743,55489600,0.742,50660100,0.741,38120600,0.740,22444900,0.739,28649800,0.744,20327600,0.745,150562700,0.746,109497500,0.747,67892200,0.748,57575300,78,0,0
sh513130,09:37:13,1767577036848,09:38:16,1767577036486,0.743,0.7451,-0.2818,5751.38,0.8972,4.1516,0,0,0.743,0.992,0.743,55489600,0.742,50660100,0.741,38120600,0.740,22444900,0.739,28649800,0.744,20327600,0.745,150562700,0.746,109497500,0.747,67892200,0.748,57575300,361,0,0
sh513130,09:37:13,1767577037855,09:38:16,1767577036486,0.743,0.7451,-0.2818,5751.38,0.8972,4.0782,0,0,0.743,1.007,0.743,55489600,0.742,50660100,0.741,38120600,0.740,22444900,0.739,28649800,0.744,20327600,0.745,150562700,0.746,109497500,0.747,67892200,0.748,57575300,1369,0,0
sh513130,09:37:13,1767577038854,09:38:18,1767577038493,0.743,0.7451,-0.2818,5751.16,0.8972,4.5098,0,0,0.743,0.999,0.743,55489600,0.742,50660100,0.741,38120600,0.740,22444900,0.739,28649800,0.744,20327600,0.745,150562700,0.746,109497500,0.747,67892200,0.748,57575300,361,0,0
sh513130,09:37:16,1767577039855,09:38:18,1767577038493,0.744,0.7451,-0.1476,5751.16,0.8972,4.6894,2826900,2100490,0.743,1.001,0.743,53978100,0.742,54661400,0.741,38070600,0.740,22446900,0.739,28655800,0.744,57645900,0.745,150911100,0.746,109531700,0.747,67924600,0.748,57747300,1362,0,0
sh513130,09:37:16,1767577040846,09:38:20,1767577040429,0.744,0.7451,-0.1476,5750.1,0.8972,4.674,0,0,0.744,0.991,0.743,53978100,0.742,54661400,0.741,38070600,0.740,22446900,0.739,28655800,0.744,57645900,0.745,150911100,0.746,109531700,0.747,67924600,0.748,57747300,417,0,0
sh513130,09:37:19,1767577041854,09:38:20,1767577040429,0.743,0.7451,-0.2818,5750.1,0.8972,1.848,4453900,3310569,0.7433,1.008,0.743,51495600,0.742,54661700,0.741,37847100,0.740,22522200,0.739,28656800,0.744,58040200,0.745,151228900,0.746,109702300,0.747,67425800,0.748,57786200,1424,0,0
sh513130,09:37:19,1767577042863,09:38:22,1767577042460,0.743,0.7451,-0.2818,5751.34,0.8972,2.001,0,0,0.743,1.009,0.743,51495600,0.742,54661700,0.741,37847100,0.740,22522200,0.739,28656800,0.744,58040200,0.745,151228900,0.746,109702300,0.747,67425800,0.748,57786200,402,0,0
sh513130,09:37:19,1767577043857,09:38:22,1767577042460,0.743,0.7451,-0.2818,5751.34,0.8972,1.9345,0,0,0.743,0.994,0.743,51495600,0.742,54661700,0.741,37847100,0.740,22522200,0.739,28656800,0.744,58040200,0.745,151228900,0.746,109702300,0.747,67425800,0.748,57786200,1397,0,0
sh513130,09:37:22,1767577044879,09:38:24,1767577044450,0.743,0.7457,-0.3621,5751.11,0.8972,2.1004,10330300,7684418,0.7439,1.021,0.743,52997800,0.742,52914400,0.741,36931700,0.740,22571300,0.739,28670300,0.744,19896200,0.745,151447200,0.746,109743600,0.747,67578000,0.748,57706000,428,0,0
sh513130,09:37:22,1767577045863,09:38:24,1767577044450,0.743,0.7457,-0.3621,5751.11,0.8972,2.0165,0,0,0.743,0.985,0.743,52997800,0.742,52914400,0.741,36931700,0.740,22571300,0.739,28670300,0.744,19896200,0.745,151447200,0.746,109743600,0.747,67578000,0.748,57706000,1413,0,0
sh513130,09:37:22,1767577046902,09:38:26,1767577046548,0.743,0.7457,-0.3621,5752.37,0.8972,1.9773,0,0,0.743,1.039,0.743,52997800,0.742,52914400,0.741,36931700,0.740,22571300,0.739,28670300,0.744,19896200,0.745,151447200,0.746,109743600,0.747,67578000,0.748,57706000,354,0,0
sh513130,09:37:25,1767577047866,09:38:26,1767577046548,0.744,0.7457,-0.228,5752.37,0.8972,1.966,3078100,2288188,0.7434,0.964,0.743,51819500,0.742,52452900,0.741,37026700,0.740,22601300,0.739,28670300,0.744,18411500,0.745,151634700,0.746,109861000,0.747,67509600,0.748,57879400,1318,0,0
sh513130,09:37:25,1767577048871,09:38:28,1767577048697,0.744,0.7457,-0.228,5750.02,0.8972,0.7386,0,0,0.744,1.005,0.743,51819500,0.742,52452900,0.741,37026700,0.740,22601300,0.739,28670300,0.744,18411500,0.745,151634700,0.746,109861000,0.747,67509600,0.748,57879400,173,0,0
sh513130,09:37:25,1767577049869,09:38:28,1767577048697,0.744,0.7457,-0.228,5750.02,0.8972,0.7238,0,0,0.744,0.998,0.743,51819500,0.742,52452900,0.741,37026700,0.740,22601300,0.739,28670300,0.744,18411500,0.745,151634700,0.746,109861000,0.747,67509600,0.748,57879400,1171,0,0
sh513130,09:37:28,1767577050869,09:38:30,1767577050486,0.743,0.7457,-0.3621,5748.7,0.8972,1.7665,1077800,801425,0.7436,1.0,0.743,27369400,0.742,58060300,0.741,47276100,0.740,22611300,0.739,28670300,0.744,53713900,0.745,155410600,0.746,109886900,0.747,56804800,0.748,54717300,382,0,0
sh513130,09:37:28,1767577051858,09:38:30,1767577050872,0.743,0.7457,-0.3621,5748.7,0.8972,4.5854,0,0,0.743,0.989,0.743,27369400,0.742,58060300,0.741,47276100,0.740,22611300,0.739,28670300,0.744,53713900,0.745,155410600,0.746,109886900,0.747,56804800,0.748,54717300,985,0,0
sh513130,09:37:28,1767577052920,09:38:32,1767577052434,0.743,0.7457,-0.3621,5749.38,0.8972,4.4333,0,0,0.743,1.062,0.743,27369400,0.742,58060300,0.741,47276100,0.740,22611300,0.739,28670300,0.744,53713900,0.745,155410600,0.746,109886900,0.747,56804800,0.748,54717300,486,0,0
sh513130,09:37:31,1767577053877,09:38:32,1767577053012,0.743,0.7457,-0.3621,5749.38,0.8972,3.679,520400,386856,0.7434,0.956,0.743,34406800,0.742,49865300,0.741,39012000,0.740,22612800,0.739,28680300,0.744,48043200,0.745,152280000,0.746,108933100,0.747,67012500,0.748,58231800,864,0,0
sh513130,09:37:31,1767577054874,09:38:34,1767577054497,0.743,0.7457,-0.3621,5748.52,0.8972,3.7656,0,0,0.743,0.997,0.743,34406800,0.742,49865300,0.741,39012000,0.740,22612800,0.739,28680300,0.744,48043200,0.745,152280000,0.746,108933100,0.747,67012500,0.748,58231800,376,0,0
sh513130,09:37:31,1767577055865,09:38:34,1767577055155,0.743,0.7457,-0.3621,5748.52,0.8972,3.7087,0,0,0.743,0.991,0.743,34406800,0.742,49865300,0.741,39012000,0.740,22612800,0.739,28680300,0.744,48043200,0.745,152280000,0.746,108933100,0.747,67012500,0.748,58231800,709,0,0
sh513130,09:37:34,1767577056876,09:38:36,1767577056445,0.743,0.745,-0.2685,5748.63,0.8972,2.7075,4208000,3128108,0.7434,1.011,0.743,44491600,0.742,44697500,0.741,39011300,0.740,22854500,0.739,28680300,0.744,59027100,0.745,152983700,0.746,109124100,0.747,57859100,0.748,58306800,431,0,0
sh513130,09:37:34,1767577057888,09:38:36,1767577057313,0.743,0.745,-0.2685,5748.63,0.8972,2.9758,0,0,0.743,1.012,0.743,44491600,0.742,44697500,0.741,39011300,0.740,22854500,0.739,28680300,0.744,59027100,0.745,152983700,0.746,109124100,0.747,57859100,0.748,58306800,575,0,0
sh513130,09:37:34,1767577058894,09:38:38,1767577058458,0.743,0.745,-0.2685,5748.6,0.8972,3.6466,0,0,0.743,1.006,0.743,44491600,0.742,44697500,0.741,39011300,0.740,22854500,0.739,28680300,0.744,59027100,0.745,152983700,0.746,109124100,0.747,57859100,0.748,58306800,436,0,0
sh513130,09:37:34,1767577059887,09:38:38,1767577059481,0.743,0.745,-0.2685,5748.6,0.8972,3.4026,0,0,0.743,0.993,0.743,44491600,0.742,44697500,0.741,39011300,0.740,22854500,0.739,28680300,0.744,59027100,0.745,152983700,0.746,109124100,0.747,57859100,0.748,58306800,405,0,0
sh513130,09:37:37,1767577060875,09:38:40,1767577060457,0.743,0.745,-0.2685,5748.24,0.8972,4.1293,907900,674634,0.7431,0.989,0.743,26882700,0.742,52205100,0.741,39114100,0.740,22898900,0.739,28680300,0.744,62008000,0.745,158401300,0.746,109194200,0.747,57853100,0.748,53642800,417,0,0
sh513130,09:37:37,1767577061864,09:38:40,1767577061624,0.743,0.745,-0.2685,5748.24,0.8972,2.3963,0,0,0.743,0.989,0.743,26882700,0.742,52205100,0.741,39114100,0.740,22898900,0.739,28680300,0.744,62008000,0.745,158401300,0.746,109194200,0.747,57853100,0.748,53642800,240,0,0
sh513130,09:37:40,1767577062878,09:38:42,1767577062448,0.743,0.745,-0.2685,5748.44,0.8972,1.964,551100,409585,0.7432,1.014,0.743,44339100,0.742,48502900,0.741,38910100,0.740,22940600,0.739,28680300,0.744,53905500,0.745,158468300,0.746,109271200,0.747,57608200,0.748,53813800,429,0,0
sh513130,09:37:40,1767577063887,09:38:42,1767577063777,0.743,0.745,-0.2685,5748.44,0.8972,1.9257,0,0,0.743,1.009,0.743,44339100,0.742,48502900,0.741,38910100,0.740,22940600,0.739,28680300,0.744,53905500,0.745,158468300,0.746,109271200,0.747,57608200,0.748,53813800,109,0,0
sh513130,09:37:40,1767577064903,09:38:44,1767577064443,0.743,0.745,-0.2685,5747.72,0.8972,3.9423,0,0,0.743,1.016,0.743,44339100,0.742,48502900,0.741,38910100,0.740,22940600,0.739,28680300,0.744,53905500,0.745,158468300,0.746,109271200,0.747,57608200,0.748,53813800,460,0,0
sh513130,09:37:40,1767577065896,09:38:44,1767577064443,0.743,0.745,-0.2685,5747.72,0.8972,3.9272,0,0,0.743,0.992,0.743,44339100,0.742,48502900,0.741,38910100,0.740,22940600,0.739,28680300,0.744,53905500,0.745,158468300,0.746,109271200,0.747,57608200,0.748,53813800,1452,0,0
sh513130,09:37:43,1767577066892,09:38:46,1767577066494,0.743,0.7443,-0.1747,5748.74,0.8972,2.6035,1808800,1344351,0.7432,0.996,0.743,38258900,0.742,54044600,0.741,38896800,0.740,22965600,0.739,28670300,0.744,55801000,0.745,159219800,0.746,109835300,0.747,67588200,0.748,53911500,397,0,0
sh513130,09:37:43,1767577067903,09:38:46,1767577066494,0.743,0.7443,-0.1747,5748.74,0.8972,2.018,0,0,0.743,1.011,0.743,38258900,0.742,54044600,0.741,38896800,0.740,22965600,0.739,28670300,0.744,55801000,0.745,159219800,0.746,109835300,0.747,67588200,0.748,53911500,1408,0,0
sh513130,09:37:46,1767577068895,09:38:48,1767577068449,0.743,0.7443,-0.1747,5750.36,0.8972,1.1326,1084400,805748,0.743,0.991,0.743,47628600,0.742,48744600,0.741,38946800,0.740,23106300,0.739,28779500,0.744,58175000,0.745,154727900,0.746,109987200,0.747,67623700,0.748,59544300,445,0,0
sh513130,09:37:46,1767577069885,09:38:48,1767577068449,0.743,0.7443,-0.1747,5750.36,0.8972,0.4916,0,0,0.743,0.991,0.743,47628600,0.742,48744600,0.741,38946800,0.740,23106300,0.739,28779500,0.744,58175000,0.745,154727900,0.746,109987200,0.747,67623700,0.748,59544300,1436,0,0
sh513130,09:37:46,1767577070894,09:38:50,1767577070430,0.743,0.7443,-0.1747,5750.62,0.8972,0.4818,0,0,0.743,1.009,0.743,47628600,0.742,48744600,0.741,38946800,0.740,23106300,0.739,28779500,0.744,58175000,0.745,154727900,0.746,109987200,0.747,67623700,0.748,59544300,464,0,0
sh513130,09:37:49,1767577071904,09:38:50,1767577070430,0.743,0.745,-0.2685,5750.62,0.8972,0.9171,858500,637885,0.743,1.01,0.743,48043500,0.742,48744700,0.741,37962100,0.740,23106300,0.739,28779500,0.744,52816900,0.745,154994000,0.746,111146300,0.747,67636700,0.748,59528500,1473,0,0
sh513130,09:37:49,1767577072904,09:38:52,1767577072445,0.743,0.745,-0.2685,5751.13,0.8972,1.669,0,0,0.743,1.0,0.743,48043500,0.742,48744700,0.741,37962100,0.740,23106300,0.739,28779500,0.744,52816900,0.745,154994000,0.746,111146300,0.747,67636700,0.748,59528500,459,0,0
sh513130,09:37:52,1767577073887,09:38:52,1767577072445,0.743,0.745,-0.2685,5751.13,0.8972,4.4578,2153300,1600602,0.7433,0.983,0.743,51379200,0.742,49241500,0.741,37962100,0.740,23159700,0.739,28779500,0.744,34226900,0.745,149866500,0.746,115687900,0.747,66971400,0.748,59697800,1442,0,0
sh513130,09:37:49,1767577074894,09:38:54,1767577074552,0.743,0.745,-0.2685,5753.68,0.8972,4.3806,0,0,0.743,1.007,0.743,48043500,0.742,48744700,0.741,37962100,0.740,23106300,0.739,28779500,0.744,52816900,0.745,154994000,0.746,111146300,0.747,67636700,0.748,59528500,342,0,1
sh513130,09:37:52,1767577075905,09:38:54,1767577074552,0.743,0.745,-0.2685,5753.68,0.8972,3.7607,2153300,1600602,0.7433,1.011,0.743,51379200,0.742,49241500,0.741,37962100,0.740,23159700,0.739,28779500,0.744,34226900,0.745,149866500,0.746,115687900,0.747,66971400,0.748,59697800,1352,0,0
sh513130,09:37:55,1767577076897,09:38:56,1767577076698,0.744,0.745,-0.1342,5753.77,0.8972,5.3116,42330000,31492177,0.744,0.992,0.744,2130800,0.743,56762800,0.742,49541500,0.741,36382100,0.740,23159700,0.745,151442000,0.746,115996300,0.747,66827100,0.748,60212900,0.749,42854600,199,0,0
sh513130,09:37:55,1767577077909,09:38:56,1767577076698,0.744,0.745,-0.1342,5753.77,0.8972,5.2261,0,0,0.744,1.012,0.744,2130800,0.743,56762800,0.742,49541500,0.741,36382100,0.740,23159700,0.745,151442000,0.746,115996300,0.747,66827100,0.748,60212900,0.749,42854600,1211,0,0
sh513130,09:37:55,1767577078905,09:38:58,1767577078860,0.744,0.745,-0.1342,5753.44,0.8972,4.4961,0,0,0.744,0.996,0.744,2130800,0.743,56762800,0.742,49541500,0.741,36382100,0.740,23159700,0.745,151442000,0.746,115996300,0.747,66827100,0.748,60212900,0.749,42854600,44,0,0
sh513130,09:37:58,1767577079895,09:38:58,1767577078860,0.743,0.7456,-0.3487,5753.44,0.8972,3.4514,8042900,5983447,0.7439,0.991,0.743,61825500,0.742,53697100,0.741,33384400,0.740,23346800,0.739,29263300,0.744,54252500,0.745,156212100,0.746,110620800,0.747,69267700,0.748,60240900,1035,0,0
sh513130,09:37:58,1767577080898,09:39:00,1767577080437,0.743,0.7456,-0.3487,5751.68,0.8972,4.1562,0,0,0.743,1.002,0.743,61825500,0.742,53697100,0.741,33384400,0.740,23346800,0.739,29263300,0.744,54252500,0.745,156212100,0.746,110620800,0.747,69267700,0.748,60240900,460,0,0
sh513130,09:37:58,1767577081897,09:39:00,1767577081031,0.743,0.7456,-0.3487,5751.68,0.8972,3.4608,0,0,0.743,1.0,0.743,61825500,0.742,53697100,0.741,33384400,0.740,23346800,0.739,29263300,0.744,54252500,0.745,156212100,0.746,110620800,0.747,69267700,0.748,60240900,866,0,0
sh513130,09:37:58,1767577082904,09:39:02,1767577082530,0.743,0.7456,-0.3487,5750.82,0.8972,2.7054,0,0,0.743,1.007,0.743,61825500,0.742,53697100,0.741,33384400,0.740,23346800,0.739,29263300,0.744,54252500,0.745,156212100,0.746,110620800,0.747,69267700,0.748,60240900,374,0,0
sh513130,09:38:01,1767577083909,09:39:02,1767577083239,0.744,0.7456,-0.2146,5750.82,0.8972,2.2721,5242600,3900326,0.744,1.004,0.743,59969600,0.742,52234100,0.741,35864400,0.740,23439900,0.739,29263300,0.744,32902300,0.745,158191600,0.746,110723700,0.747,67903400,0.748,60260000,669,0,0
sh513130,09:38:01,1767577084905,09:39:04,1767577084453,0.744,0.7456,-0.2146,5751.05,0.8972,2.011,0,0,0.744,0.996,0.743,59969600,0.742,52234100,0.741,35864400,0.740,23439900,0.739,29263300,0.744,32902300,0.745,158191600,0.746,110723700,0.747,67903400,0.748,60260000,451,0,0
sh513130,09:38:01,1767577085906,09:39:04,1767577085337,0.744,0.7456,-0.2146,5751.05,0.8972,1.8447,0,0,0.744,1.002,0.743,59969600,0.742,52234100,0.741,35864400,0.740,23439900,0.739,29263300,0.744,32902300,0.745,158191600,0.746,110723700,0.747,67903400,0.748,60260000,568,0,0
sh513130,09:38:04,1767577086906,09:39:06,1767577086440,0.744,0.745,-0.1342,5750.94,0.8972,1.7868,1799200,1338114,0.7437,0.999,0.743,57047700,0.742,52251200,0.741,41884500,0.740,23136500,0.739,29263300,0.744,45973500,0.745,158409200,0.746,109836600,0.747,67662500,0.748,60346600,465,0,0
sh513130,09:38:04,1767577087908,09:39:06,1767577087495,0.744,0.745,-0.1342,5750.94,0.8972,3.8911,0,0,0.744,1.002,0.743,57047700,0.742,52251200,0.741,41884500,0.740,23136500,0.739,29263300,0.744,45973500,0.745,158409200,0.746,109836600,0.747,67662500,0.748,60346600,412,0,0
sh513130,09:38:04,1767577088908,09:39:08,1767577088424,0.744,0.745,-0.1342,5750.33,0.8972,3.8211,0,0,0.744,1.0,0.743,57047700,0.742,52251200,0.741,41884500,0.740,23136500,0.739,29263300,0.744,45973500,0.745,158409200,0.746,109836600,0.747,67662500,0.748,60346600,483,0,0
sh513130,09:38:07,1767577089915,09:39:08,1767577089653,0.743,0.745,-0.2685,5750.33,0.8972,2.7621,2386600,1774407,0.7435,1.007,0.743,57936600,0.742,52271200,0.741,40921500,0.740,23166500,0.739,29263300,0.744,45850200,0.745,158909800,0.746,110337600,0.747,67884800,0.748,60598200,261,0,0
sh513130,09:38:07,1767577090905,09:39:10,1767577090528,0.743,0.745,-0.2685,5749.74,0.8972,5.6866,0,0,0.743,0.99,0.743,57936600,0.742,52271200,0.741,40921500,0.740,23166500,0.739,29263300,0.744,45850200,0.745,158909800,0.746,110337600,0.747,67884800,0.748,60598200,376,0,0
sh513130,09:38:07,1767577091903,09:39:10,1767577091808,0.743,0.745,-0.2685,5749.74,0.8972,5.4459,0,0,0.743,0.998,0.743,57936600,0.742,52271200,0.741,40921500,0.740,23166500,0.739,29263300,0.744,45850200,0.745,158909800,0.746,110337600,0.747,67884800,0.748,60598200,95,0,0
sh513130,09:38:10,1767577092926,09:39:12,1767577092476,0.743,0.745,-0.2685,5748.86,0.8972,5.2029,1901200,1413280,0.7434,1.023,0.743,27831300,0.742,57887200,0.741,52814700,0.740,23186500,0.739,29242900,0.744,61278800,0.745,166821400,0.746,108514500,0.747,57905300,0.748,52996400,449,0,0
sh513130,09:38:07,1767577093905,09:39:12,1767577092476,0.743,0.745,-0.2685,5748.86,0.8972,4.4748,0,0,0.743,0.979,0.743,57936600,0.742,52271200,0.741,40921500,0.740,23166500,0.739,29263300,0.744,45850200,0.745,158909800,0.746,110337600,0.747,67884800,0.748,60598200,1428,0,1
sh513130,09:38:10,1767577094925,09:39:14,1767577094444,0.743,0.745,-0.2685,5748.32,0.8972,3.8881,1901200,1413280,0.7434,1.02,0.743,27831300,0.742,57887200,0.741,52814700,0.740,23186500,0.739,29242900,0.744,61278800,0.745,166821400,0.746,108514500,0.747,57905300,0.748,52996400,480,0,0
sh513130,09:38:13,1767577095915,09:39:14,1767577094444,0.743,0.745,-0.2685,5748.32,0.8972,3.3911,1434700,1066108,0.7431,0.991,0.743,42067500,0.742,56608300,0.741,41518700,0.740,22949400,0.739,29243100,0.744,54957500,0.745,159682800,0.746,108483600,0.747,68128300,0.748,57620200,1470,0,0
sh513130,09:38:13,1767577096924,09:39:16,1767577096465,0.743,0.745,-0.2685,5750.37,0.8972,4.1012,0,0,0.743,1.009,0.743,42067500,0.742,56608300,0.741,41518700,0.740,22949400,0.739,29243100,0.744,54957500,0.745,159682800,0.746,108483600,0.747,68128300,0.748,57620200,459,0,0
sh513130,09:38:13,1767577097908,09:39:16,1767577096465,0.743,0.745,-0.2685,5750.37,0.8972,4.0285,0,0,0.743,0.984,0.743,42067500,0.742,56608300,0.741,41518700,0.740,22949400,0.739,29243100,0.744,54957500,0.745,159682800,0.746,108483600,0.747,68128300,0.748,57620200,1443,0,0
sh513130,09:38:13,1767577098924,09:39:18,1767577098538,0.743,0.745,-0.2685,5749.14,0.8972,4.0921,0,0,0.743,1.016,0.743,42067500,0.742,56608300,0.741,41518700,0.740,22949400,0.739,29243100,0.744,54957500,0.745,159682800,0.746,108483600,0.747,68128300,0.748,57620200,385,0,0
sh513130,09:38:16,1767577099916,09:39:18,1767577098538,0.744,0.745,-0.1342,5749.14,0.8972,4.6232,7285800,5419352,0.7438,0.992,0.743,49268300,0.742,51007600,0.741,41558800,0.740,23034200,0.739,29204900,0.744,20823600,0.745,154342500,0.746,115073700,0.747,68266800,0.748,59994300,1377,0,0
sh513130,09:38:16,1767577100937,09:39:20,1767577100469,0.744,0.745,-0.1342,5748.98,0.8972,4.5548,0,0,0.744,1.021,0.743,49268300,0.742,51007600,0.741,41558800,0.740,23034200,0.739,29204900,0.744,20823600,0.745,154342500,0.746,115073700,0.747,68266800,0.748,59994300,467,0,0
sh513130,09:38:19,1767577101917,09:39:20,1767577100469,0.743,0.745,-0.2685,5748.98,0.8972,3.7912,1271000,944468,0.7431,0.98,0.743,50686400,0.742,52012600,0.741,41068800,0.740,23054200,0.739,29204900,0.744,65234800,0.745,160009700,0.746,109562400,0.747,68402700,0.748,59820200,1447,0,0
sh513130,09:38:19,1767577102925,09:39:22,1767577102604,0.743,0.745,-0.2685,5749.76,0.8972,3.7531,0,0,0.743,1.008,0.743,50686400,0.742,52012600,0.741,41068800,0.740,23054200,0.739,29204900,0.744,65234800,0.745,160009700,0.746,109562400,0.747,68402700,0.748,59820200,320,0,0
sh513130,09:38:19,1767577103933,09:39:22,1767577102604,0.743,0.745,-0.2685,5749.76,0.8972,3.1969,0,0,0.743,1.008,0.743,50686400,0.742,52012600,0.741,41068800,0.740,23054200,0.739,29204900,0.744,65234800,0.745,160009700,0.746,109562400,0.747,68402700,0.748,59820200,1328,0,0
sh513130,09:38:22,1767577104924,09:39:24,1767577104758,0.743,0.745,-0.2685,5750.45,0.8972,2.9879,2394600,1780560,0.7436,0.99,0.743,50764100,0.742,52083700,0.741,41068800,0.740,23069100,0.739,29508200,0.744,23410200,0.745,160263400,0.746,110655300,0.747,68443700,0.748,59820200,165,0,0
sh513130,09:38:22,1767577105944,09:39:24,1767577104758,0.743,0.745,-0.2685,5750.45,0.8972,1.8955,0,0,0.743,1.021,0.743,50764100,0.742,52083700,0.741,41068800,0.740,23069100,0.739,29508200,0.744,23410200,0.745,160263400,0.746,110655300,0.747,68443700,0.748,59820200,1185,0,0
sh513130,09:38:22,1767577106927,09:39:26,1767577106911,0.743,0.745,-0.2685,5751.45,0.8972,1.6889,0,0,0.743,0.983,0.743,50764100,0.742,52083700,0.741,41068800,0.740,23069100,0.739,29508200,0.744,23410200,0.745,160263400,0.746,110655300,0.747,68443700,0.748,59820200,15,0,0
sh513130,09:38:25,1767577107935,09:39:26,1767577106911,0.744,0.745,-0.1342,5751.45,0.8972,4.2682,2376600,1767937,0.7439,1.008,0.743,56871100,0.742,46954900,0.741,40315700,0.740,23225300,0.739,30347600,0.744,18958600,0.745,160037300,0.746,110889800,0.747,68486300,0.748,59732100,1023,0,0
sh513130,09:38:25,1767577108925,09:39:28,1767577108500,0.744,0.745,-0.1342,5751.33,0.8972,4.1895,0,0,0.744,0.99,0.743,56871100,0.742,46954900,0.741,40315700,0.740,23225300,0.739,30347600,0.744,18958600,0.745,160037300,0.746,110889800,0.747,68486300,0.748,59732100,424,0,0
sh513130,09:38:25,1767577109935,09:39:28,1767577109073,0.744,0.745,-0.1342,5751.33,0.8972,5.5252,0,0,0.744,1.01,0.743,56871100,0.742,46954900,0.741,40315700,0.740,23225300,0.739,30347600,0.744,18958600,0.745,160037300,0.746,110889800,0.747,68486300,0.748,59732100,861,0,0
sh513130,09:38:28,1767577110924,09:39:30,1767577110443,0.743,0.745,-0.2685,5751.86,0.8972,5.5157,6357200,4729267,0.7439,0.989,0.743,55809000,0.742,49352100,0.741,41315300,0.740,23758100,0.739,30369100,0.744,61556700,0.745,160356400,0.746,111978500,0.747,67820600,0.748,59790200,480,0,0
sh513130,09:38:28,1767577111936,09:39:30,1767577111235,0.743,0.745,-0.2685,5751.86,0.8972,5.4628,0,0,0.743,1.012,0.743,55809000,0.742,49352100,0.741,41315300,0.740,23758100,0.739,30369100,0.744,61556700,0.745,160356400,0.746,111978500,0.747,67820600,0.748,59790200,700,0,0
sh513130,09:38:31,1767577112936,09:39:32,1767577112456,0.743,0.745,-0.2685,5752.3,0.8972,4.3779,962800,715670,0.7433,1.0,0.743,55853700,0.742,49662500,0.741,41362800,0.740,23758100,0.739,31130400,0.744,51285700,0.745,161746700,0.746,111984000,0.747,69405000,0.748,59743100,479,0,0
sh513130,09:38:31,1767577113937,09:39:32,1767577113388,0.743,0.745,-0.2685,5752.3,0.8972,4.3017,0,0,0.743,1.002,0.743,55853700,0.742,49662500,0.741,41362800,0.740,23758100,0.739,31130400,0.744,51285700,0.745,161746700,0.746,111984000,0.747,69405000,0.748,59743100,549,0,0
sh513130,09:38:31,1767577114934,09:39:34,1767577114547,0.743,0.745,-0.2685,5752.51,0.8972,4.4239,0,0,0.743,0.997,0.743,55853700,0.742,49662500,0.741,41362800,0.740,23758100,0.739,31130400,0.744,51285700,0.745,161746700,0.746,111984000,0.747,69405000,0.748,59743100,386,0,0
sh513130,09:38:31,1767577115935,09:39:34,1767577115557,0.743,0.745,-0.2685,5752.51,0.8972,4.4428,0,0,0.743,1.001,0.743,55853700,0.742,49662500,0.741,41362800,0.740,23758100,0.739,31130400,0.744,51285700,0.745,161746700,0.746,111984000,0.747,69405000,0.748,59743100,377,0,0
sh513130,09:38:34,1767577116937,09:39:36,1767577116516,0.743,0.745,-0.2685,5752.66,0.8972,4.1942,620000,460711,0.7431,1.002,0.743,55393200,0.742,51149600,0.741,41353800,0.740,24165100,0.739,31130400,0.744,49352900,0.745,162752600,0.746,112207600,0.747,69492900,0.748,59784200,420,0,0
sh513130,09:38:34,1767577117935,09:39:36,1767577117695,0.743,0.745,-0.2685,5752.66,0.8972,3.6573,0,0,0.743,0.998,0.743,55393200,0.742,51149600,0.741,41353800,0.740,24165100,0.739,31130400,0.744,49352900,0.745,162752600,0.746,112207600,0.747,69492900,0.748,59784200,239,0,0
sh513130,09:38:34,1767577118935,09:39:38,1767577118477,0.743,0.745,-0.2685,5751.64,0.8972,3.6447,0,0,0.743,1.0,0.743,55393200,0.742,51149600,0.741,41353800,0.740,24165100,0.739,31130400,0.744,49352900,0.745,162752600,0.746,112207600,0.747,69492900,0.748,59784200,458,0,0
sh513130,09:38:34,1767577119936,09:39:38,1767577119857,0.743,0.745,-0.2685,5751.64,0.8972,3.5214,0,0,0.743,1.0,0.743,55393200,0.742,51149600,0.741,41353800,0.740,24165100,0.739,31130400,0.744,49352900,0.745,162752600,0.746,112207600,0.747,69492900,0.748,59784200,78,0,0
sh513130,09:38:37,1767577120935,09:39:40,1767577120434,0.743,0.745,-0.2685,5751.89,0.8972,3.5048,813900,605065,0.7434,1.0,0.743,59227700,0.742,51159600,0.741,44353800,0.740,24204800,0.739,31130400,0.744,55663100,0.745,163087700,0.746,112240200,0.747,69425300,0.748,59845400,501,0,0
sh513130,09:38:37,1767577121943,09:39:40,1767577120434,0.743,0.745,-0.2685,5751.89,0.8972,4.0748,0,0,0.743,1.008,0.743,59227700,0.742,51159600,0.741,44353800,0.740,24204800,0.739,31130400,0.744,55663100,0.745,163087700,0.746,112240200,0.747,69425300,0.748,59845400,1508,0,0
sh513130,09:38:40,1767577122942,09:39:42,1767577122453,0.743,0.745,-0.2685,5751.93,0.8972,3.5643,18943900,14093276,0.7439,0.999,0.743,61665100,0.742,51176800,0.741,43363800,0.740,24216800,0.739,31865000,0.744,10614700,0.745,163402700,0.746,113352700,0.747,70083300,0.748,59831600,489,0,0
sh513130,09:38:40,1767577123944,09:39:42,1767577122453,0.743,0.745,-0.2685,5751.93,0.8972,3.2913,0,0,0.743,1.002,0.743,61665100,0.742,51176800,0.741,43363800,0.740,24216800,0.739,31865000,0.744,10614700,0.745,163402700,0.746,113352700,0.747,70083300,0.748,59831600,1491,0,0
sh513130,09:38:40,1767577124961,09:39:44,1767577124434,0.743,0.745,-0.2685,5752.49,0.8972,3.2748,0,0,0.743,1.017,0.743,61665100,0.742,51176800,0.741,43363800,0.740,24216800,0.739,31865000,0.744,10614700,0.745,163402700,0.746,113352700,0.747,70083300,0.748,59831600,527,0,0
sh513130,09:38:40,1767577125968,09:39:44,1767577124434,0.743,0.745,-0.2685,5752.49,0.8972,2.5812,0,0,0.743,1.007,0.743,61665100,0.742,51176800,0.741,43363800,0.740,24216800,0.739,31865000,0.744,10614700,0.745,163402700,0.746,113352700,0.747,70083300,0.748,59831600,1534,0,0
sh513130,09:38:43,1767577126974,09:39:46,1767577126523,0.743,0.745,-0.2685,5752.4,0.8972,2.0771,4923900,3662717,0.7439,1.006,0.743,61638100,0.742,51208600,0.741,43364000,0.740,24351800,0.739,31865000,0.744,6552200,0.745,157816400,0.746,118936700,0.747,69398200,0.748,59850600,451,0,0
sh513130,09:38:43,1767577127964,09:39:46,1767577126523,0.743,0.745,-0.2685,5752.4,0.8972,2.705,0,0,0.743,0.99,0.743,61638100,0.742,51208600,0.741,43364000,0.740,24351800,0.739,31865000,0.744,6552200,0.745,157816400,0.746,118936700,0.747,69398200,0.748,59850600,1441,0,0
sh513130,09:38:46,1767577128993,09:39:48,1767577128481,0.743,0.745,-0.2685,5752.87,0.8972,3.0625,2125400,1580410,0.7436,1.029,0.743,60625500,0.742,51344500,0.741,43366000,0.740,24373800,0.739,31925000,0.744,9674500,0.745,162944600,0.746,114134100,0.747,69371400,0.748,59869100,511,0,0
sh513130,09:38:46,1767577129968,09:39:48,1767577128481,0.743,0.745,-0.2685,5752.87,0.8972,3.005,0,0,0.743,0.975,0.743,60625500,0.742,51344500,0.741,43366000,0.740,24373800,0.739,31925000,0.744,9674500,0.745,162944600,0.746,114134100,0.747,69371400,0.748,59869100,1486,0,0
sh513130,09:38:46,1767577130985,09:39:50,1767577130619,0.743,0.745,-0.2685,5752.41,0.8972,3.0598,0,0,0.743,1.017,0.743,60625500,0.742,51344500,0.741,43366000,0.740,24373800,0.739,31925000,0.744,9674500,0.745,162944600,0.746,114134100,0.747,69371400,0.748,59869100,365,0,0
sh513130,09:38:49,1767577131975,09:39:50,1767577130619,0.743,0.7456,-0.3487,5752.41,0.8972,3.2953,895700,665518,0.743,0.99,0.743,61647800,0.742,51445200,0.741,43366000,0.740,24372000,0.739,32832700,0.744,15139000,0.745,164087500,0.746,114308100,0.747,69318300,0.748,60576100,1355,0,0
sh513130,09:38:49,1767577132979,09:39:52,1767577132785,0.743,0.7456,-0.3487,5753.68,0.8972,2.2897,0,0,0.743,1.004,0.743,61647800,0.742,51445200,0.741,43366000,0.740,24372000,0.739,32832700,0.744,15139000,0.745,164087500,0.746,114308100,0.747,69318300,0.748,60576100,193,0,0
sh513130,09:38:49,1767577133973,09:39:52,1767577132785,0.743,0.7456,-0.3487,5753.68,0.8972,3.1586,0,0,0.743,0.995,0.743,61647800,0.742,51445200,0.741,43366000,0.740,24372000,0.739,32832700,0.744,15139000,0.745,164087500,0.746,114308100,0.747,69318300,0.748,60576100,1187,0,0
sh513130,09:38:52,1767577134977,09:39:54,1767577134936,0.743,0.7449,-0.2551,5754.13,0.8972,2.8564,1009300,750011,0.7431,1.004,0.743,60853200,0.742,51445200,0.741,43366000,0.740,24588200,0.739,32818700,0.744,17162700,0.745,164238100,0.746,114356500,0.747,69416000,0.748,60585100,40,0,0
sh513130,09:38:52,1767577136076,09:39:54,1767577134936,0.743,0.7449,-0.2551,5754.13,0.8972,2.3375,0,0,0.743,1.099,0.743,60853200,0.742,51445200,0.741,43366000,0.740,24588200,0.739,32818700,0.744,17162700,0.745,164238100,0.746,114356500,0.747,69416000,0.748,60585100,1139,0,0
sh513130,09:38:52,1767577136986,09:39:56,1767577136519,0.743,0.7449,-0.2551,5752.23,0.8972,1.8621,0,0,0.743,0.909,0.743,60853200,0.742,51445200,0.741,43366000,0.740,24588200,0.739,32818700,0.744,17162700,0.745,164238100,0.746,114356500,0.747,69416000,0.748,60585100,466,0,0
sh513130,09:38:52,1767577137971,09:39:56,1767577137094,0.743,0.7449,-0.2551,5752.23,0.8972,1.8257,0,0,0.743,0.986,0.743,60853200,0.742,51445200,0.741,43366000,0.740,24588200,0.739,32818700,0.744,17162700,0.745,164238100,0.746,114356500,0.747,69416000,0.748,60585100,876,0,0
sh513130,09:38:55,1767577138981,09:39:58,1767577138506,0.744,0.7449,-0.1208,5753.41,0.8972,1.7218,1573300,1169520,0.7434,1.009,0.743,60978300,0.742,51257900,0.741,43365900,0.740,24955400,0.739,32818700,0.744,19714000,0.745,164407000,0.746,114455700,0.747,68943500,0.748,60664600,474,0,0
sh513130,09:38:55,1767577139980,09:39:58,1767577139254,0.744,0.7449,-0.1208,5753.41,0.8972,0.6014,0,0,0.744,0.999,0.743,60978300,0.742,51257900,0.741,43365900,0.740,24955400,0.739,32818700,0.744,19714000,0.745,164407000,0.746,114455700,0.747,68943500,0.748,60664600,726,0,0
sh513130,09:38:58,1767577140977,09:40:00,1767577140492,0.743,0.7449,-0.2551,5750.35,0.8972,0.7672,3003700,2233112,0.7435,0.997,0.743,59853900,0.742,51259900,0.741,42365900,0.740,25258400,0.739,32818700,0.744,22331500,0.745,164701000,0.746,114453700,0.747,69642100,0.748,60821100,484,0,0
sh513130,09:38:58,1767577141986,09:40:00,1767577141421,0.743,0.7449,-0.2551,5750.35,0.8972,3.0276,0,0,0.743,1.009,0.743,59853900,0.742,51259900,0.741,42365900,0.740,25258400,0.739,32818700,0.744,22331500,0.745,164701000,0.746,114453700,0.747,69642100,0.748,60821100,565,0,0
sh513130,09:38:58,1767577142981,09:40:02,1767577142513,0.743,0.7449,-0.2551,5750.54,0.8972,2.724,0,0,0.743,0.995,0.743,59853900,0.742,51259900,0.741,42365900,0.740,25258400,0.739,32818700,0.744,22331500,0.745,164701000,0.746,114453700,0.747,69642100,0.748,60821100,468,0,0
sh513130,09:39:01,1767577143988,09:40:02,1767577143574,0.744,0.7449,-0.1208,5750.54,0.8972,2.6722,1610800,1197066,0.7431,1.007,0.743,50065200,0.742,48250200,0.741,43355900,0.740,25261700,0.739,32868700,0.744,23847500,0.745,165403100,0.746,113489000,0.747,69446800,0.748,60821100,413,0,0
sh513130,09:39:01,1767577144996,09:40:04,1767577144454,0.744,0.7449,-0.1208,5751.02,0.8972,2.5967,0,0,0.744,1.008,0.743,50065200,0.742,48250200,0.741,43355900,0.740,25261700,0.739,32868700,0.744,23847500,0.745,165403100,0.746,113489000,0.747,69446800,0.748,60821100,541,0,0
sh513130,09:39:01,1767577145997,09:40:04,1767577145730,0.744,0.7449,-0.1208,5751.02,0.8972,2.547,0,0,0.744,1.001,0.743,50065200,0.742,48250200,0.741,43355900,0.740,25261700,0.739,32868700,0.744,23847500,0.745,165403100,0.746,113489000,0.747,69446800,0.748,60821100,267,0,0
sh513130,09:39:04,1767577147062,09:40:06,1767577146441,0.743,0.7449,-0.2551,5751.06,0.8972,2.4736,967300,718813,0.7431,1.065,0.743,50296600,0.742,48280200,0.741,42355900,0.740,25271700,0.739,32868700,0.744,27816700,0.745,165602400,0.746,113609000,0.747,69833200,0.748,60870200,621,0,0
sh513130,09:39:04,1767577147997,09:40:06,1767577147895,0.743,0.7449,-0.2551,5751.06,0.8972,3.3238,0,0,0.743,0.935,0.743,50296600,0.742,48280200,0.741,42355900,0.740,25271700,0.739,32868700,0.744,27816700,0.745,165602400,0.746,113609000,0.747,69833200,0.748,60870200,102,0,0
sh513130,09:39:04,1767577148994,09:40:08,1767577148456,0.743,0.7449,-0.2551,5751.2,0.8972,4.4821,0,0,0.743,0.997,0.743,50296600,0.742,48280200,0.741,42355900,0.740,25271700,0.739,32868700,0.744,27816700,0.745,165602400,0.746,113609000,0.747,69833200,0.748,60870200,537,0,0
sh513130,09:39:07,1767577149989,09:40:08,1767577148456,0.744,0.7456,-0.2146,5751.2,0.8972,3.9375,2489700,1852117,0.7439,0.995,0.743,54335500,0.742,48280200,0.741,40365900,0.740,25351900,0.739,33210900,0.744,26581300,0.745,160124700,0.746,120084300,0.747,68442600,0.748,60861200,1532,0,0
sh513130,09:39:07,1767577151019,09:40:10,1767577150467,0.744,0.7456,-0.2146,5752.12,0.8972,3.86,0,0,0.744,1.03,0.743,54335500,0.742,48280200,0.741,40365900,0.740,25351900,0.739,33210900,0.744,26581300,0.745,160124700,0.746,120084300,0.747,68442600,0.748,60861200,551,0,0
sh513130,09:39:07,1767577152015,09:40:10,1767577150467,0.744,0.7456,-0.2146,5752.12,0.8972,2.4305,0,0,0.744,0.996,0.743,54335500,0.742,48280200,0.741,40365900,0.740,25351900,0.739,33210900,0.744,26581300,0.745,160124700,0.746,120084300,0.747,68442600,0.748,60861200,1548,0,0
sh513130,09:39:10,1767577153011,09:40:12,1767577152456,0.743,0.7456,-0.3487,5752.43,0.8972,3.9304,1850400,1376159,0.7437,0.996,0.743,54065300,0.742,48300200,0.741,40365900,0.740,25413200,0.739,33210900,0.744,27552000,0.745,160872600,0.746,120068300,0.747,68588100,0.748,60865300,555,0,0
sh513130,09:39:10,1767577154000,09:40:12,1767577152456,0.743,0.7456,-0.3487,5752.43,0.8972,3.8599,0,0,0.743,0.989,0.743,54065300,0.742,48300200,0.741,40365900,0.740,25413200,0.739,33210900,0.744,27552000,0.745,160872600,0.746,120068300,0.747,68588100,0.748,60865300,1543,0,0
sh513130,09:39:10,1767577155008,09:40:14,1767577154451,0.743,0.7456,-0.3487,5752.88,0.8972,3.7904,0,0,0.743,1.008,0.743,54065300,0.742,48300200,0.741,40365900,0.740,25413200,0.739,33210900,0.744,27552000,0.745,160872600,0.746,120068300,0.747,68588100,0.748,60865300,556,0,0
sh513130,09:39:10,1767577155993,09:40:14,1767577154451,0.743,0.7456,-0.3487,5752.88,0.8972,4.459,0,0,0.743,0.986,0.743,54065300,0.742,48300200,0.741,40365900,0.740,25413200,0.739,33210900,0.744,27552000,0.745,160872600,0.746,120068300,0.747,68588100,0.748,60865300,1542,0,0
sh513130,09:39:13,1767577157010,09:40:16,1767577156541,0.743,0.7456,-0.3487,5753.98,0.8972,4.3819,2124000,1578544,0.7432,1.016,0.743,53305500,0.742,48303500,0.741,40363800,0.740,25483200,0.739,33260900,0.744,28679600,0.745,161384600,0.746,120168700,0.747,69308500,0.748,60814400,468,0,0
sh513130,09:39:13,1767577157994,09:40:16,1767577156541,0.743,0.7456,-0.3487,5753.98,0.8972,4.6433,0,0,0.743,0.984,0.743,53305500,0.742,48303500,0.741,40363800,0.740,25483200,0.739,33260900,0.744,28679600,0.745,161384600,0.746,120168700,0.747,69308500,0.748,60814400,1453,0,0
sh513130,09:39:13,1767577159005,09:40:18,1767577158694,0.743,0.7456,-0.3487,5755.4,0.8972,4.7599,0,0,0.743,1.011,0.743,53305500,0.742,48303500,0.741,40363800,0.740,25483200,0.739,33260900,0.744,28679600,0.745,161384600,0.746,120168700,0.747,69308500,0.748,60814400,310,0,0
sh513130,09:39:16,1767577160013,09:40:18,1767577158694,0.744,0.7456,-0.2146,5755.4,0.8972,5.4681,28681600,21338886,0.744,1.009,0.744,32656600,0.743,51192000,0.742,35280900,0.741,37463800,0.740,25523400,0.745,149994200,0.746,114864800,0.747,68603200,0.748,70547200,0.749,51071500,1319,0,0
sh513130,09:39:16,1767577161009,09:40:20,1767577160840,0.744,0.7456,-0.2146,5754.91,0.8972,5.9939,0,0,0.744,0.996,0.744,32656600,0.743,51192000,0.742,35280900,0.741,37463800,0.740,25523400,0.745,149994200,0.746,114864800,0.747,68603200,0.748,70547200,0.749,51071500,168,0,0
sh513130,09:39:19,1767577162013,09:40:20,1767577160840,0.744,0.7456,-0.2146,5754.91,0.8972,5.7455,2465900,1834699,0.744,1.004,0.744,46363200,0.743,50439400,0.742,39719300,0.741,32062600,0.740,25523400,0.745,151337000,0.746,114690000,0.747,69589200,0.748,70553200,0.749,51072500,1172,0,0
sh513130,09:39:19,1767577163002,09:40:22,1767577162993,0.744,0.7456,-0.2146,5755.14,0.8972,5.5817,0,0,0.744,0.989,0.744,46363200,0.743,50439400,0.742,39719300,0.741,32062600,0.740,25523400,0.745,151337000,0.746,114690000,0.747,69589200,0.748,70553200,0.749,51072500,8,0,0
sh513130,09:39:19,1767577164012,09:40:22,1767577162993,0.744,0.7456,-0.2146,5755.14,0.8972,5.4342,0,0,0.744,1.01,0.744,46363200,0.743,50439400,0.742,39719300,0.741,32062600,0.740,25523400,0.745,151337000,0.746,114690000,0.747,69589200,0.748,70553200,0.749,51072500,1019,0,0
sh513130,09:39:19,1767577165022,09:40:24,1767577164452,0.744,0.7456,-0.2146,5756.37,0.8972,4.8673,0,0,0.744,1.01,0.744,46363200,0.743,50439400,0.742,39719300,0.741,32062600,0.740,25523400,0.745,151337000,0.746,114690000,0.747,69589200,0.748,70553200,0.749,51072500,570,0,0
sh513130,09:39:22,1767577166021,09:40:24,1767577165157,0.744,0.7456,-0.2146,5756.37,0.8972,3.7961,4301600,3200409,0.744,0.999,0.744,46075400,0.743,50449600,0.742,39729300,0.741,32066000,0.740,25580800,0.745,151690200,0.746,114651400,0.747,69570400,0.748,70776900,0.749,51076200,864,0,0
sh513130,09:39:22,1767577167013,09:40:26,1767577166451,0.744,0.7456,-0.2146,5757.51,0.8972,3.4411,0,0,0.744,0.992,0.744,46075400,0.743,50449600,0.742,39729300,0.741,32066000,0.740,25580800,0.745,151690200,0.746,114651400,0.747,69570400,0.748,70776900,0.749,51076200,561,0,0
sh513130,09:39:22,1767577168014,09:40:26,1767577167310,0.744,0.7456,-0.2146,5757.51,0.8972,3.4467,0,0,0.744,1.001,0.744,46075400,0.743,50449600,0.742,39729300,0.741,32066000,0.740,25580800,0.745,151690200,0.746,114651400,0.747,69570400,0.748,70776900,0.749,51076200,703,0,0
sh513130,09:39:25,1767577169011,09:40:28,1767577168462,0.744,0.7456,-0.2146,5757.89,0.8972,3.3832,1724100,1282823,0.7441,0.997,0.744,54013700,0.743,51052400,0.742,38201300,0.741,32066000,0.740,25522700,0.745,150928800,0.746,114779800,0.747,70830300,0.748,70630400,0.749,51070700,548,0,0
sh513130,09:39:25,1767577170032,09:40:28,1767577169468,0.744,0.7456,-0.2146,5757.89,0.8972,3.6213,0,0,0.744,1.021,0.744,54013700,0.743,51052400,0.742,38201300,0.741,32066000,0.740,25522700,0.745,150928800,0.746,114779800,0.747,70830300,0.748,70630400,0.749,51070700,563,0,0
sh513130,09:39:28,1767577171016,09:40:30,1767577170507,0.744,0.7456,-0.2146,5753.98,0.8972,3.1041,3258500,2424380,0.744,0.984,0.744,15721600,0.743,55691400,0.742,37214300,0.741,32066000,0.740,25542700,0.745,161962400,0.746,114920600,0.747,69852100,0.748,61374100,0.749,51100700,508,0,0
sh513130,09:39:28,1767577172023,09:40:30,1767577171619,0.744,0.7456,-0.2146,5753.98,0.8972,3.046,0,0,0.744,1.007,0.744,15721600,0.743,55691400,0.742,37214300,0.741,32066000,0.740,25542700,0.745,161962400,0.746,114920600,0.747,69852100,0.748,61374100,0.749,51100700,403,0,0
sh513130,09:39:28,1767577173029,09:40:32,1767577172441,0.744,0.7456,-0.2146,5753.87,0.8972,3.9844,0,0,0.744,1.006,0.744,15721600,0.743,55691400,0.742,37214300,0.741,32066000,0.740,25542700,0.745,161962400,0.746,114920600,0.747,69852100,0.748,61374100,0.749,51100700,587,0,0
sh513130,09:39:31,1767577174034,09:40:32,1767577173789,0.744,0.7456,-0.2146,5753.87,0.8972,3.2937,14131500,10513798,0.744,1.005,0.743,65302800,0.742,40383300,0.741,32466000,0.740,25700400,0.739,33804500,0.744,14101400,0.745,168911300,0.746,115361600,0.747,70319100,0.748,60986200,244,0,0
sh513130,09:39:31,1767577175028,09:40:34,1767577174603,0.744,0.7456,-0.2146,5753.76,0.8972,3.2325,0,0,0.744,0.994,0.743,65302800,0.742,40383300,0.741,32466000,0.740,25700400,0.739,33804500,0.744,14101400,0.745,168911300,0.746,115361600,0.747,70319100,0.748,60986200,424,0,0
sh513130,09:39:31,1767577176024,09:40:34,1767577175935,0.744,0.7456,-0.2146,5753.76,0.8972,3.3263,0,0,0.744,0.996,0.743,65302800,0.742,40383300,0.741,32466000,0.740,25700400,0.739,33804500,0.744,14101400,0.745,168911300,0.746,115361600,0.747,70319100,0.748,60986200,88,0,0
sh513130,09:39:34,1767577177052,09:40:36,1767577176457,0.744,0.7456,-0.2146,5755.12,0.8972,4.8191,3270800,2433447,0.744,1.029,0.743,65284400,0.742,40383100,0.741,32466300,0.740,25715400,0.739,33804500,0.744,9854900,0.745,170281500,0.746,115372100,0.747,68549700,0.748,60948200,595,0,0
sh513130,09:39:34,1767577178035,09:40:36,1767577176457,0.744,0.7456,-0.2146,5755.12,0.8972,4.738,0,0,0.744,0.982,0.743,65284400,0.742,40383100,0.741,32466300,0.740,25715400,0.739,33804500,0.744,9854900,0.745,170281500,0.746,115372100,0.747,68549700,0.748,60948200,1577,0,0
sh513130,09:39:34,1767577179032,09:40:38,1767577178472,0.744,0.7456,-0.2146,5755.33,0.8972,5.0603,0,0,0.744,0.998,0.743,65284400,0.742,40383100,0.741,32466300,0.740,25715400,0.739,33804500,0.744,9854900,0.745,170281500,0.746,115372100,0.747,68549700,0.748,60948200,560,0,0
sh513130,09:39:37,1767577180051,09:40:38,1767577178472,0.744,0.7456,-0.2146,5755.33,0.8972,6.669,12967700,9647976,0.744,1.019,0.744,35518000,0.743,56464600,0.742,38174400,0.741,32466300,0.740,25666900,0.745,160730000,0.746,115322100,0.747,68954900,0.748,70753900,0.749,51700600,1579,0,0
sh513130,09:39:37,1767577181027,09:40:40,1767577180467,0.744,0.7456,-0.2146,5756.62,0.8972,5.5623,0,0,0.744,0.976,0.744,35518000,0.743,56464600,0.742,38174400,0.741,32466300,0.740,25666900,0.745,160730000,0.746,115322100,0.747,68954900,0.748,70753900,0.749,51700600,560,0,0
sh513130,09:39:37,1767577182040,09:40:40,1767577180467,0.744,0.7456,-0.2146,5756.62,0.8972,5.3044,0,0,0.744,1.013,0.744,35518000,0.743,56464600,0.742,38174400,0.741,32466300,0.740,25666900,0.745,160730000,0.746,115322100,0.747,68954900,0.748,70753900,0.749,51700600,1573,0,0
sh513130,09:39:40,1767577183033,09:40:42,1767577182465,0.744,0.7456,-0.2146,5758.41,0.8972,5.219,1466400,1091073,0.744,0.993,0.744,42797900,0.743,51097700,0.742,38281300,0.741,32066300,0.740,25671900,0.745,165813900,0.746,110894700,0.747,70009700,0.748,70797000,0.749,52180600,567,0,0
sh513130,09:39:40,1767577184034,09:40:42,1767577182465,0.744,0.7456,-0.2146,5758.41,0.8972,5.4305,0,0,0.744,1.001,0.744,42797900,0.743,51097700,0.742,38281300,0.741,32066300,0.740,25671900,0.745,165813900,0.746,110894700,0.747,70009700,0.748,70797000,0.749,52180600,1568,0,0
sh513130,09:39:40,1767577185035,09:40:44,1767577184579,0.744,0.7456,-0.2146,5758.2,0.8972,3.8409,0,0,0.744,1.001,0.744,42797900,0.743,51097700,0.742,38281300,0.741,32066300,0.740,25671900,0.745,165813900,0.746,110894700,0.747,70009700,0.748,70797000,0.749,52180600,455,0,0
sh513130,09:39:43,1767577186052,09:40:44,1767577184579,0.744,0.7457,-0.228,5758.2,0.8972,4.0383,2050300,1525450,0.744,1.017,0.744,43822400,0.743,51479200,0.742,37284300,0.741,32116300,0.740,26935300,0.745,165401800,0.746,112039800,0.747,71901800,0.748,72519600,0.749,53191100,1472,0,0
sh513130,09:39:43,1767577187034,09:40:46,1767577186732,0.744,0.7457,-0.228,5757.62,0.8972,2.3375,0,0,0.744,0.982,0.744,43822400,0.743,51479200,0.742,37284300,0.741,32116300,0.740,26935300,0.745,165401800,0.746,112039800,0.747,71901800,0.748,72519600,0.749,53191100,301,0,0
sh513130,09:39:46,1767577188043,09:40:46,1767577186732,0.744,0.7457,-0.228,5757.62,0.8972,1.4057,1725800,1283996,0.744,1.008,0.744,45795600,0.743,51637900,0.742,37322500,0.741,32116300,0.740,27075300,0.745,153545000,0.746,111977800,0.747,84007000,0.748,73330600,0.749,55307700,1310,0,0
sh513130,09:39:46,1767577189037,09:40:48,1767577188893,0.744,0.7457,-0.228,5756.72,0.8972,0.6038,0,0,0.744,0.994,0.744,45795600,0.743,51637900,0.742,37322500,0.741,32116300,0.740,27075300,0.745,153545000,0.746,111977800,0.747,84007000,0.748,73330600,0.749,55307700,143,0,0
sh513130,09:39:46,1767577190046,09:40:48,1767577188893,0.744,0.7457,-0.228,5756.72,0.8972,2.7633,0,0,0.744,1.01,0.744,45795600,0.743,51637900,0.742,37322500,0.741,32116300,0.740,27075300,0.745,153545000,0.746,111977800,0.747,84007000,0.748,73330600,0.749,55307700,1152,0,0
sh513130,09:39:46,1767577191055,09:40:50,1767577191054,0.744,0.7457,-0.228,5758.24,0.8972,2.7108,0,0,0.744,1.008,0.744,45795600,0.743,51637900,0.742,37322500,0.741,32116300,0.740,27075300,0.745,153545000,0.746,111977800,0.747,84007000,0.748,73330600,0.749,55307700,0,0,0
sh513130,09:39:49,1767577192043,09:40:50,1767577191054,0.745,0.7463,-0.1742,5758.24,0.8972,2.5483,1085700,807825,0.7441,0.989,0.744,44966600,0.743,51764800,0.742,38312500,0.741,32146300,0.740,27098900,0.745,167402500,0.746,112064300,0.747,83080500,0.748,73194600,0.749,57300800,989,0,0
sh513130,09:39:49,1767577193038,09:40:52,1767577192443,0.745,0.7463,-0.1742,5757.25,0.8972,2.4995,0,0,0.745,0.995,0.744,44966600,0.743,51764800,0.742,38312500,0.741,32146300,0.740,27098900,0.745,167402500,0.746,112064300,0.747,83080500,0.748,73194600,0.749,57300800,594,0,0
sh513130,09:39:49,1767577194053,09:40:52,1767577193195,0.745,0.7463,-0.1742,5757.25,0.8972,2.0239,0,0,0.745,1.014,0.744,44966600,0.743,51764800,0.742,38312500,0.741,32146300,0.740,27098900,0.745,167402500,0.746,112064300,0.747,83080500,0.748,73194600,0.749,57300800,857,0,0
sh513130,09:39:52,1767577195052,09:40:54,1767577194479,0.745,0.7463,-0.1742,5760.24,0.8972,1.7897,2838300,2112419,0.7443,0.999,0.744,54470800,0.743,51877200,0.742,38312500,0.741,33146300,0.740,27099900,0.745,168884600,0.746,112141000,0.747,83348700,0.748,73347800,0.749,57292600,571,0,0
sh513130,09:39:52,1767577196051,09:40:54,1767577195346,0.745,0.7463,-0.1742,5760.24,0.8972,-0.3122,0,0,0.745,0.999,0.744,54470800,0.743,51877200,0.742,38312500,0.741,33146300,0.740,27099900,0.745,168884600,0.746,112141000,0.747,83348700,0.748,73347800,0.749,57292600,704,0,0
sh513130,09:39:52,1767577197078,09:40:56,1767577196448,0.745,0.7463,-0.1742,5759.8,0.8972,0.0431,0,0,0.745,1.027,0.744,54470800,0.743,51877200,0.742,38312500,0.741,33146300,0.740,27099900,0.745,168884600,0.746,112141000,0.747,83348700,0.748,73347800,0.749,57292600,629,0,0
sh513130,09:39:55,1767577198058,09:40:56,1767577197518,0.745,0.7463,-0.1742,5759.8,0.8972,0.338,988700,736110,0.7445,0.981,0.744,64788600,0.743,51941200,0.742,36275600,0.741,33126300,0.740,27099900,0.745,133461500,0.746,117975400,0.747,102367000,0.748,73353200,0.749,57476900,540,0,0
sh513130,09:39:55,1767577199050,09:40:58,1767577198458,0.745,0.7463,-0.1742,5761.33,0.8972,0.3429,0,0,0.745,0.992,0.744,64788600,0.743,51941200,0.742,36275600,0.741,33126300,0.740,27099900,0.745,133461500,0.746,117975400,0.747,102367000,0.748,73353200,0.749,57476900,591,0,0
sh513130,09:39:55,1767577200053,09:40:58,1767577199691,0.745,0.7463,-0.1742,5761.33,0.8972,0.4601,0,0,0.745,1.003,0.744,64788600,0.743,51941200,0.742,36275600,0.741,33126300,0.740,27099900,0.745,133461500,0.746,117975400,0.747,102367000,0.748,73353200,0.749,57476900,361,0,0
sh513130,09:39:58,1767577201052,09:41:00,1767577200496,0.744,0.7463,-0.3082,5760.66,0.8972,0.6442,2052800,1527863,0.7443,0.999,0.744,66997400,0.743,50273700,0.742,35161900,0.741,33126300,0.740,27176900,0.745,131938900,0.746,118002100,0.747,102424900,0.748,72651300,0.749,57526900,555,0,0
sh513130,09:39:58,1767577202053,09:41:00,1767577201852,0.744,0.7463,-0.3082,5760.66,0.8972,0.6313,0,0,0.744,1.001,0.744,66997400,0.743,50273700,0.742,35161900,0.741,33126300,0.740,27176900,0.745,131938900,0.746,118002100,0.747,102424900,0.748,72651300,0.749,57526900,200,0,0
sh513130,09:39:58,1767577203066,09:41:02,1767577202491,0.744,0.7463,-0.3082,5757.45,0.8972,-0.5294,0,0,0.744,1.013,0.744,66997400,0.743,50273700,0.742,35161900,0.741,33126300,0.740,27176900,0.745,131938900,0.746,118002100,0.747,102424900,0.748,72651300,0.749,57526900,574,0,0
sh513130,09:40:01,1767577204051,09:41:02,1767577204023,0.744,0.7463,-0.3082,5757.45,0.8972,-0.6386,25948600,19305848,0.744,0.986,0.743,59761000,0.742,37545900,0.741,33112600,0.740,27186900,0.739,34610800,0.744,2552800,0.745,178749800,0.746,110995100,0.747,103019800,0.748,63861000,28,0,0
sh513130,09:40:01,1767577205054,09:41:04,1767577204588,0.744,0.7463,-0.3082,5757.14,0.8972,5.2743,0,0,0.744,1.003,0.743,59761000,0.742,37545900,0.741,33112600,0.740,27186900,0.739,34610800,0.744,2552800,0.745,178749800,0.746,110995100,0.747,103019800,0.748,63861000,465,0,0
sh513130,09:40:04,1767577206055,09:41:04,1767577204588,0.745,0.7463,-0.1742,5757.14,0.8972,4.9235,10868200,8086057,0.744,1.001,0.744,68746300,0.743,50261600,0.742,38335900,0.741,34102600,0.740,26916500,0.745,173101500,0.746,111238400,0.747,82108700,0.748,73894200,0.749,59068400,1466,0,0
sh513130,09:40:04,1767577207056,09:41:06,1767577206486,0.745,0.7463,-0.1742,5759.15,0.8972,5.5706,0,0,0.745,1.001,0.744,68746300,0.743,50261600,0.742,38335900,0.741,34102600,0.740,26916500,0.745,173101500,0.746,111238400,0.747,82108700,0.748,73894200,0.749,59068400,570,0,0
sh513130,09:40:04,1767577208067,09:41:06,1767577206486,0.745,0.7463,-0.1742,5759.15,0.8972,4.6808,0,0,0.745,1.011,0.744,68746300,0.743,50261600,0.742,38335900,0.741,34102600,0.740,26916500,0.745,173101500,0.746,111238400,0.747,82108700,0.748,73894200,0.749,59068400,1580,0,0
sh513130,09:40:04,1767577209078,09:41:08,1767577208506,0.745,0.7463,-0.1742,5759.12,0.8972,2.4463,0,0,0.745,1.011,0.744,68746300,0.743,50261600,0.742,38335900,0.741,34102600,0.740,26916500,0.745,173101500,0.746,111238400,0.747,82108700,0.748,73894200,0.749,59068400,571,0,0
