symbol,tx_server_time,tx_local_time,bd_server_time,bd_local_time,price,iopv,premium_rate,index_price,fx_rate,sentiment,tick_vol,tick_amt,tick_vwap,interval_s,bp1,bv1,bp2,bv2,bp3,bv3,bp4,bv4,bp5,bv5,sp1,sv1,sp2,sv2,sp3,sv3,sp4,sv4,sp5,sv5,idx_delay_ms,fut_delay_ms,data_flags
sh513130,09:30:05,1767749407505,09:31:06,1767749406830,0.755,0.7534,0.2124,5799.75,0.8963,2.2547,0,0,0.755,0.0,0.754,19288600,0.753,34772300,0.752,36852100,0.751,34526900,0.750,43187400,0.755,15265900,0.756,29704600,0.757,24092100,0.758,22981400,0.759,12206400,675,0,1
sh513130,09:30:05,1767749408490,09:31:08,1767749408446,0.755,0.7534,0.2124,5797.4,0.8963,1.4712,0,0,0.755,0.984,0.754,19288600,0.753,34772300,0.752,36852100,0.751,34526900,0.750,43187400,0.755,15265900,0.756,29704600,0.757,24092100,0.758,22981400,0.759,12206400,43,0,0
sh513130,09:30:05,1767749409490,09:31:08,1767749408446,0.755,0.7534,0.2124,5797.4,0.8963,1.2894,0,0,0.755,1.0,0.754,19288600,0.753,34772300,0.752,36852100,0.751,34526900,0.750,43187400,0.755,15265900,0.756,29704600,0.757,24092100,0.758,22981400,0.759,12206400,1043,0,0
sh513130,09:30:08,1767749410486,09:31:10,1767749410473,0.755,0.7534,0.2124,5796.59,0.8963,1.587,1533200,1157512,0.755,0.996,0.754,25497000,0.753,36051400,0.752,38055900,0.751,40906200,0.750,45603100,0.755,19026600,0.756,29719700,0.757,28891100,0.758,19621600,0.759,11398300,12,0,0
sh513130,09:30:08,1767749411489,09:31:10,1767749410516,0.755,0.7534,0.2124,5796.59,0.8963,2.0519,0,0,0.755,1.003,0.754,25497000,0.753,36051400,0.752,38055900,0.751,40906200,0.750,45603100,0.755,19026600,0.756,29719700,0.757,28891100,0.758,19621600,0.759,11398300,973,0,0
sh513130,09:30:08,1767749412495,09:31:12,1767749412463,0.755,0.7534,0.2124,5795.8,0.8963,2.7992,0,0,0.755,1.006,0.754,25497000,0.753,36051400,0.752,38055900,0.751,40906200,0.750,45603100,0.755,19026600,0.756,29719700,0.757,28891100,0.758,19621600,0.759,11398300,31,0,0
sh513130,09:30:11,1767749413500,09:31:12,1767749412833,0.754,0.7541,-0.0133,5795.8,0.8963,2.4086,3848500,2904298,0.7547,1.005,0.754,26777300,0.753,41491300,0.752,41607600,0.751,44415700,0.750,46966700,0.755,18256200,0.756,32410600,0.757,33057900,0.758,19846900,0.759,12506800,666,0,0
sh513130,09:30:11,1767749414498,09:31:14,1767749414466,0.754,0.7541,-0.0133,5794.63,0.8963,1.2517,0,0,0.754,0.998,0.754,26777300,0.753,41491300,0.752,41607600,0.751,44415700,0.750,46966700,0.755,18256200,0.756,32410600,0.757,33057900,0.758,19846900,0.759,12506800,31,0,0
sh513130,09:30:14,1767749415493,09:31:14,1767749415151,0.755,0.7528,0.2922,5794.63,0.8963,3.7928,11224900,8466583,0.7543,0.995,0.754,18860000,0.753,39034400,0.752,42053500,0.751,45968800,0.750,48773300,0.755,22571600,0.756,32488700,0.757,32060800,0.758,18857900,0.759,12571200,341,0,0
sh513130,09:30:14,1767749416497,09:31:16,1767749416435,0.755,0.7528,0.2922,5797.4,0.8963,3.5467,0,0,0.755,1.004,0.754,18860000,0.753,39034400,0.752,42053500,0.751,45968800,0.750,48773300,0.755,22571600,0.756,32488700,0.757,32060800,0.758,18857900,0.759,12571200,62,0,0
sh513130,09:30:14,1767749417493,09:31:16,1767749417481,0.755,0.7528,0.2922,5797.4,0.8963,2.9765,0,0,0.755,0.997,0.754,18860000,0.753,39034400,0.752,42053500,0.751,45968800,0.750,48773300,0.755,22571600,0.756,32488700,0.757,32060800,0.758,18857900,0.759,12571200,12,0,0
sh513130,09:30:14,1767749418492,09:31:18,1767749418481,0.755,0.7528,0.2922,5797.2,0.8963,3.9954,0,0,0.755,0.999,0.754,18860000,0.753,39034400,0.752,42053500,0.751,45968800,0.750,48773300,0.755,22571600,0.756,32488700,0.757,32060800,0.758,18857900,0.759,12571200,11,0,0
sh513130,09:30:17,1767749419499,09:31:18,1767749418481,0.755,0.7528,0.2922,5797.2,0.8963,2.9035,28823100,21740037,0.7543,1.006,0.754,117500,0.753,40240100,0.752,40518600,0.751,46155900,0.750,50696100,0.755,12930400,0.756,32539900,0.757,22108900,0.758,17522700,0.759,14649000,1017,0,0
sh513130,09:30:17,1767749420502,09:31:20,1767749420422,0.755,0.7528,0.2922,5795.0,0.8963,1.5122,0,0,0.755,1.003,0.754,117500,0.753,40240100,0.752,40518600,0.751,46155900,0.750,50696100,0.755,12930400,0.756,32539900,0.757,22108900,0.758,17522700,0.759,14649000,79,0,0
sh513130,09:30:17,1767749421500,09:31:20,1767749420422,0.755,0.7528,0.2922,5795.0,0.8963,3.7957,0,0,0.755,0.998,0.754,117500,0.753,40240100,0.752,40518600,0.751,46155900,0.750,50696100,0.755,12930400,0.756,32539900,0.757,22108900,0.758,17522700,0.759,14649000,1077,0,0
sh513130,09:30:20,1767749422484,09:31:22,1767749422470,0.754,0.7528,0.1594,5791.31,0.8963,2.702,5352000,4037491,0.7544,0.984,0.753,37871200,0.752,41369400,0.751,46661400,0.750,51208200,0.749,23079100,0.754,9900700,0.755,12198800,0.756,32478800,0.757,16246400,0.758,18093400,13,0,0
sh513130,09:30:20,1767749423478,09:31:22,1767749422470,0.754,0.7528,0.1594,5791.31,0.8963,2.2386,0,0,0.754,0.994,0.753,37871200,0.752,41369400,0.751,46661400,0.750,51208200,0.749,23079100,0.754,9900700,0.755,12198800,0.756,32478800,0.757,16246400,0.758,18093400,1007,0,0
sh513130,09:30:20,1767749424471,09:31:24,1767749424462,0.754,0.7528,0.1594,5787.86,0.8963,2.0085,0,0,0.754,0.993,0.753,37871200,0.752,41369400,0.751,46661400,0.750,51208200,0.749,23079100,0.754,9900700,0.755,12198800,0.756,32478800,0.757,16246400,0.758,18093400,9,0,0
sh513130,09:30:23,1767749425469,09:31:24,1767749424482,0.754,0.7528,0.1594,5787.86,0.8963,2.1964,8307800,6258456,0.7533,0.998,0.753,32030000,0.752,39277600,0.751,50847600,0.750,51734000,0.749,23338100,0.754,17182400,0.755,10568600,0.756,30594000,0.757,15354400,0.758,18093400,986,0,0
sh513130,09:30:20,1767749426474,09:31:26,1767749426474,0.754,0.7528,0.1594,5787.34,0.8963,1.6541,0,0,0.754,1.006,0.753,37871200,0.752,41369400,0.751,46661400,0.750,51208200,0.749,23079100,0.754,9900700,0.755,12198800,0.756,32478800,0.757,16246400,0.758,18093400,0,0,1
sh513130,09:30:23,1767749427478,09:31:26,1767749426837,0.754,0.7528,0.1594,5787.34,0.8963,3.7506,8307800,6258456,0.7533,1.003,0.753,32030000,0.752,39277600,0.751,50847600,0.750,51734000,0.749,23338100,0.754,17182400,0.755,10568600,0.756,30594000,0.757,15354400,0.758,18093400,641,0,0
sh513130,09:30:26,1767749428482,09:31:26,1767749426837,0.754,0.7521,0.2526,5787.34,0.8963,3.2972,5280100,3980850,0.7539,1.004,0.753,30498900,0.752,39424700,0.751,51428800,0.750,57990700,0.749,23414600,0.754,20260500,0.755,11467300,0.756,29673200,0.757,14954400,0.758,18120900,1645,0,0
sh513130,09:30:26,1767749429474,09:31:28,1767749429163,0.754,0.7521,0.2526,5782.68,0.8963,3.236,0,0,0.754,0.992,0.753,30498900,0.752,39424700,0.751,51428800,0.750,57990700,0.749,23414600,0.754,20260500,0.755,11467300,0.756,29673200,0.757,14954400,0.758,18120900,311,0,0
sh513130,09:30:26,1767749430477,09:31:30,1767749430381,0.754,0.7521,0.2526,5782.24,0.8963,3.3572,0,0,0.754,1.002,0.753,30498900,0.752,39424700,0.751,51428800,0.750,57990700,0.749,23414600,0.754,20260500,0.755,11467300,0.756,29673200,0.757,14954400,0.758,18120900,95,0,0
sh513130,09:30:29,1767749431480,09:31:30,1767749430538,0.754,0.7521,0.2526,5782.24,0.8963,3.5337,7278700,5482861,0.7533,1.003,0.753,24352500,0.752,37887400,0.751,48937900,0.750,60206100,0.749,23671400,0.754,29618900,0.755,12697400,0.756,23417300,0.757,15027400,0.758,18120900,941,0,0
sh513130,09:30:29,1767749432482,09:31:32,1767749432451,0.754,0.7521,0.2526,5779.7,0.8963,2.0937,0,0,0.754,1.002,0.753,24352500,0.752,37887400,0.751,48937900,0.750,60206100,0.749,23671400,0.754,29618900,0.755,12697400,0.756,23417300,0.757,15027400,0.758,18120900,31,0,0
sh513130,09:30:32,1767749433476,09:31:32,1767749432484,0.754,0.7521,0.2526,5779.7,0.8963,0.5069,9998400,7530108,0.7531,0.994,0.753,17509700,0.752,38657500,0.751,48557100,0.750,61160200,0.749,23721500,0.754,31811100,0.755,17359800,0.756,19433700,0.757,15065500,0.758,18221900,990,0,0
sh513130,09:30:32,1767749434475,09:31:34,1767749434444,0.754,0.7521,0.2526,5780.51,0.8963,1.8934,0,0,0.754,0.999,0.753,17509700,0.752,38657500,0.751,48557100,0.750,61160200,0.749,23721500,0.754,31811100,0.755,17359800,0.756,19433700,0.757,15065500,0.758,18221900,30,0,0
sh513130,09:30:32,1767749435473,09:31:34,1767749434444,0.754,0.7521,0.2526,5780.51,0.8963,3.8984,0,0,0.754,0.998,0.753,17509700,0.752,38657500,0.751,48557100,0.750,61160200,0.749,23721500,0.754,31811100,0.755,17359800,0.756,19433700,0.757,15065500,0.758,18221900,1028,0,0
sh513130,09:30:32,1767749436482,09:31:36,1767749436436,0.754,0.7521,0.2526,5780.26,0.8963,4.3507,0,0,0.754,1.009,0.753,17509700,0.752,38657500,0.751,48557100,0.750,61160200,0.749,23721500,0.754,31811100,0.755,17359800,0.756,19433700,0.757,15065500,0.758,18221900,46,0,0
sh513130,09:30:35,1767749437473,09:31:36,1767749436436,0.753,0.7508,0.293,5780.26,0.8963,4.3042,19320800,14549980,0.7531,0.991,0.752,36926200,0.751,42011900,0.750,62935800,0.749,23737000,0.748,33445000,0.753,163500,0.754,26598700,0.755,18358900,0.756,19467300,0.757,15086100,1037,0,0
sh513130,09:30:35,1767749438460,09:31:38,1767749438447,0.753,0.7508,0.293,5781.59,0.8963,4.2289,0,0,0.753,0.986,0.752,36926200,0.751,42011900,0.750,62935800,0.749,23737000,0.748,33445000,0.753,163500,0.754,26598700,0.755,18358900,0.756,19467300,0.757,15086100,12,0,0
sh513130,09:30:35,1767749439461,09:31:38,1767749438518,0.753,0.7508,0.293,5781.59,0.8963,4.8072,0,0,0.753,1.001,0.752,36926200,0.751,42011900,0.750,62935800,0.749,23737000,0.748,33445000,0.753,163500,0.754,26598700,0.755,18358900,0.756,19467300,0.757,15086100,943,0,0
sh513130,09:30:38,1767749440456,09:31:40,1767749440393,0.753,0.7508,0.293,5783.22,0.8963,4.7262,3757100,2828917,0.753,0.995,0.752,36361700,0.751,39318500,0.750,60215900,0.749,23765700,0.748,33511000,0.753,18874900,0.754,21631900,0.755,21835900,0.756,17983700,0.757,15186200,62,0,0
sh513130,09:30:38,1767749441472,09:31:40,1767749440836,0.753,0.7508,0.293,5783.22,0.8963,5.7354,0,0,0.753,1.017,0.752,36361700,0.751,39318500,0.750,60215900,0.749,23765700,0.748,33511000,0.753,18874900,0.754,21631900,0.755,21835900,0.756,17983700,0.757,15186200,636,0,0
sh513130,09:30:38,1767749442480,09:31:42,1767749442419,0.753,0.7508,0.293,5784.28,0.8963,4.4205,0,0,0.753,1.007,0.752,36361700,0.751,39318500,0.750,60215900,0.749,23765700,0.748,33511000,0.753,18874900,0.754,21631900,0.755,21835900,0.756,17983700,0.757,15186200,61,0,0
sh513130,09:30:41,1767749443480,09:31:42,1767749443159,0.753,0.7508,0.293,5784.28,0.8963,5.0056,10752700,8090895,0.7525,1.0,0.752,30372400,0.751,36636800,0.750,73483300,0.749,37336400,0.748,43142000,0.753,26223800,0.754,30830500,0.755,23705400,0.756,17095200,0.757,15218100,320,0,0
sh513130,09:30:41,1767749444469,09:31:44,1767749444456,0.753,0.7508,0.293,5788.16,0.8963,4.1344,0,0,0.753,0.989,0.752,30372400,0.751,36636800,0.750,73483300,0.749,37336400,0.748,43142000,0.753,26223800,0.754,30830500,0.755,23705400,0.756,17095200,0.757,15218100,13,0,0
sh513130,09:30:41,1767749445478,09:31:44,1767749444456,0.753,0.7508,0.293,5788.16,0.8963,3.2412,0,0,0.753,1.009,0.752,30372400,0.751,36636800,0.750,73483300,0.749,37336400,0.748,43142000,0.753,26223800,0.754,30830500,0.755,23705400,0.756,17095200,0.757,15218100,1022,0,0
sh513130,09:30:44,1767749446476,09:31:46,1767749446443,0.753,0.7508,0.293,5787.33,0.8963,3.9121,20565700,15469065,0.7522,0.998,0.752,12634000,0.751,37040000,0.750,76959900,0.749,39660900,0.748,43165500,0.753,29826500,0.754,38517900,0.755,29120200,0.756,22106500,0.757,15220400,32,0,0
sh513130,09:30:44,1767749447483,09:31:46,1767749446443,0.753,0.7508,0.293,5787.33,0.8963,4.3638,0,0,0.753,1.007,0.752,12634000,0.751,37040000,0.750,76959900,0.749,39660900,0.748,43165500,0.753,29826500,0.754,38517900,0.755,29120200,0.756,22106500,0.757,15220400,1038,0,0
sh513130,09:30:47,1767749448473,09:31:48,1767749448423,0.753,0.7508,0.293,5787.47,0.8963,3.6686,5619800,4230205,0.7527,0.99,0.752,16139500,0.751,37544100,0.750,81269400,0.749,39728000,0.748,43505000,0.753,18579400,0.754,42545700,0.755,29853500,0.756,26731200,0.757,15220600,49,0,0
sh513130,09:30:47,1767749449467,09:31:48,1767749448423,0.753,0.7508,0.293,5787.47,0.8963,3.6018,0,0,0.753,0.994,0.752,16139500,0.751,37544100,0.750,81269400,0.749,39728000,0.748,43505000,0.753,18579400,0.754,42545700,0.755,29853500,0.756,26731200,0.757,15220600,1044,0,0
sh513130,09:30:47,1767749450459,09:31:50,1767749450395,0.753,0.7508,0.293,5786.23,0.8963,3.4826,0,0,0.753,0.992,0.752,16139500,0.751,37544100,0.750,81269400,0.749,39728000,0.748,43505000,0.753,18579400,0.754,42545700,0.755,29853500,0.756,26731200,0.757,15220600,63,0,0
sh513130,09:30:47,1767749451468,09:31:50,1767749450492,0.753,0.7508,0.293,5786.23,0.8963,3.4186,0,0,0.753,1.009,0.752,16139500,0.751,37544100,0.750,81269400,0.749,39728000,0.748,43505000,0.753,18579400,0.754,42545700,0.755,29853500,0.756,26731200,0.757,15220600,976,0,0
sh513130,09:30:50,1767749452464,09:31:52,1767749452384,0.752,0.7521,-0.0133,5782.32,0.8963,3.2873,20950100,15757615,0.7521,0.995,0.751,52618600,0.750,75425700,0.749,38761000,0.748,43609000,0.747,23795600,0.752,714700,0.753,15201400,0.754,39889600,0.755,28622500,0.756,25770000,79,0,0
sh513130,09:30:50,1767749453455,09:31:52,1767749452499,0.752,0.7521,-0.0133,5782.32,0.8963,1.1325,0,0,0.752,0.991,0.751,52618600,0.750,75425700,0.749,38761000,0.748,43609000,0.747,23795600,0.752,714700,0.753,15201400,0.754,39889600,0.755,28622500,0.756,25770000,955,0,0
sh513130,09:30:53,1767749454465,09:31:54,1767749454463,0.752,0.7521,-0.0133,5781.02,0.8963,-1.4167,3899700,2932505,0.752,1.01,0.751,66362200,0.750,75760700,0.749,44986900,0.748,37237000,0.747,28184500,0.752,11941900,0.753,23906200,0.754,50250600,0.755,32775300,0.756,23440700,2,0,0
sh513130,09:30:53,1767749455462,09:31:54,1767749454840,0.752,0.7521,-0.0133,5781.02,0.8963,-0.2057,0,0,0.752,0.997,0.751,66362200,0.750,75760700,0.749,44986900,0.748,37237000,0.747,28184500,0.752,11941900,0.753,23906200,0.754,50250600,0.755,32775300,0.756,23440700,621,0,0
sh513130,09:30:53,1767749456464,09:31:56,1767749456389,0.752,0.7521,-0.0133,5780.36,0.8963,0.7258,0,0,0.752,1.003,0.751,66362200,0.750,75760700,0.749,44986900,0.748,37237000,0.747,28184500,0.752,11941900,0.753,23906200,0.754,50250600,0.755,32775300,0.756,23440700,74,0,0
sh513130,09:30:53,1767749457467,09:31:56,1767749457153,0.752,0.7521,-0.0133,5780.36,0.8963,2.4379,0,0,0.752,1.003,0.751,66362200,0.750,75760700,0.749,44986900,0.748,37237000,0.747,28184500,0.752,11941900,0.753,23906200,0.754,50250600,0.755,32775300,0.756,23440700,314,0,0
sh513130,09:30:56,1767749458466,09:31:58,1767749458434,0.752,0.7515,0.0665,5779.0,0.8963,3.8427,2252800,1693888,0.7519,0.999,0.751,47973800,0.750,76307300,0.749,44195200,0.748,45514100,0.747,28410300,0.752,10135500,0.753,19900500,0.754,53798300,0.755,33685200,0.756,24975200,32,0,0
sh513130,09:30:56,1767749459456,09:31:58,1767749458434,0.752,0.7515,0.0665,5779.0,0.8963,3.7734,0,0,0.752,0.99,0.751,47973800,0.750,76307300,0.749,44195200,0.748,45514100,0.747,28410300,0.752,10135500,0.753,19900500,0.754,53798300,0.755,33685200,0.756,24975200,1021,0,0
sh513130,09:30:56,1767749460451,09:32:00,1767749460447,0.752,0.7515,0.0665,5778.24,0.8963,4.6115,0,0,0.752,0.995,0.751,47973800,0.750,76307300,0.749,44195200,0.748,45514100,0.747,28410300,0.752,10135500,0.753,19900500,0.754,53798300,0.755,33685200,0.756,24975200,4,0,0
sh513130,09:30:56,1767749461442,09:32:00,1767749460796,0.752,0.7515,0.0665,5778.24,0.8963,5.6935,0,0,0.752,0.991,0.751,47973800,0.750,76307300,0.749,44195200,0.748,45514100,0.747,28410300,0.752,10135500,0.753,19900500,0.754,53798300,0.755,33685200,0.756,24975200,646,0,0
sh513130,09:30:59,1767749462449,09:32:02,1767749462419,0.752,0.7515,0.0665,5775.8,0.8963,5.6054,5389000,4049810,0.7515,1.007,0.751,36407500,0.750,81008100,0.749,45969000,0.748,45754900,0.747,29418200,0.752,19807000,0.753,27746800,0.754,53628100,0.755,33061200,0.756,20093500,30,0,0
sh513130,09:31:02,1767749463445,09:32:02,1767749462419,0.752,0.7515,0.0665,5775.8,0.8963,3.7385,28311500,21264419,0.7511,0.995,0.751,10314900,0.750,78012200,0.749,45960400,0.748,45898900,0.747,32927200,0.752,16423400,0.753,38426700,0.754,53662200,0.755,33311300,0.756,14794000,1025,0,0
sh513130,09:31:02,1767749464442,09:32:04,1767749464441,0.752,0.7515,0.0665,5774.92,0.8963,4.2954,0,0,0.752,0.998,0.751,10314900,0.750,78012200,0.749,45960400,0.748,45898900,0.747,32927200,0.752,16423400,0.753,38426700,0.754,53662200,0.755,33311300,0.756,14794000,0,0,0
sh513130,09:31:02,1767749465440,09:32:04,1767749464441,0.752,0.7515,0.0665,5774.92,0.8963,3.5448,0,0,0.752,0.998,0.751,10314900,0.750,78012200,0.749,45960400,0.748,45898900,0.747,32927200,0.752,16423400,0.753,38426700,0.754,53662200,0.755,33311300,0.756,14794000,998,0,0
sh513130,09:31:05,1767749466450,09:32:06,1767749466388,0.75,0.7501,-0.0133,5772.3,0.8963,3.3088,13667600,10266183,0.7511,1.01,0.750,68324700,0.749,45040200,0.748,47949300,0.747,37350800,0.746,21973500,0.751,16922500,0.752,17001800,0.753,38547900,0.754,50606900,0.755,31403400,62,0,0
sh513130,09:31:05,1767749467442,09:32:06,1767749466546,0.75,0.7501,-0.0133,5772.3,0.8963,4.5921,0,0,0.75,0.992,0.750,68324700,0.749,45040200,0.748,47949300,0.747,37350800,0.746,21973500,0.751,16922500,0.752,17001800,0.753,38547900,0.754,50606900,0.755,31403400,896,0,0
sh513130,09:31:05,1767749468453,09:32:08,1767749468379,0.75,0.7501,-0.0133,5773.91,0.8963,4.5134,0,0,0.75,1.011,0.750,68324700,0.749,45040200,0.748,47949300,0.747,37350800,0.746,21973500,0.751,16922500,0.752,17001800,0.753,38547900,0.754,50606900,0.755,31403400,73,0,0
sh513130,09:31:05,1767749469462,09:32:08,1767749468884,0.75,0.7501,-0.0133,5773.91,0.8963,4.6615,0,0,0.75,1.009,0.750,68324700,0.749,45040200,0.748,47949300,0.747,37350800,0.746,21973500,0.751,16922500,0.752,17001800,0.753,38547900,0.754,50606900,0.755,31403400,578,0,0
sh513130,09:31:08,1767749470457,09:32:10,1767749470426,0.751,0.7501,0.12,5772.91,0.8963,4.7003,5438100,4081905,0.7506,0.994,0.750,57027600,0.749,53840100,0.748,52747000,0.747,37352000,0.746,21973700,0.751,18104100,0.752,29530300,0.753,38643500,0.754,46487800,0.755,20708400,31,0,0
sh513130,09:31:08,1767749471459,09:32:10,1767749471226,0.751,0.7501,0.12,5772.91,0.8963,4.3476,0,0,0.751,1.002,0.750,57027600,0.749,53840100,0.748,52747000,0.747,37352000,0.746,21973700,0.751,18104100,0.752,29530300,0.753,38643500,0.754,46487800,0.755,20708400,233,0,0
sh513130,09:31:11,1767749472463,09:32:12,1767749472430,0.751,0.7501,0.12,5769.94,0.8963,6.0839,6550300,4915462,0.7504,1.004,0.750,54058300,0.749,53893600,0.748,54340900,0.747,38192300,0.746,21989600,0.751,23126800,0.752,34638900,0.753,38483900,0.754,46299600,0.755,18703900,32,0,0
sh513130,09:31:11,1767749473455,09:32:12,1767749472430,0.751,0.7501,0.12,5769.94,0.8963,4.2643,0,0,0.751,0.992,0.750,54058300,0.749,53893600,0.748,54340900,0.747,38192300,0.746,21989600,0.751,23126800,0.752,34638900,0.753,38483900,0.754,46299600,0.755,18703900,1024,0,0
sh513130,09:31:11,1767749474456,09:32:14,1767749474443,0.751,0.7501,0.12,5771.94,0.8963,4.1895,0,0,0.751,1.001,0.750,54058300,0.749,53893600,0.748,54340900,0.747,38192300,0.746,21989600,0.751,23126800,0.752,34638900,0.753,38483900,0.754,46299600,0.755,18703900,12,0,0
sh513130,09:31:11,1767749475454,09:32:14,1767749474443,0.751,0.7501,0.12,5771.94,0.8963,2.9297,0,0,0.751,0.998,0.750,54058300,0.749,53893600,0.748,54340900,0.747,38192300,0.746,21989600,0.751,23126800,0.752,34638900,0.753,38483900,0.754,46299600,0.755,18703900,1010,0,0
sh513130,09:31:14,1767749476467,09:32:16,1767749476402,0.751,0.7495,0.2001,5771.95,0.8963,4.1443,1264900,949132,0.7504,1.013,0.750,55043200,0.749,54243600,0.748,54378500,0.747,38371000,0.746,21984600,0.751,25221800,0.752,34845100,0.753,38408400,0.754,45861700,0.755,18812600,64,0,0
sh513130,09:31:14,1767749477461,09:32:16,1767749476489,0.751,0.7495,0.2001,5771.95,0.8963,4.3333,0,0,0.751,0.994,0.750,55043200,0.749,54243600,0.748,54378500,0.747,38371000,0.746,21984600,0.751,25221800,0.752,34845100,0.753,38408400,0.754,45861700,0.755,18812600,971,0,0
sh513130,09:31:14,1767749478460,09:32:18,1767749478382,0.751,0.7495,0.2001,5771.28,0.8963,4.5348,0,0,0.751,1.0,0.750,55043200,0.749,54243600,0.748,54378500,0.747,38371000,0.746,21984600,0.751,25221800,0.752,34845100,0.753,38408400,0.754,45861700,0.755,18812600,78,0,0
sh513130,09:31:17,1767749479461,09:32:18,1767749478479,0.751,0.7495,0.2001,5771.28,0.8963,3.4262,2193200,1645483,0.7503,1.001,0.750,54559200,0.749,55037600,0.748,53450200,0.747,37388000,0.746,22169400,0.751,33103500,0.752,29229500,0.753,27056300,0.754,40606500,0.755,18817300,981,0,0
sh513130,09:31:17,1767749480458,09:32:20,1767749480393,0.751,0.7495,0.2001,5770.28,0.8963,5.2178,0,0,0.751,0.997,0.750,54559200,0.749,55037600,0.748,53450200,0.747,37388000,0.746,22169400,0.751,33103500,0.752,29229500,0.753,27056300,0.754,40606500,0.755,18817300,65,0,0
sh513130,09:31:17,1767749481469,09:32:20,1767749480568,0.751,0.7495,0.2001,5770.28,0.8963,4.3805,0,0,0.751,1.011,0.750,54559200,0.749,55037600,0.748,53450200,0.747,37388000,0.746,22169400,0.751,33103500,0.752,29229500,0.753,27056300,0.754,40606500,0.755,18817300,900,0,0
sh513130,09:31:20,1767749482484,09:32:22,1767749482473,0.751,0.7495,0.2001,5769.57,0.8963,3.3234,27977500,20983725,0.75,1.015,0.750,28387100,0.749,48133100,0.748,53727500,0.747,37409200,0.746,30694300,0.751,41973600,0.752,29241200,0.753,27190900,0.754,35443900,0.755,18571200,10,0,0
sh513130,09:31:20,1767749483488,09:32:22,1767749482915,0.751,0.7495,0.2001,5769.57,0.8963,3.9614,0,0,0.751,1.005,0.750,28387100,0.749,48133100,0.748,53727500,0.747,37409200,0.746,30694300,0.751,41973600,0.752,29241200,0.753,27190900,0.754,35443900,0.755,18571200,572,0,0
sh513130,09:31:23,1767749484495,09:32:24,1767749484431,0.751,0.7495,0.2001,5767.58,0.8963,4.5326,15299500,11476223,0.7501,1.007,0.750,16558400,0.749,42294400,0.748,56729200,0.747,41099900,0.746,30789300,0.751,48202200,0.752,33597700,0.753,32062600,0.754,35996300,0.755,18591100,63,0,0
sh513130,09:31:23,1767749485493,09:32:24,1767749485254,0.751,0.7495,0.2001,5767.58,0.8963,3.6504,0,0,0.751,0.998,0.750,16558400,0.749,42294400,0.748,56729200,0.747,41099900,0.746,30789300,0.751,48202200,0.752,33597700,0.753,32062600,0.754,35996300,0.755,18591100,238,0,0
sh513130,09:31:23,1767749486492,09:32:26,1767749486478,0.751,0.7495,0.2001,5769.53,0.8963,4.18,0,0,0.751,0.998,0.750,16558400,0.749,42294400,0.748,56729200,0.747,41099900,0.746,30789300,0.751,48202200,0.752,33597700,0.753,32062600,0.754,35996300,0.755,18591100,13,0,0
sh513130,09:31:26,1767749487497,09:32:26,1767749486478,0.75,0.7489,0.1469,5769.53,0.8963,4.0229,19095300,14322155,0.75,1.006,0.749,37861100,0.748,56778200,0.747,45852600,0.746,30856200,0.745,18349200,0.750,2089800,0.751,38094500,0.752,33592200,0.753,31821000,0.754,36162600,1019,0,0
sh513130,09:31:26,1767749488486,09:32:28,1767749488479,0.75,0.7489,0.1469,5768.53,0.8963,3.0662,0,0,0.75,0.988,0.749,37861100,0.748,56778200,0.747,45852600,0.746,30856200,0.745,18349200,0.750,2089800,0.751,38094500,0.752,33592200,0.753,31821000,0.754,36162600,6,0,0
sh513130,09:31:26,1767749489491,09:32:28,1767749488479,0.75,0.7489,0.1469,5768.53,0.8963,2.6643,0,0,0.75,1.006,0.749,37861100,0.748,56778200,0.747,45852600,0.746,30856200,0.745,18349200,0.750,2089800,0.751,38094500,0.752,33592200,0.753,31821000,0.754,36162600,1011,0,0
sh513130,09:31:26,1767749490494,09:32:30,1767749490447,0.75,0.7489,0.1469,5766.08,0.8963,4.4002,0,0,0.75,1.003,0.749,37861100,0.748,56778200,0.747,45852600,0.746,30856200,0.745,18349200,0.750,2089800,0.751,38094500,0.752,33592200,0.753,31821000,0.754,36162600,47,0,0
sh513130,09:31:29,1767749491495,09:32:30,1767749490447,0.75,0.7489,0.1469,5766.08,0.8963,4.3863,2131200,1598387,0.75,1.001,0.749,37980800,0.748,57210500,0.747,46200800,0.746,31314400,0.745,18365500,0.750,7595400,0.751,41256300,0.752,33614900,0.753,28726900,0.754,31098100,1048,0,0
sh513130,09:31:29,1767749492488,09:32:32,1767749492395,0.75,0.7489,0.1469,5763.62,0.8963,4.3717,0,0,0.75,0.993,0.749,37980800,0.748,57210500,0.747,46200800,0.746,31314400,0.745,18365500,0.750,7595400,0.751,41256300,0.752,33614900,0.753,28726900,0.754,31098100,92,0,0
sh513130,09:31:29,1767749493485,09:32:32,1767749492395,0.75,0.7489,0.1469,5763.62,0.8963,1.3592,0,0,0.75,0.998,0.749,37980800,0.748,57210500,0.747,46200800,0.746,31314400,0.745,18365500,0.750,7595400,0.751,41256300,0.752,33614900,0.753,28726900,0.754,31098100,1090,0,0
sh513130,09:31:32,1767749494492,09:32:34,1767749494429,0.75,0.7489,0.1469,5763.3,0.8963,1.9981,2454200,1840564,0.75,1.006,0.749,37981100,0.748,57524100,0.747,46265700,0.746,31314400,0.745,18596500,0.750,10467300,0.751,40420100,0.752,33584700,0.753,28699200,0.754,31078400,62,0,0
sh513130,09:31:32,1767749495490,09:32:34,1767749494614,0.75,0.7489,0.1469,5763.3,0.8963,1.9592,0,0,0.75,0.998,0.749,37981100,0.748,57524100,0.747,46265700,0.746,31314400,0.745,18596500,0.750,10467300,0.751,40420100,0.752,33584700,0.753,28699200,0.754,31078400,875,0,0
sh513130,09:31:32,1767749496497,09:32:36,1767749496400,0.75,0.7489,0.1469,5760.4,0.8963,3.8338,0,0,0.75,1.007,0.749,37981100,0.748,57524100,0.747,46265700,0.746,31314400,0.745,18596500,0.750,10467300,0.751,40420100,0.752,33584700,0.753,28699200,0.754,31078400,96,0,0
sh513130,09:31:35,1767749497489,09:32:36,1767749497005,0.749,0.7489,0.0134,5760.4,0.8963,3.4223,35167800,26343727,0.7491,0.992,0.748,44207100,0.747,48286400,0.746,34390700,0.745,26986400,0.744,6537600,0.749,2999700,0.750,20218800,0.751,38922200,0.752,33383100,0.753,20482900,483,0,0
sh513130,09:31:35,1767749498488,09:32:38,1767749498369,0.749,0.7489,0.0134,5760.01,0.8963,3.5051,0,0,0.749,0.999,0.748,44207100,0.747,48286400,0.746,34390700,0.745,26986400,0.744,6537600,0.749,2999700,0.750,20218800,0.751,38922200,0.752,33383100,0.753,20482900,119,0,0
sh513130,09:31:38,1767749499495,09:32:38,1767749499364,0.749,0.7489,0.0134,5760.01,0.8963,3.4408,3117100,2334417,0.7489,1.007,0.748,52744200,0.747,48347500,0.746,39138800,0.745,27217400,0.744,6562300,0.749,7596600,0.750,27975100,0.751,38920600,0.752,33283600,0.753,13971400,131,0,0
sh513130,09:31:38,1767749500483,09:32:40,1767749500470,0.749,0.7489,0.0134,5759.09,0.8963,5.0971,0,0,0.749,0.988,0.748,52744200,0.747,48347500,0.746,39138800,0.745,27217400,0.744,6562300,0.749,7596600,0.750,27975100,0.751,38920600,0.752,33283600,0.753,13971400,13,0,0
sh513130,09:31:38,1767749501477,09:32:40,1767749500470,0.749,0.7489,0.0134,5759.09,0.8963,5.082,0,0,0.749,0.993,0.748,52744200,0.747,48347500,0.746,39138800,0.745,27217400,0.744,6562300,0.749,7596600,0.750,27975100,0.751,38920600,0.752,33283600,0.753,13971400,1006,0,0
sh513130,09:31:38,1767749502479,09:32:42,1767749502417,0.749,0.7489,0.0134,5759.1,0.8963,6.9165,0,0,0.749,1.002,0.748,52744200,0.747,48347500,0.746,39138800,0.745,27217400,0.744,6562300,0.749,7596600,0.750,27975100,0.751,38920600,0.752,33283600,0.753,13971400,62,0,0
sh513130,09:31:41,1767749503470,09:32:42,1767749502417,0.748,0.7475,0.0669,5759.1,0.8963,7.0674,1334600,999426,0.7489,0.991,0.748,53073800,0.747,48931500,0.746,39210000,0.745,27237400,0.744,6562400,0.749,9582300,0.750,25511100,0.751,40083900,0.752,31004000,0.753,11622800,1053,0,0
sh513130,09:31:41,1767749504473,09:32:44,1767749504463,0.748,0.7475,0.0669,5760.37,0.8963,6.673,0,0,0.748,1.003,0.748,53073800,0.747,48931500,0.746,39210000,0.745,27237400,0.744,6562400,0.749,9582300,0.750,25511100,0.751,40083900,0.752,31004000,0.753,11622800,9,0,0
sh513130,09:31:41,1767749505470,09:32:44,1767749504463,0.748,0.7475,0.0669,5760.37,0.8963,5.9277,0,0,0.748,0.996,0.748,53073800,0.747,48931500,0.746,39210000,0.745,27237400,0.744,6562400,0.749,9582300,0.750,25511100,0.751,40083900,0.752,31004000,0.753,11622800,1006,0,0
sh513130,09:31:44,1767749506473,09:32:46,1767749506403,0.748,0.7475,0.0669,5758.78,0.8963,7.6447,2530000,1894146,0.7487,1.003,0.748,52159500,0.747,49141400,0.746,39872600,0.745,27303000,0.744,6592500,0.749,9645300,0.750,16990600,0.751,39948300,0.752,31074000,0.753,21380500,70,0,0
sh513130,09:31:44,1767749507488,09:32:46,1767749506403,0.748,0.7475,0.0669,5758.78,0.8963,6.0642,0,0,0.748,1.015,0.748,52159500,0.747,49141400,0.746,39872600,0.745,27303000,0.744,6592500,0.749,9645300,0.750,16990600,0.751,39948300,0.752,31074000,0.753,21380500,1084,0,0
sh513130,09:31:47,1767749508469,09:32:48,1767749508402,0.749,0.7475,0.2007,5759.55,0.8963,4.34,3129400,2342982,0.7487,0.981,0.748,52996400,0.747,49103300,0.746,39877600,0.745,27474000,0.744,6592500,0.749,12763000,0.750,22893200,0.751,38487500,0.752,31058800,0.753,11624500,67,0,0
sh513130,09:31:47,1767749509468,09:32:48,1767749508687,0.749,0.7475,0.2007,5759.55,0.8963,3.4262,0,0,0.749,0.999,0.748,52996400,0.747,49103300,0.746,39877600,0.745,27474000,0.744,6592500,0.749,12763000,0.750,22893200,0.751,38487500,0.752,31058800,0.753,11624500,781,0,0
sh513130,09:31:47,1767749510472,09:32:50,1767749510460,0.749,0.7475,0.2007,5757.36,0.8963,3.1403,0,0,0.749,1.004,0.748,52996400,0.747,49103300,0.746,39877600,0.745,27474000,0.744,6592500,0.749,12763000,0.750,22893200,0.751,38487500,0.752,31058800,0.753,11624500,11,0,0
sh513130,09:31:47,1767749511471,09:32:50,1767749511029,0.749,0.7475,0.2007,5757.36,0.8963,3.0867,0,0,0.749,0.999,0.748,52996400,0.747,49103300,0.746,39877600,0.745,27474000,0.744,6592500,0.749,12763000,0.750,22893200,0.751,38487500,0.752,31058800,0.753,11624500,441,0,0
sh513130,09:31:50,1767749512480,09:32:52,1767749512450,0.749,0.7475,0.2007,5756.17,0.8963,1.6409,3166300,2371110,0.7489,1.009,0.748,47155700,0.747,49363600,0.746,39958700,0.745,27620000,0.744,6593500,0.749,13797700,0.750,24020500,0.751,36046200,0.752,28233900,0.753,11624500,30,0,0
sh513130,09:31:50,1767749513475,09:32:52,1767749513363,0.749,0.7475,0.2007,5756.17,0.8963,1.7273,0,0,0.749,0.995,0.748,47155700,0.747,49363600,0.746,39958700,0.745,27620000,0.744,6593500,0.749,13797700,0.750,24020500,0.751,36046200,0.752,28233900,0.753,11624500,112,0,0
sh513130,09:31:50,1767749514473,09:32:54,1767749514444,0.749,0.7475,0.2007,5754.63,0.8963,-0.1387,0,0,0.749,0.998,0.748,47155700,0.747,49363600,0.746,39958700,0.745,27620000,0.744,6593500,0.749,13797700,0.750,24020500,0.751,36046200,0.752,28233900,0.753,11624500,29,0,0
sh513130,09:31:53,1767749515472,09:32:54,1767749514444,0.749,0.7475,0.2007,5754.63,0.8963,-0.1359,4114000,3078918,0.7484,0.999,0.748,36005300,0.747,48080000,0.746,39034700,0.745,27502500,0.744,14972900,0.749,16838700,0.750,28082200,0.751,35359800,0.752,28228500,0.753,11624500,1027,0,0
sh513130,09:31:53,1767749516474,09:32:56,1767749516445,0.749,0.7475,0.2007,5754.9,0.8963,1.0617,0,0,0.749,1.002,0.748,36005300,0.747,48080000,0.746,39034700,0.745,27502500,0.744,14972900,0.749,16838700,0.750,28082200,0.751,35359800,0.752,28228500,0.753,11624500,28,0,0
sh513130,09:31:56,1767749517479,09:32:56,1767749516445,0.749,0.7475,0.2007,5754.9,0.8963,4.5071,1678700,1256386,0.7484,1.005,0.748,37545300,0.747,48155300,0.746,39044600,0.745,27869400,0.744,14982900,0.749,23804300,0.750,24879100,0.751,35923700,0.752,28195800,0.753,11515400,1033,0,0
sh513130,09:31:53,1767749518469,09:32:58,1767749518423,0.749,0.7475,0.2007,5754.15,0.8963,3.2953,0,0,0.749,0.991,0.748,36005300,0.747,48080000,0.746,39034700,0.745,27502500,0.744,14972900,0.749,16838700,0.750,28082200,0.751,35359800,0.752,28228500,0.753,11624500,46,0,1
sh513130,09:31:56,1767749519473,09:32:58,1767749518423,0.749,0.7475,0.2007,5754.15,0.8963,1.2222,1678700,1256386,0.7484,1.004,0.748,37545300,0.747,48155300,0.746,39044600,0.745,27869400,0.744,14982900,0.749,23804300,0.750,24879100,0.751,35923700,0.752,28195800,0.753,11515400,1050,0,0
sh513130,09:31:59,1767749520474,09:32:58,1767749520380,0.749,0.7469,0.2812,5754.15,0.8963,2.2671,2126700,1592342,0.7487,1.0,0.748,39129000,0.747,48411800,0.746,39446900,0.745,28265100,0.744,15807600,0.749,21404300,0.750,27088400,0.751,35681100,0.752,28179000,0.753,13525400,93,0,0
sh513130,09:31:59,1767749521474,09:33:00,1767749520627,0.749,0.7469,0.2812,5755.41,0.8963,2.235,0,0,0.749,1.001,0.748,39129000,0.747,48411800,0.746,39446900,0.745,28265100,0.744,15807600,0.749,21404300,0.750,27088400,0.751,35681100,0.752,28179000,0.753,13525400,847,0,0
sh513130,09:31:59,1767749522467,09:33:02,1767749522455,0.749,0.7469,0.2812,5753.52,0.8963,2.0404,0,0,0.749,0.992,0.748,39129000,0.747,48411800,0.746,39446900,0.745,28265100,0.744,15807600,0.749,21404300,0.750,27088400,0.751,35681100,0.752,28179000,0.753,13525400,11,0,0
sh513130,09:31:59,1767749523460,09:33:02,1767749522710,0.749,0.7469,0.2812,5753.52,0.8963,1.6196,0,0,0.749,0.994,0.748,39129000,0.747,48411800,0.746,39446900,0.745,28265100,0.744,15807600,0.749,21404300,0.750,27088400,0.751,35681100,0.752,28179000,0.753,13525400,750,0,0
sh513130,09:32:02,1767749524460,09:33:04,1767749524411,0.749,0.7469,0.2812,5754.36,0.8963,1.461,1910600,1430399,0.7487,0.999,0.748,39838900,0.747,44208400,0.746,40533600,0.745,28979100,0.744,14840100,0.749,21344200,0.750,26224000,0.751,34606700,0.752,28236000,0.753,13550300,48,0,0
sh513130,09:32:02,1767749525460,09:33:04,1767749525061,0.749,0.7469,0.2812,5754.36,0.8963,3.6855,0,0,0.749,1.0,0.748,39838900,0.747,44208400,0.746,40533600,0.745,28979100,0.744,14840100,0.749,21344200,0.750,26224000,0.751,34606700,0.752,28236000,0.753,13550300,398,0,0
sh513130,09:32:02,1767749526461,09:33:06,1767749526429,0.749,0.7469,0.2812,5756.85,0.8963,2.8163,0,0,0.749,1.001,0.748,39838900,0.747,44208400,0.746,40533600,0.745,28979100,0.744,14840100,0.749,21344200,0.750,26224000,0.751,34606700,0.752,28236000,0.753,13550300,32,0,0
sh513130,09:32:05,1767749527462,09:33:06,1767749527455,0.748,0.7469,0.1473,5756.85,0.8963,2.8446,1590900,1191128,0.7487,1.001,0.748,46802000,0.747,45996400,0.746,40600600,0.745,29364000,0.744,8639500,0.749,21090700,0.750,28455800,0.751,34358100,0.752,28239000,0.753,13030600,7,0,0
sh513130,09:32:05,1767749528457,09:33:08,1767749528425,0.748,0.7469,0.1473,5757.41,0.8963,2.7392,0,0,0.748,0.995,0.748,46802000,0.747,45996400,0.746,40600600,0.745,29364000,0.744,8639500,0.749,21090700,0.750,28455800,0.751,34358100,0.752,28239000,0.753,13030600,31,0,0
sh513130,09:32:05,1767749529466,09:33:08,1767749528425,0.748,0.7469,0.1473,5757.41,0.8963,2.7346,0,0,0.748,1.009,0.748,46802000,0.747,45996400,0.746,40600600,0.745,29364000,0.744,8639500,0.749,21090700,0.750,28455800,0.751,34358100,0.752,28239000,0.753,13030600,1040,0,0
sh513130,09:32:05,1767749530454,09:33:10,1767749530373,0.748,0.7469,0.1473,5757.68,0.8963,2.4433,0,0,0.748,0.987,0.748,46802000,0.747,45996400,0.746,40600600,0.745,29364000,0.744,8639500,0.749,21090700,0.750,28455800,0.751,34358100,0.752,28239000,0.753,13030600,79,0,0
sh513130,09:32:08,1767749531455,09:33:10,1767749530509,0.749,0.7469,0.2812,5757.68,0.8963,2.4618,1937200,1450507,0.7488,1.001,0.748,58754600,0.747,47307100,0.746,41607800,0.745,29779000,0.744,7709600,0.749,19040500,0.750,31216700,0.751,34281600,0.752,28265100,0.753,13030600,946,0,0
sh513130,09:32:11,1767749532455,09:33:12,1767749532417,0.749,0.7469,0.2812,5756.16,0.8963,2.4616,11660700,8733682,0.749,1.0,0.748,43135600,0.747,48830100,0.746,41813400,0.745,30411700,0.744,12118600,0.749,10123300,0.750,24174600,0.751,34206100,0.752,28265200,0.753,13065600,37,0,0
sh513130,09:32:11,1767749533456,09:33:12,1767749532417,0.749,0.7469,0.2812,5756.16,0.8963,1.8643,0,0,0.749,1.001,0.748,43135600,0.747,48830100,0.746,41813400,0.745,30411700,0.744,12118600,0.749,10123300,0.750,24174600,0.751,34206100,0.752,28265200,0.753,13065600,1038,0,0
sh513130,09:32:11,1767749534460,09:33:14,1767749534421,0.749,0.7469,0.2812,5757.83,0.8963,0.3312,0,0,0.749,1.004,0.748,43135600,0.747,48830100,0.746,41813400,0.745,30411700,0.744,12118600,0.749,10123300,0.750,24174600,0.751,34206100,0.752,28265200,0.753,13065600,38,0,0
sh513130,09:32:11,1767749535455,09:33:14,1767749534523,0.749,0.7469,0.2812,5757.83,0.8963,4.1618,0,0,0.749,0.995,0.748,43135600,0.747,48830100,0.746,41813400,0.745,30411700,0.744,12118600,0.749,10123300,0.750,24174600,0.751,34206100,0.752,28265200,0.753,13065600,931,0,0
sh513130,09:32:14,1767749536452,09:33:16,1767749536392,0.749,0.7476,0.1873,5758.31,0.8963,3.7,3995700,2992601,0.749,0.998,0.748,50024300,0.747,47847800,0.746,42070400,0.745,30714300,0.744,8855000,0.749,10320500,0.750,27708900,0.751,34246400,0.752,28810800,0.753,13034200,60,0,0
sh513130,09:32:14,1767749537455,09:33:16,1767749536858,0.749,0.7476,0.1873,5758.31,0.8963,5.9975,0,0,0.749,1.002,0.748,50024300,0.747,47847800,0.746,42070400,0.745,30714300,0.744,8855000,0.749,10320500,0.750,27708900,0.751,34246400,0.752,28810800,0.753,13034200,596,0,0
sh513130,09:32:17,1767749538455,09:33:16,1767749536858,0.749,0.7476,0.1873,5758.31,0.8963,5.9081,2098100,1571004,0.7488,1.001,0.748,61387000,0.747,49609500,0.746,42383300,0.745,31687900,0.744,10419200,0.749,7578400,0.750,27553300,0.751,34052900,0.752,28891100,0.753,17536200,1597,0,0
sh513130,09:32:17,1767749539451,09:33:18,1767749539223,0.749,0.7476,0.1873,5759.17,0.8963,7.579,0,0,0.749,0.996,0.748,61387000,0.747,49609500,0.746,42383300,0.745,31687900,0.744,10419200,0.749,7578400,0.750,27553300,0.751,34052900,0.752,28891100,0.753,17536200,228,0,0
sh513130,09:32:17,1767749540446,09:33:18,1767749539223,0.749,0.7476,0.1873,5759.17,0.8963,6.4838,0,0,0.749,0.995,0.748,61387000,0.747,49609500,0.746,42383300,0.745,31687900,0.744,10419200,0.749,7578400,0.750,27553300,0.751,34052900,0.752,28891100,0.753,17536200,1223,0,0
sh513130,09:32:17,1767749541441,09:33:20,1767749541154,0.749,0.7476,0.1873,5760.11,0.8963,5.9866,0,0,0.749,0.995,0.748,61387000,0.747,49609500,0.746,42383300,0.745,31687900,0.744,10419200,0.749,7578400,0.750,27553300,0.751,34052900,0.752,28891100,0.753,17536200,287,0,0
sh513130,09:32:20,1767749542448,09:33:22,1767749542445,0.749,0.7476,0.1873,5759.19,0.8963,5.053,5394300,4039583,0.7489,1.007,0.748,62655600,0.747,49853800,0.746,42731900,0.745,33060600,0.744,10446500,0.749,3674100,0.750,23553100,0.751,34053900,0.752,28911100,0.753,20381300,2,0,0
sh513130,09:32:20,1767749543439,09:33:22,1767749542470,0.749,0.7476,0.1873,5759.19,0.8963,4.69,0,0,0.749,0.991,0.748,62655600,0.747,49853800,0.746,42731900,0.745,33060600,0.744,10446500,0.749,3674100,0.750,23553100,0.751,34053900,0.752,28911100,0.753,20381300,969,0,0
sh513130,09:32:20,1767749544439,09:33:24,1767749544362,0.749,0.7476,0.1873,5758.31,0.8963,4.6518,0,0,0.749,1.0,0.748,62655600,0.747,49853800,0.746,42731900,0.745,33060600,0.744,10446500,0.749,3674100,0.750,23553100,0.751,34053900,0.752,28911100,0.753,20381300,77,0,0
sh513130,09:32:20,1767749545447,09:33:24,1767749544632,0.749,0.7476,0.1873,5758.31,0.8963,3.9625,0,0,0.749,1.008,0.748,62655600,0.747,49853800,0.746,42731900,0.745,33060600,0.744,10446500,0.749,3674100,0.750,23553100,0.751,34053900,0.752,28911100,0.753,20381300,815,0,0
sh513130,09:32:23,1767749546438,09:33:24,1767749546233,0.749,0.7476,0.1873,5758.31,0.8963,3.1265,3651600,2734784,0.7489,0.991,0.748,53098000,0.747,50452500,0.746,42820600,0.745,33174000,0.744,10628600,0.749,4430400,0.750,32042000,0.751,34055100,0.752,28901700,0.753,14559200,205,0,0
sh513130,09:32:26,1767749547441,09:33:26,1767749546695,0.749,0.7476,0.1873,5759.95,0.8963,2.0908,3695100,2767520,0.749,1.003,0.748,66377600,0.747,50928000,0.746,42840600,0.745,33274200,0.744,10631000,0.749,1951800,0.750,32252200,0.751,34215400,0.752,28302300,0.753,15072300,746,0,0
sh513130,09:32:26,1767749548439,09:33:28,1767749548428,0.749,0.7476,0.1873,5762.66,0.8963,3.5057,0,0,0.749,0.998,0.748,66377600,0.747,50928000,0.746,42840600,0.745,33274200,0.744,10631000,0.749,1951800,0.750,32252200,0.751,34215400,0.752,28302300,0.753,15072300,11,0,0
sh513130,09:32:26,1767749549440,09:33:28,1767749548538,0.749,0.7476,0.1873,5762.66,0.8963,3.4687,0,0,0.749,1.001,0.748,66377600,0.747,50928000,0.746,42840600,0.745,33274200,0.744,10631000,0.749,1951800,0.750,32252200,0.751,34215400,0.752,28302300,0.753,15072300,901,0,0
sh513130,09:32:26,1767749550442,09:33:30,1767749550396,0.749,0.7476,0.1873,5762.86,0.8963,3.4049,0,0,0.749,1.001,0.748,66377600,0.747,50928000,0.746,42840600,0.745,33274200,0.744,10631000,0.749,1951800,0.750,32252200,0.751,34215400,0.752,28302300,0.753,15072300,45,0,0
sh513130,09:32:29,1767749551443,09:33:30,1767749550866,0.749,0.7476,0.1873,5762.86,0.8963,6.7875,19267200,14431068,0.749,1.001,0.748,69306600,0.747,51455400,0.746,43070100,0.745,33318900,0.744,10721700,0.749,1837800,0.750,32102100,0.751,34196400,0.752,28450500,0.753,13581000,576,0,0
sh513130,09:32:29,1767749552441,09:33:32,1767749552410,0.749,0.7476,0.1873,5761.76,0.8963,5.9643,0,0,0.749,0.998,0.748,69306600,0.747,51455400,0.746,43070100,0.745,33318900,0.744,10721700,0.749,1837800,0.750,32102100,0.751,34196400,0.752,28450500,0.753,13581000,30,0,0
sh513130,09:32:29,1767749553437,09:33:32,1767749553185,0.749,0.7476,0.1873,5761.76,0.8963,5.388,0,0,0.749,0.997,0.748,69306600,0.747,51455400,0.746,43070100,0.745,33318900,0.744,10721700,0.749,1837800,0.750,32102100,0.751,34196400,0.752,28450500,0.753,13581000,252,0,0
sh513130,09:32:32,1767749554436,09:33:34,1767749554381,0.749,0.7476,0.1873,5762.0,0.8963,5.0321,12931300,9685270,0.749,0.999,0.748,65502200,0.747,51580200,0.746,43430700,0.745,33510900,0.744,10824800,0.749,1409300,0.750,29866100,0.751,37225200,0.752,28550600,0.753,16581000,55,0,0
sh513130,09:32:32,1767749555441,09:33:34,1767749554456,0.749,0.7476,0.1873,5762.0,0.8963,4.9744,0,0,0.749,1.004,0.748,65502200,0.747,51580200,0.746,43430700,0.745,33510900,0.744,10824800,0.749,1409300,0.750,29866100,0.751,37225200,0.752,28550600,0.753,16581000,983,0,0
sh513130,09:32:32,1767749556441,09:33:36,1767749556383,0.749,0.7476,0.1873,5762.2,0.8963,4.9466,0,0,0.749,1.001,0.748,65502200,0.747,51580200,0.746,43430700,0.745,33510900,0.744,10824800,0.749,1409300,0.750,29866100,0.751,37225200,0.752,28550600,0.753,16581000,58,0,0
sh513130,09:32:32,1767749557444,09:33:36,1767749556491,0.749,0.7476,0.1873,5762.2,0.8963,5.4691,0,0,0.749,1.002,0.748,65502200,0.747,51580200,0.746,43430700,0.745,33510900,0.744,10824800,0.749,1409300,0.750,29866100,0.751,37225200,0.752,28550600,0.753,16581000,953,0,0
sh513130,09:32:35,1767749558446,09:33:38,1767749558415,0.749,0.7476,0.1873,5759.16,0.8963,4.6683,5111000,3828093,0.749,1.003,0.748,67098300,0.747,52102300,0.746,43453300,0.745,33885900,0.744,10859300,0.749,3026800,0.750,29869100,0.751,37224900,0.752,28559000,0.753,16873100,30,0,0
sh513130,09:32:38,1767749559449,09:33:38,1767749558415,0.749,0.7476,0.1873,5759.16,0.8963,3.7197,1002600,750890,0.7489,1.002,0.748,68601600,0.747,53194000,0.746,43483300,0.745,33862100,0.744,11463700,0.749,4979900,0.750,35893000,0.751,37225000,0.752,28564600,0.753,13873200,1032,0,0
sh513130,09:32:38,1767749560438,09:33:40,1767749560429,0.749,0.7476,0.1873,5758.91,0.8963,4.7404,0,0,0.749,0.99,0.748,68601600,0.747,53194000,0.746,43483300,0.745,33862100,0.744,11463700,0.749,4979900,0.750,35893000,0.751,37225000,0.752,28564600,0.753,13873200,9,0,0
sh513130,09:32:38,1767749561438,09:33:40,1767749560429,0.749,0.7476,0.1873,5758.91,0.8963,3.7298,0,0,0.749,1.0,0.748,68601600,0.747,53194000,0.746,43483300,0.745,33862100,0.744,11463700,0.749,4979900,0.750,35893000,0.751,37225000,0.752,28564600,0.753,13873200,1009,0,0
sh513130,09:32:38,1767749562442,09:33:42,1767749562404,0.749,0.7476,0.1873,5759.02,0.8963,3.9336,0,0,0.749,1.003,0.748,68601600,0.747,53194000,0.746,43483300,0.745,33862100,0.744,11463700,0.749,4979900,0.750,35893000,0.751,37225000,0.752,28564600,0.753,13873200,37,0,0
sh513130,09:32:41,1767749563440,09:33:42,1767749562559,0.749,0.7476,0.1873,5759.02,0.8963,3.2534,3007900,2252851,0.749,0.998,0.748,70451200,0.747,53552300,0.746,43976300,0.745,34964200,0.744,11465700,0.749,5689500,0.750,35894000,0.751,37160100,0.752,28624600,0.753,13873200,880,0,0
sh513130,09:32:41,1767749564436,09:33:44,1767749564424,0.749,0.7476,0.1873,5757.77,0.8963,3.3802,0,0,0.749,0.996,0.748,70451200,0.747,53552300,0.746,43976300,0.745,34964200,0.744,11465700,0.749,5689500,0.750,35894000,0.751,37160100,0.752,28624600,0.753,13873200,12,0,0
sh513130,09:32:41,1767749565440,09:33:44,1767749564919,0.749,0.7476,0.1873,5757.77,0.8963,1.8221,0,0,0.749,1.004,0.748,70451200,0.747,53552300,0.746,43976300,0.745,34964200,0.744,11465700,0.749,5689500,0.750,35894000,0.751,37160100,0.752,28624600,0.753,13873200,520,0,0
sh513130,09:32:44,1767749566451,09:33:46,1767749566413,0.749,0.7476,0.1873,5758.15,0.8963,3.2145,2365700,1771779,0.7489,1.01,0.748,71318600,0.747,50607600,0.746,44272100,0.745,36133100,0.744,13496300,0.749,5796700,0.750,37115000,0.751,37210100,0.752,28731600,0.753,13882300,37,0,0
sh513130,09:32:44,1767749567448,09:33:46,1767749567258,0.749,0.7476,0.1873,5758.15,0.8963,2.1735,0,0,0.749,0.998,0.748,71318600,0.747,50607600,0.746,44272100,0.745,36133100,0.744,13496300,0.749,5796700,0.750,37115000,0.751,37210100,0.752,28731600,0.753,13882300,190,0,0
sh513130,09:32:44,1767749568439,09:33:48,1767749568428,0.749,0.7476,0.1873,5757.72,0.8963,4.3848,0,0,0.749,0.991,0.748,71318600,0.747,50607600,0.746,44272100,0.745,36133100,0.744,13496300,0.749,5796700,0.750,37115000,0.751,37210100,0.752,28731600,0.753,13882300,11,0,0
sh513130,09:32:47,1767749569442,09:33:48,1767749568428,0.749,0.7476,0.1873,5757.72,0.8963,6.3471,3516200,2633124,0.7489,1.002,0.748,72251700,0.747,53614600,0.746,44359100,0.745,35561500,0.744,11470800,0.749,25206600,0.750,37080200,0.751,37233100,0.752,28731600,0.753,14251200,1013,0,0
sh513130,09:32:47,1767749570441,09:33:50,1767749570421,0.749,0.7476,0.1873,5756.33,0.8963,6.2568,0,0,0.749,1.0,0.748,72251700,0.747,53614600,0.746,44359100,0.745,35561500,0.744,11470800,0.749,25206600,0.750,37080200,0.751,37233100,0.752,28731600,0.753,14251200,19,0,0
sh513130,09:32:47,1767749571438,09:33:50,1767749570421,0.749,0.7476,0.1873,5756.33,0.8963,4.6812,0,0,0.749,0.997,0.748,72251700,0.747,53614600,0.746,44359100,0.745,35561500,0.744,11470800,0.749,25206600,0.750,37080200,0.751,37233100,0.752,28731600,0.753,14251200,1016,0,0
sh513130,09:32:47,1767749572452,09:33:52,1767749572443,0.749,0.7476,0.1873,5756.41,0.8963,7.2315,0,0,0.749,1.014,0.748,72251700,0.747,53614600,0.746,44359100,0.745,35561500,0.744,11470800,0.749,25206600,0.750,37080200,0.751,37233100,0.752,28731600,0.753,14251200,9,0,0
sh513130,09:32:50,1767749573456,09:33:52,1767749572443,0.748,0.7476,0.0535,5756.41,0.8963,8.4254,7059600,5286763,0.7489,1.003,0.748,77936000,0.747,54399500,0.746,44374100,0.745,36900000,0.744,11520300,0.749,18429800,0.750,37189300,0.751,37233100,0.752,28751600,0.753,14276200,1013,0,0
sh513130,09:32:50,1767749574465,09:33:54,1767749574433,0.748,0.7476,0.0535,5754.3,0.8963,7.199,0,0,0.748,1.009,0.748,77936000,0.747,54399500,0.746,44374100,0.745,36900000,0.744,11520300,0.749,18429800,0.750,37189300,0.751,37233100,0.752,28751600,0.753,14276200,31,0,0
sh513130,09:32:53,1767749575457,09:33:54,1767749574433,0.749,0.7476,0.1873,5754.3,0.8963,6.7221,2325100,1741176,0.7489,0.992,0.748,75863700,0.747,54411900,0.746,44338700,0.745,36941500,0.744,11602500,0.749,21049300,0.750,36351400,0.751,37235100,0.752,28425400,0.753,14281200,1023,0,0
sh513130,09:32:53,1767749576459,09:33:56,1767749576427,0.749,0.7476,0.1873,5755.46,0.8963,6.6318,0,0,0.749,1.003,0.748,75863700,0.747,54411900,0.746,44338700,0.745,36941500,0.744,11602500,0.749,21049300,0.750,36351400,0.751,37235100,0.752,28425400,0.753,14281200,32,0,0
sh513130,09:32:53,1767749577463,09:33:56,1767749576649,0.749,0.7476,0.1873,5755.46,0.8963,5.8239,0,0,0.749,1.004,0.748,75863700,0.747,54411900,0.746,44338700,0.745,36941500,0.744,11602500,0.749,21049300,0.750,36351400,0.751,37235100,0.752,28425400,0.753,14281200,814,0,0
sh513130,09:32:56,1767749578454,09:33:58,1767749578419,0.749,0.7476,0.1873,5754.88,0.8963,3.9424,2751400,2060565,0.7489,0.991,0.748,74697700,0.747,51432000,0.746,44410500,0.745,37247500,0.744,14622500,0.749,19004000,0.750,37396100,0.751,37217000,0.752,28455400,0.753,15300800,35,0,0
sh513130,09:32:56,1767749579466,09:33:58,1767749578969,0.749,0.7476,0.1873,5754.88,0.8963,4.6074,0,0,0.749,1.012,0.748,74697700,0.747,51432000,0.746,44410500,0.745,37247500,0.744,14622500,0.749,19004000,0.750,37396100,0.751,37217000,0.752,28455400,0.753,15300800,496,0,0
sh513130,09:32:56,1767749580456,09:34:00,1767749580376,0.749,0.7476,0.1873,5755.4,0.8963,7.0531,0,0,0.749,0.99,0.748,74697700,0.747,51432000,0.746,44410500,0.745,37247500,0.744,14622500,0.749,19004000,0.750,37396100,0.751,37217000,0.752,28455400,0.753,15300800,79,0,0
sh513130,09:32:59,1767749581456,09:34:00,1767749581354,0.748,0.7469,0.1473,5755.4,0.8963,8.9571,3287800,2461454,0.7487,1.0,0.748,76892300,0.747,52528400,0.746,44520800,0.745,37374900,0.744,13942400,0.749,16248700,0.750,38718500,0.751,37037000,0.752,28455400,0.753,15300800,102,0,0
sh513130,09:32:59,1767749582468,09:34:02,1767749582435,0.748,0.7469,0.1473,5754.71,0.8963,8.8982,0,0,0.748,1.012,0.748,76892300,0.747,52528400,0.746,44520800,0.745,37374900,0.744,13942400,0.749,16248700,0.750,38718500,0.751,37037000,0.752,28455400,0.753,15300800,33,0,0
sh513130,09:33:02,1767749583473,09:34:02,1767749582435,0.749,0.7469,0.2812,5754.71,0.8963,7.8878,11066600,8278619,0.7481,1.005,0.748,54210200,0.747,57292900,0.746,46607500,0.745,40903500,0.744,15436000,0.749,27597400,0.750,37760000,0.751,39017000,0.752,18710500,0.753,15380800,1038,0,0
sh513130,09:33:02,1767749584478,09:34:04,1767749584392,0.749,0.7469,0.2812,5755.12,0.8963,7.2013,0,0,0.749,1.005,0.748,54210200,0.747,57292900,0.746,46607500,0.745,40903500,0.744,15436000,0.749,27597400,0.750,37760000,0.751,39017000,0.752,18710500,0.753,15380800,86,0,0
sh513130,09:33:02,1767749585469,09:34:04,1767749584501,0.749,0.7469,0.2812,5755.12,0.8963,7.1917,0,0,0.749,0.991,0.748,54210200,0.747,57292900,0.746,46607500,0.745,40903500,0.744,15436000,0.749,27597400,0.750,37760000,0.751,39017000,0.752,18710500,0.753,15380800,967,0,0
sh513130,09:33:02,1767749586479,09:34:06,1767749586384,0.749,0.7469,0.2812,5754.77,0.8963,7.1583,0,0,0.749,1.01,0.748,54210200,0.747,57292900,0.746,46607500,0.745,40903500,0.744,15436000,0.749,27597400,0.750,37760000,0.751,39017000,0.752,18710500,0.753,15380800,95,0,0
sh513130,09:33:05,1767749587480,09:34:06,1767749586494,0.748,0.7469,0.1473,5754.77,0.8963,7.7985,2134700,1598763,0.7489,1.001,0.748,65710400,0.747,64833200,0.746,56806600,0.745,51301200,0.744,12590600,0.749,26169700,0.750,37800000,0.751,39011300,0.752,18877000,0.753,15278100,986,0,0
sh513130,09:33:05,1767749588481,09:34:08,1767749588477,0.748,0.7469,0.1473,5755.02,0.8963,8.4901,0,0,0.748,1.001,0.748,65710400,0.747,64833200,0.746,56806600,0.745,51301200,0.744,12590600,0.749,26169700,0.750,37800000,0.751,39011300,0.752,18877000,0.753,15278100,4,0,0
sh513130,09:33:05,1767749589482,09:34:08,1767749588477,0.748,0.7469,0.1473,5755.02,0.8963,8.4186,0,0,0.748,1.001,0.748,65710400,0.747,64833200,0.746,56806600,0.745,51301200,0.744,12590600,0.749,26169700,0.750,37800000,0.751,39011300,0.752,18877000,0.753,15278100,1005,0,0
sh513130,09:33:08,1767749590473,09:34:10,1767749590342,0.749,0.7469,0.2812,5755.94,0.8963,7.0064,5212100,3899457,0.7482,0.99,0.748,62395300,0.747,68096300,0.746,57007900,0.745,48757200,0.744,12615500,0.749,24591300,0.750,40870000,0.751,37043000,0.752,18885300,0.753,15318600,130,0,0
sh513130,09:33:08,1767749591480,09:34:10,1767749590735,0.749,0.7469,0.2812,5755.94,0.8963,7.2059,0,0,0.749,1.007,0.748,62395300,0.747,68096300,0.746,57007900,0.745,48757200,0.744,12615500,0.749,24591300,0.750,40870000,0.751,37043000,0.752,18885300,0.753,15318600,745,0,0
sh513130,09:33:08,1767749592484,09:34:12,1767749592476,0.749,0.7469,0.2812,5754.35,0.8963,5.9201,0,0,0.749,1.004,0.748,62395300,0.747,68096300,0.746,57007900,0.745,48757200,0.744,12615500,0.749,24591300,0.750,40870000,0.751,37043000,0.752,18885300,0.753,15318600,8,0,0
sh513130,09:33:08,1767749593484,09:34:12,1767749593066,0.749,0.7469,0.2812,5754.35,0.8963,5.831,0,0,0.749,1.001,0.748,62395300,0.747,68096300,0.746,57007900,0.745,48757200,0.744,12615500,0.749,24591300,0.750,40870000,0.751,37043000,0.752,18885300,0.753,15318600,418,0,0
sh513130,09:33:11,1767749594491,09:34:14,1767749594479,0.748,0.7469,0.1473,5755.62,0.8963,5.7422,739300,553378,0.7485,1.007,0.748,63286900,0.747,68537200,0.746,57556000,0.745,49777500,0.744,12634100,0.749,28591300,0.750,41360200,0.751,37130500,0.752,16584000,0.753,15313600,12,0,0
sh513130,09:33:11,1767749595497,09:34:14,1767749595386,0.748,0.7469,0.1473,5755.62,0.8963,4.7704,0,0,0.748,1.006,0.748,63286900,0.747,68537200,0.746,57556000,0.745,49777500,0.744,12634100,0.749,28591300,0.750,41360200,0.751,37130500,0.752,16584000,0.753,15313600,110,0,0
sh513130,09:33:14,1767749596494,09:34:16,1767749596448,0.748,0.7469,0.1473,5755.63,0.8963,3.8338,56640000,42368250,0.748,0.997,0.747,65703600,0.746,57672700,0.745,52897500,0.744,12606800,0.743,10786000,0.748,4505600,0.749,32011200,0.750,38399400,0.751,39161500,0.752,15078000,45,0,0
sh513130,09:33:14,1767749597497,09:34:16,1767749596448,0.748,0.7469,0.1473,5755.63,0.8963,5.5378,0,0,0.748,1.003,0.747,65703600,0.746,57672700,0.745,52897500,0.744,12606800,0.743,10786000,0.748,4505600,0.749,32011200,0.750,38399400,0.751,39161500,0.752,15078000,1048,0,0
sh513130,09:33:14,1767749598486,09:34:18,1767749598441,0.748,0.7469,0.1473,5758.63,0.8963,7.6474,0,0,0.748,0.989,0.747,65703600,0.746,57672700,0.745,52897500,0.744,12606800,0.743,10786000,0.748,4505600,0.749,32011200,0.750,38399400,0.751,39161500,0.752,15078000,44,0,0
sh513130,09:33:17,1767749599501,09:34:18,1767749598441,0.749,0.7469,0.2812,5758.63,0.8963,7.3017,16876100,12624002,0.748,1.015,0.748,9666400,0.747,66675700,0.746,58628900,0.745,51917000,0.744,12686800,0.749,31459000,0.750,42038100,0.751,37181500,0.752,15764900,0.753,15391900,1059,0,0
sh513130,09:33:17,1767749600500,09:34:20,1767749600488,0.749,0.7469,0.2812,5757.08,0.8963,6.3927,0,0,0.749,0.999,0.748,9666400,0.747,66675700,0.746,58628900,0.745,51917000,0.744,12686800,0.749,31459000,0.750,42038100,0.751,37181500,0.752,15764900,0.753,15391900,11,0,0
sh513130,09:33:17,1767749601504,09:34:20,1767749600488,0.749,0.7469,0.2812,5757.08,0.8963,6.4634,0,0,0.749,1.004,0.748,9666400,0.747,66675700,0.746,58628900,0.745,51917000,0.744,12686800,0.749,31459000,0.750,42038100,0.751,37181500,0.752,15764900,0.753,15391900,1016,0,0
sh513130,09:33:17,1767749602511,09:34:22,1767749602432,0.749,0.7469,0.2812,5755.62,0.8963,5.9465,0,0,0.749,1.007,0.748,9666400,0.747,66675700,0.746,58628900,0.745,51917000,0.744,12686800,0.749,31459000,0.750,42038100,0.751,37181500,0.752,15764900,0.753,15391900,78,0,0
sh513130,09:33:20,1767749603513,09:34:22,1767749602432,0.749,0.7469,0.2812,5755.62,0.8963,5.1666,13924400,10415816,0.748,1.002,0.748,823000,0.747,75001100,0.746,58722700,0.745,50465700,0.744,12739500,0.749,33583000,0.750,42655300,0.751,37181500,0.752,15749900,0.753,15410900,1080,0,0
sh513130,09:33:23,1767749604504,09:34:24,1767749604426,0.748,0.7469,0.1473,5757.39,0.8963,4.5616,3916100,2929745,0.7481,0.991,0.747,74350200,0.746,58856100,0.745,50682500,0.744,12770500,0.743,10791100,0.748,6035900,0.749,35575500,0.750,43960400,0.751,37068400,0.752,15749900,78,0,0
sh513130,09:33:23,1767749605504,09:34:24,1767749604679,0.748,0.7469,0.1473,5757.39,0.8963,3.8397,0,0,0.748,1.0,0.747,74350200,0.746,58856100,0.745,50682500,0.744,12770500,0.743,10791100,0.748,6035900,0.749,35575500,0.750,43960400,0.751,37068400,0.752,15749900,825,0,0
sh513130,09:33:23,1767749606513,09:34:26,1767749606436,0.748,0.7469,0.1473,5756.22,0.8963,3.8238,0,0,0.748,1.009,0.747,74350200,0.746,58856100,0.745,50682500,0.744,12770500,0.743,10791100,0.748,6035900,0.749,35575500,0.750,43960400,0.751,37068400,0.752,15749900,77,0,0
sh513130,09:33:26,1767749607531,09:34:26,1767749607001,0.748,0.747,0.1339,5756.22,0.8963,3.3551,2767700,2070105,0.748,1.018,0.747,74555800,0.746,59151300,0.745,52097100,0.744,12847600,0.743,12411300,0.748,4451800,0.749,35378800,0.750,44360400,0.751,37081600,0.752,15749900,530,0,0
sh513130,09:33:23,1767749608513,09:34:28,1767749608479,0.748,0.7469,0.1473,5755.68,0.8963,3.2996,0,0,0.748,0.981,0.747,74350200,0.746,58856100,0.745,50682500,0.744,12770500,0.743,10791100,0.748,6035900,0.749,35575500,0.750,43960400,0.751,37068400,0.752,15749900,34,0,1
sh513130,09:33:26,1767749609508,09:34:28,1767749609362,0.748,0.747,0.1339,5755.68,0.8963,4.6359,2767700,2070105,0.748,0.995,0.747,74555800,0.746,59151300,0.745,52097100,0.744,12847600,0.743,12411300,0.748,4451800,0.749,35378800,0.750,44360400,0.751,37081600,0.752,15749900,146,0,0
sh513130,09:33:29,1767749610513,09:34:30,1767749610451,0.748,0.747,0.1339,5756.71,0.8963,3.2598,3388900,2534780,0.748,1.005,0.747,71877400,0.746,61181100,0.745,55112600,0.744,14830900,0.743,14448800,0.748,4566500,0.749,36752300,0.750,46914900,0.751,39025000,0.752,17731900,62,0,0
sh513130,09:33:29,1767749611504,09:34:30,1767749610451,0.748,0.747,0.1339,5756.71,0.8963,3.0811,0,0,0.748,0.991,0.747,71877400,0.746,61181100,0.745,55112600,0.744,14830900,0.743,14448800,0.748,4566500,0.749,36752300,0.750,46914900,0.751,39025000,0.752,17731900,1052,0,0
sh513130,09:33:29,1767749612488,09:34:32,1767749612476,0.748,0.747,0.1339,5753.92,0.8963,4.7009,0,0,0.748,0.984,0.747,71877400,0.746,61181100,0.745,55112600,0.744,14830900,0.743,14448800,0.748,4566500,0.749,36752300,0.750,46914900,0.751,39025000,0.752,17731900,12,0,0
sh513130,09:33:32,1767749613497,09:34:32,1767749612476,0.748,0.747,0.1339,5753.92,0.8963,5.1815,5325900,3983431,0.7479,1.009,0.747,55567800,0.746,61370700,0.745,55513200,0.744,32345400,0.743,14449500,0.748,10229100,0.749,35190100,0.750,46440000,0.751,39193100,0.752,17730000,1021,0,0
sh513130,09:33:32,1767749614494,09:34:34,1767749614416,0.748,0.747,0.1339,5754.48,0.8963,5.0971,0,0,0.748,0.997,0.747,55567800,0.746,61370700,0.745,55513200,0.744,32345400,0.743,14449500,0.748,10229100,0.749,35190100,0.750,46440000,0.751,39193100,0.752,17730000,78,0,0
sh513130,09:33:32,1767749615492,09:34:34,1767749614416,0.748,0.747,0.1339,5754.48,0.8963,7.2945,0,0,0.748,0.998,0.747,55567800,0.746,61370700,0.745,55513200,0.744,32345400,0.743,14449500,0.748,10229100,0.749,35190100,0.750,46440000,0.751,39193100,0.752,17730000,1076,0,0
sh513130,09:33:35,1767749616484,09:34:36,1767749616472,0.748,0.7469,0.1473,5754.74,0.8963,6.6736,4306100,3220163,0.7478,0.992,0.747,56055800,0.746,61647700,0.745,56722900,0.744,32493200,0.743,14482300,0.748,12703600,0.749,37657500,0.750,44470000,0.751,34177100,0.752,18070200,12,0,0
sh513130,09:33:35,1767749617486,09:34:36,1767749616472,0.748,0.7469,0.1473,5754.74,0.8963,5.7762,0,0,0.748,1.002,0.747,56055800,0.746,61647700,0.745,56722900,0.744,32493200,0.743,14482300,0.748,12703600,0.749,37657500,0.750,44470000,0.751,34177100,0.752,18070200,1013,0,0
sh513130,09:33:35,1767749618493,09:34:38,1767749618461,0.748,0.7469,0.1473,5754.24,0.8963,5.2139,0,0,0.748,1.008,0.747,56055800,0.746,61647700,0.745,56722900,0.744,32493200,0.743,14482300,0.748,12703600,0.749,37657500,0.750,44470000,0.751,34177100,0.752,18070200,32,0,0
sh513130,09:33:35,1767749619497,09:34:38,1767749618734,0.748,0.7469,0.1473,5754.24,0.8963,6.0849,0,0,0.748,1.003,0.747,56055800,0.746,61647700,0.745,56722900,0.744,32493200,0.743,14482300,0.748,12703600,0.749,37657500,0.750,44470000,0.751,34177100,0.752,18070200,762,0,0
sh513130,09:33:35,1767749620494,09:34:40,1767749620431,0.748,0.7469,0.1473,5755.63,0.8963,5.2741,0,0,0.748,0.997,0.747,56055800,0.746,61647700,0.745,56722900,0.744,32493200,0.743,14482300,0.748,12703600,0.749,37657500,0.750,44470000,0.751,34177100,0.752,18070200,63,0,0
sh513130,09:33:38,1767749621485,09:34:40,1767749621063,0.747,0.7469,0.0134,5755.63,0.8963,4.1704,2826400,2113627,0.7478,0.991,0.747,57120600,0.746,62503800,0.745,56820100,0.744,32958400,0.743,14507000,0.748,19882300,0.749,37894900,0.750,44528000,0.751,34051200,0.752,18070200,422,0,0
sh513130,09:33:38,1767749622495,09:34:42,1767749622417,0.747,0.7469,0.0134,5753.39,0.8963,4.4077,0,0,0.747,1.01,0.747,57120600,0.746,62503800,0.745,56820100,0.744,32958400,0.743,14507000,0.748,19882300,0.749,37894900,0.750,44528000,0.751,34051200,0.752,18070200,78,0,0
sh513130,09:33:38,1767749623493,09:34:42,1767749623415,0.747,0.7469,0.0134,5753.39,0.8963,4.3311,0,0,0.747,0.998,0.747,57120600,0.746,62503800,0.745,56820100,0.744,32958400,0.743,14507000,0.748,19882300,0.749,37894900,0.750,44528000,0.751,34051200,0.752,18070200,77,0,0
sh513130,09:33:41,1767749624484,09:34:44,1767749624472,0.747,0.7469,0.0134,5752.94,0.8963,2.862,5258000,3932279,0.7479,0.991,0.747,58132700,0.746,62651200,0.745,57361600,0.744,32968500,0.743,13552800,0.748,7410100,0.749,43536400,0.750,44601000,0.751,35546000,0.752,18077200,12,0,0
sh513130,09:33:41,1767749625483,09:34:44,1767749624472,0.747,0.7469,0.0134,5752.94,0.8963,2.2476,0,0,0.747,0.999,0.747,58132700,0.746,62651200,0.745,57361600,0.744,32968500,0.743,13552800,0.748,7410100,0.749,43536400,0.750,44601000,0.751,35546000,0.752,18077200,1010,0,0
sh513130,09:33:44,1767749626496,09:34:46,1767749626483,0.748,0.7469,0.1473,5753.11,0.8963,4.674,2942900,2200609,0.7478,1.014,0.747,59759000,0.746,62826900,0.745,57503100,0.744,33036900,0.743,13652000,0.748,19927300,0.749,37861600,0.750,44603500,0.751,35599000,0.752,18096200,13,0,0
sh513130,09:33:44,1767749627485,09:34:46,1767749626483,0.748,0.7469,0.1473,5753.11,0.8963,3.9495,0,0,0.748,0.989,0.747,59759000,0.746,62826900,0.745,57503100,0.744,33036900,0.743,13652000,0.748,19927300,0.749,37861600,0.750,44603500,0.751,35599000,0.752,18096200,1002,0,0
sh513130,09:33:44,1767749628494,09:34:48,1767749628489,0.748,0.7469,0.1473,5753.91,0.8963,3.8788,0,0,0.748,1.009,0.747,59759000,0.746,62826900,0.745,57503100,0.744,33036900,0.743,13652000,0.748,19927300,0.749,37861600,0.750,44603500,0.751,35599000,0.752,18096200,5,0,0
sh513130,09:33:47,1767749629492,09:34:48,1767749628489,0.748,0.7469,0.1473,5753.91,0.8963,6.6744,3535100,2643488,0.7478,0.997,0.747,62272600,0.746,63195300,0.745,58134300,0.744,33082900,0.743,13722300,0.748,17826600,0.749,36730400,0.750,44703500,0.751,35599000,0.752,18148200,1002,0,0
sh513130,09:33:47,1767749630491,09:34:50,1767749630446,0.748,0.7469,0.1473,5753.28,0.8963,6.584,0,0,0.748,1.0,0.747,62272600,0.746,63195300,0.745,58134300,0.744,33082900,0.743,13722300,0.748,17826600,0.749,36730400,0.750,44703500,0.751,35599000,0.752,18148200,45,0,0
sh513130,09:33:47,1767749631486,09:34:50,1767749630446,0.748,0.7469,0.1473,5753.28,0.8963,6.8733,0,0,0.748,0.994,0.747,62272600,0.746,63195300,0.745,58134300,0.744,33082900,0.743,13722300,0.748,17826600,0.749,36730400,0.750,44703500,0.751,35599000,0.752,18148200,1040,0,0
sh513130,09:33:47,1767749632487,09:34:52,1767749632473,0.748,0.7469,0.1473,5753.5,0.8963,6.8374,0,0,0.748,1.001,0.747,62272600,0.746,63195300,0.745,58134300,0.744,33082900,0.743,13722300,0.748,17826600,0.749,36730400,0.750,44703500,0.751,35599000,0.752,18148200,13,0,0
sh513130,09:33:50,1767749633482,09:34:52,1767749632796,0.747,0.7469,0.0134,5753.5,0.8963,6.0128,1518000,1135388,0.7479,0.996,0.747,64051500,0.746,63621400,0.745,58228000,0.744,33096900,0.743,14815300,0.748,21220900,0.749,36687100,0.750,44705800,0.751,35733500,0.752,18148200,685,0,0
sh513130,09:33:50,1767749634493,09:34:54,1767749634486,0.747,0.7469,0.0134,5755.36,0.8963,5.0566,0,0,0.747,1.01,0.747,64051500,0.746,63621400,0.745,58228000,0.744,33096900,0.743,14815300,0.748,21220900,0.749,36687100,0.750,44705800,0.751,35733500,0.752,18148200,6,0,0
sh513130,09:33:53,1767749635486,09:34:54,1767749635144,0.747,0.7469,0.0134,5755.36,0.8963,7.5819,776400,580608,0.7478,0.994,0.747,69779300,0.746,63803500,0.745,58991800,0.744,28887300,0.743,14846300,0.748,19119300,0.749,38337500,0.750,44764100,0.751,35763500,0.752,18148200,342,0,0
sh513130,09:33:53,1767749636499,09:34:56,1767749636435,0.747,0.7469,0.0134,5753.47,0.8963,7.4962,0,0,0.747,1.012,0.747,69779300,0.746,63803500,0.745,58991800,0.744,28887300,0.743,14846300,0.748,19119300,0.749,38337500,0.750,44764100,0.751,35763500,0.752,18148200,63,0,0
sh513130,09:33:53,1767749637493,09:34:56,1767749637486,0.747,0.7469,0.0134,5753.47,0.8963,6.3526,0,0,0.747,0.995,0.747,69779300,0.746,63803500,0.745,58991800,0.744,28887300,0.743,14846300,0.748,19119300,0.749,38337500,0.750,44764100,0.751,35763500,0.752,18148200,7,0,0
sh513130,09:33:56,1767749638497,09:34:58,1767749638490,0.748,0.747,0.1339,5753.01,0.8963,5.5384,2654000,1985021,0.7479,1.003,0.747,71155000,0.746,64145900,0.745,59099700,0.744,28957300,0.743,14848500,0.748,11683000,0.749,42676400,0.750,44712000,0.751,35774000,0.752,18208200,6,0,0
sh513130,09:33:56,1767749639493,09:34:58,1767749638490,0.748,0.747,0.1339,5753.01,0.8963,4.3364,0,0,0.748,0.996,0.747,71155000,0.746,64145900,0.745,59099700,0.744,28957300,0.743,14848500,0.748,11683000,0.749,42676400,0.750,44712000,0.751,35774000,0.752,18208200,1003,0,0
sh513130,09:33:56,1767749640488,09:35:00,1767749640475,0.748,0.747,0.1339,5752.79,0.8963,3.7946,0,0,0.748,0.995,0.747,71155000,0.746,64145900,0.745,59099700,0.744,28957300,0.743,14848500,0.748,11683000,0.749,42676400,0.750,44712000,0.751,35774000,0.752,18208200,12,0,0
sh513130,09:33:59,1767749641485,09:35:00,1767749640475,0.748,0.747,0.1339,5752.79,0.8963,3.1696,2174800,1626376,0.7478,0.997,0.747,66978400,0.746,65172800,0.745,59083600,0.744,34042900,0.743,14857700,0.748,17493000,0.749,42501800,0.750,44809500,0.751,35768900,0.752,18214700,1010,0,0
sh513130,09:33:59,1767749642487,09:35:02,1767749642485,0.748,0.747,0.1339,5752.31,0.8963,3.0756,0,0,0.748,1.002,0.747,66978400,0.746,65172800,0.745,59083600,0.744,34042900,0.743,14857700,0.748,17493000,0.749,42501800,0.750,44809500,0.751,35768900,0.752,18214700,1,0,0
sh513130,09:34:02,1767749643487,09:35:02,1767749642485,0.747,0.747,0.0,5752.31,0.8963,3.0186,2410500,1802940,0.748,1.0,0.747,69795400,0.746,65573000,0.745,59200500,0.744,34059900,0.743,14859700,0.748,23365900,0.749,37499900,0.750,44905700,0.751,35761300,0.752,18284900,1002,0,0
sh513130,09:34:02,1767749644491,09:35:04,1767749644411,0.747,0.747,0.0,5751.2,0.8963,5.1106,0,0,0.747,1.004,0.747,69795400,0.746,65573000,0.745,59200500,0.744,34059900,0.743,14859700,0.748,23365900,0.749,37499900,0.750,44905700,0.751,35761300,0.752,18284900,79,0,0
sh513130,09:34:02,1767749645483,09:35:04,1767749644522,0.747,0.747,0.0,5751.2,0.8963,5.0268,0,0,0.747,0.992,0.747,69795400,0.746,65573000,0.745,59200500,0.744,34059900,0.743,14859700,0.748,23365900,0.749,37499900,0.750,44905700,0.751,35761300,0.752,18284900,960,0,0
sh513130,09:34:02,1767749646500,09:35:06,1767749646405,0.747,0.747,0.0,5750.42,0.8963,4.1796,0,0,0.747,1.016,0.747,69795400,0.746,65573000,0.745,59200500,0.744,34059900,0.743,14859700,0.748,23365900,0.749,37499900,0.750,44905700,0.751,35761300,0.752,18284900,94,0,0
sh513130,09:34:05,1767749647509,09:35:06,1767749646887,0.748,0.7469,0.1473,5750.42,0.8963,2.7144,1878600,1404527,0.7476,1.01,0.747,70797600,0.746,66367800,0.745,59662400,0.744,34260100,0.743,15051600,0.748,24220000,0.749,37113300,0.750,44899800,0.751,30115300,0.752,18615400,622,0,0
sh513130,09:34:05,1767749648509,09:35:08,1767749648463,0.748,0.7469,0.1473,5749.0,0.8963,2.4084,0,0,0.748,0.999,0.747,70797600,0.746,66367800,0.745,59662400,0.744,34260100,0.743,15051600,0.748,24220000,0.749,37113300,0.750,44899800,0.751,30115300,0.752,18615400,45,0,0
sh513130,09:34:05,1767749649511,09:35:08,1767749649227,0.748,0.7469,0.1473,5749.0,0.8963,2.6396,0,0,0.748,1.002,0.747,70797600,0.746,66367800,0.745,59662400,0.744,34260100,0.743,15051600,0.748,24220000,0.749,37113300,0.750,44899800,0.751,30115300,0.752,18615400,283,0,0
sh513130,09:34:05,1767749650505,09:35:10,1767749650444,0.748,0.7469,0.1473,5749.91,0.8963,2.5892,0,0,0.748,0.995,0.747,70797600,0.746,66367800,0.745,59662400,0.744,34260100,0.743,15051600,0.748,24220000,0.749,37113300,0.750,44899800,0.751,30115300,0.752,18615400,61,0,0
sh513130,09:34:08,1767749651505,09:35:10,1767749650444,0.748,0.7469,0.1473,5749.91,0.8963,2.6654,686300,513216,0.7478,1.0,0.747,60159100,0.746,73296500,0.745,61680200,0.744,34530000,0.743,15077200,0.748,29644400,0.749,37073000,0.750,44928600,0.751,25618200,0.752,19020400,1061,0,0
sh513130,09:34:11,1767749652504,09:35:10,1767749651566,0.747,0.7469,0.0134,5749.91,0.8963,3.5634,2256100,1687285,0.7479,0.998,0.747,63591800,0.746,73558900,0.745,61895100,0.744,34530000,0.743,15090300,0.748,29085400,0.749,37077300,0.750,44928600,0.751,25618800,0.752,19020400,937,0,0
sh513130,09:34:11,1767749653504,09:35:12,1767749652571,0.747,0.7469,0.0134,5749.83,0.8963,4.57,0,0,0.747,1.0,0.747,63591800,0.746,73558900,0.745,61895100,0.744,34530000,0.743,15090300,0.748,29085400,0.749,37077300,0.750,44928600,0.751,25618800,0.752,19020400,932,0,0
sh513130,09:34:11,1767749654508,09:35:14,1767749654462,0.747,0.7469,0.0134,5749.08,0.8963,3.6196,0,0,0.747,1.005,0.747,63591800,0.746,73558900,0.745,61895100,0.744,34530000,0.743,15090300,0.748,29085400,0.749,37077300,0.750,44928600,0.751,25618800,0.752,19020400,46,0,0
sh513130,09:34:11,1767749655498,09:35:14,1767749654462,0.747,0.7469,0.0134,5749.08,0.8963,5.5692,0,0,0.747,0.99,0.747,63591800,0.746,73558900,0.745,61895100,0.744,34530000,0.743,15090300,0.748,29085400,0.749,37077300,0.750,44928600,0.751,25618800,0.752,19020400,1036,0,0
sh513130,09:34:14,1767749656494,09:35:16,1767749656381,0.748,0.747,0.1339,5749.45,0.8963,7.1857,1547200,1157212,0.7479,0.996,0.747,66084900,0.746,74432700,0.745,62556600,0.744,34646100,0.743,15116700,0.748,28096400,0.749,37111800,0.750,44927600,0.751,25675600,0.752,19020400,112,0,0
sh513130,09:34:14,1767749657491,09:35:16,1767749656639,0.748,0.747,0.1339,5749.45,0.8963,5.9209,0,0,0.748,0.997,0.747,66084900,0.746,74432700,0.745,62556600,0.744,34646100,0.743,15116700,0.748,28096400,0.749,37111800,0.750,44927600,0.751,25675600,0.752,19020400,850,0,0
sh513130,09:34:14,1767749658479,09:35:18,1767749658466,0.748,0.747,0.1339,5749.54,0.8963,5.6938,0,0,0.748,0.988,0.747,66084900,0.746,74432700,0.745,62556600,0.744,34646100,0.743,15116700,0.748,28096400,0.749,37111800,0.750,44927600,0.751,25675600,0.752,19020400,12,0,0
sh513130,09:34:17,1767749659484,09:35:18,1767749658590,0.748,0.747,0.1339,5749.54,0.8963,4.7543,1070300,800464,0.7479,1.006,0.747,74608400,0.746,69319400,0.745,62858300,0.744,34666100,0.743,14134100,0.748,22606200,0.749,37100700,0.750,45339500,0.751,30591100,0.752,19022400,894,0,0
sh513130,09:34:17,1767749660499,09:35:20,1767749660436,0.748,0.747,0.1339,5749.03,0.8963,4.678,0,0,0.748,1.015,0.747,74608400,0.746,69319400,0.745,62858300,0.744,34666100,0.743,14134100,0.748,22606200,0.749,37100700,0.750,45339500,0.751,30591100,0.752,19022400,63,0,0
sh513130,09:34:17,1767749661509,09:35:20,1767749660930,0.748,0.747,0.1339,5749.03,0.8963,4.3297,0,0,0.748,1.009,0.747,74608400,0.746,69319400,0.745,62858300,0.744,34666100,0.743,14134100,0.748,22606200,0.749,37100700,0.750,45339500,0.751,30591100,0.752,19022400,578,0,0
sh513130,09:34:20,1767749662509,09:35:22,1767749662448,0.748,0.7463,0.2278,5748.3,0.8963,2.7021,2572400,1923929,0.7479,1.001,0.747,68310200,0.746,79036200,0.745,64325600,0.744,35201200,0.743,14172100,0.748,25864900,0.749,39117500,0.750,45354000,0.751,25691100,0.752,19022400,61,0,0
sh513130,09:34:20,1767749663512,09:35:22,1767749663276,0.748,0.7463,0.2278,5748.3,0.8963,2.3305,0,0,0.748,1.003,0.747,68310200,0.746,79036200,0.745,64325600,0.744,35201200,0.743,14172100,0.748,25864900,0.749,39117500,0.750,45354000,0.751,25691100,0.752,19022400,235,0,0
sh513130,09:34:23,1767749664502,09:35:24,1767749664456,0.748,0.7463,0.2278,5748.26,0.8963,3.5737,1736400,1298756,0.748,0.99,0.747,66928800,0.746,79397200,0.745,65014600,0.744,35260000,0.743,15373900,0.748,26537500,0.749,39219500,0.750,45354000,0.751,25691100,0.752,19020400,46,0,0
sh513130,09:34:23,1767749665505,09:35:24,1767749664456,0.748,0.7463,0.2278,5748.26,0.8963,4.3374,0,0,0.748,1.003,0.747,66928800,0.746,79397200,0.745,65014600,0.744,35260000,0.743,15373900,0.748,26537500,0.749,39219500,0.750,45354000,0.751,25691100,0.752,19020400,1049,0,0
sh513130,09:34:23,1767749666503,09:35:26,1767749666409,0.748,0.7463,0.2278,5747.57,0.8963,3.434,0,0,0.748,0.998,0.747,66928800,0.746,79397200,0.745,65014600,0.744,35260000,0.743,15373900,0.748,26537500,0.749,39219500,0.750,45354000,0.751,25691100,0.752,19020400,93,0,0
sh513130,09:34:23,1767749667513,09:35:26,1767749666409,0.748,0.7463,0.2278,5747.57,0.8963,4.1594,0,0,0.748,1.01,0.747,66928800,0.746,79397200,0.745,65014600,0.744,35260000,0.743,15373900,0.748,26537500,0.749,39219500,0.750,45354000,0.751,25691100,0.752,19020400,1103,0,0
sh513130,09:34:26,1767749668508,09:35:28,1767749668477,0.748,0.7463,0.2278,5747.37,0.8963,3.8287,2965900,2216340,0.7473,0.995,0.747,67729900,0.746,78725900,0.745,64793500,0.744,36390900,0.743,15492800,0.748,30257800,0.749,36648000,0.750,47334000,0.751,25791100,0.752,19217600,31,0,0
sh513130,09:34:26,1767749669499,09:35:28,1767749668477,0.748,0.7463,0.2278,5747.37,0.8963,3.1457,0,0,0.748,0.991,0.747,67729900,0.746,78725900,0.745,64793500,0.744,36390900,0.743,15492800,0.748,30257800,0.749,36648000,0.750,47334000,0.751,25791100,0.752,19217600,1022,0,0
sh513130,09:34:26,1767749670506,09:35:30,1767749670427,0.748,0.7463,0.2278,5747.11,0.8963,3.0869,0,0,0.748,1.007,0.747,67729900,0.746,78725900,0.745,64793500,0.744,36390900,0.743,15492800,0.748,30257800,0.749,36648000,0.750,47334000,0.751,25791100,0.752,19217600,78,0,0
sh513130,09:34:29,1767749671506,09:35:30,1767749670427,0.748,0.7463,0.2278,5747.11,0.8963,3.1878,1143400,854817,0.7476,1.0,0.747,66929100,0.746,79917700,0.745,65010600,0.744,36884400,0.743,15504200,0.748,32829500,0.749,36262200,0.750,47334100,0.751,25991100,0.752,19589400,1078,0,0
sh513130,09:34:29,1767749672510,09:35:32,1767749672449,0.748,0.7463,0.2278,5746.85,0.8963,2.5518,0,0,0.748,1.004,0.747,66929100,0.746,79917700,0.745,65010600,0.744,36884400,0.743,15504200,0.748,32829500,0.749,36262200,0.750,47334100,0.751,25991100,0.752,19589400,61,0,0
sh513130,09:34:29,1767749673509,09:35:32,1767749672648,0.748,0.7463,0.2278,5746.85,0.8963,3.3504,0,0,0.748,0.998,0.747,66929100,0.746,79917700,0.745,65010600,0.744,36884400,0.743,15504200,0.748,32829500,0.749,36262200,0.750,47334100,0.751,25991100,0.752,19589400,860,0,0
sh513130,09:34:32,1767749674512,09:35:34,1767749674450,0.748,0.7463,0.2278,5746.12,0.8963,3.2734,794000,593809,0.7479,1.003,0.747,67874200,0.746,66919700,0.745,65162500,0.744,39870800,0.743,25609200,0.748,35221000,0.749,36198200,0.750,46883700,0.751,26091100,0.752,19589400,61,0,0
sh513130,09:34:32,1767749675511,09:35:34,1767749675000,0.748,0.7463,0.2278,5746.12,0.8963,3.2628,0,0,0.748,0.999,0.747,67874200,0.746,66919700,0.745,65162500,0.744,39870800,0.743,25609200,0.748,35221000,0.749,36198200,0.750,46883700,0.751,26091100,0.752,19589400,510,0,0
sh513130,09:34:32,1767749676502,09:35:36,1767749676442,0.748,0.7463,0.2278,5746.9,0.8963,2.053,0,0,0.748,0.991,0.747,67874200,0.746,66919700,0.745,65162500,0.744,39870800,0.743,25609200,0.748,35221000,0.749,36198200,0.750,46883700,0.751,26091100,0.752,19589400,60,0,0
sh513130,09:34:35,1767749677500,09:35:36,1767749677395,0.747,0.7463,0.0938,5746.9,0.8963,3.6201,68524000,51187639,0.747,0.998,0.746,64771300,0.745,68326900,0.744,40455100,0.743,28678800,0.742,12618900,0.747,29246100,0.748,35387300,0.749,37065100,0.750,46979900,0.751,26103400,104,0,0
sh513130,09:34:35,1767749678499,09:35:38,1767749678454,0.747,0.7463,0.0938,5747.16,0.8963,1.9796,0,0,0.747,0.999,0.746,64771300,0.745,68326900,0.744,40455100,0.743,28678800,0.742,12618900,0.747,29246100,0.748,35387300,0.749,37065100,0.750,46979900,0.751,26103400,45,0,0
sh513130,09:34:38,1767749679502,09:35:38,1767749678454,0.748,0.7463,0.2278,5747.16,0.8963,1.7527,33188200,24792639,0.747,1.003,0.747,10652200,0.746,77907200,0.745,68399400,0.744,39476100,0.743,16604600,0.748,35329500,0.749,36886600,0.750,45989900,0.751,25896400,0.752,19595400,1048,0,0
sh513130,09:34:38,1767749680499,09:35:40,1767749680389,0.748,0.7463,0.2278,5746.75,0.8963,1.9408,0,0,0.748,0.997,0.747,10652200,0.746,77907200,0.745,68399400,0.744,39476100,0.743,16604600,0.748,35329500,0.749,36886600,0.750,45989900,0.751,25896400,0.752,19595400,109,0,0
sh513130,09:34:38,1767749681503,09:35:40,1767749680535,0.748,0.7463,0.2278,5746.75,0.8963,1.6407,0,0,0.748,1.004,0.747,10652200,0.746,77907200,0.745,68399400,0.744,39476100,0.743,16604600,0.748,35329500,0.749,36886600,0.750,45989900,0.751,25896400,0.752,19595400,968,0,0
sh513130,09:34:41,1767749682514,09:35:42,1767749682436,0.747,0.7463,0.0938,5746.64,0.8963,1.2203,13044900,9744419,0.747,1.011,0.746,64094100,0.745,68575900,0.744,39487100,0.743,29623100,0.742,16666200,0.747,11906600,0.748,34431600,0.749,37863200,0.750,47816900,0.751,25934400,77,0,0
sh513130,09:34:41,1767749683528,09:35:42,1767749682436,0.747,0.7463,0.0938,5746.64,0.8963,1.7251,0,0,0.747,1.014,0.746,64094100,0.745,68575900,0.744,39487100,0.743,29623100,0.742,16666200,0.747,11906600,0.748,34431600,0.749,37863200,0.750,47816900,0.751,25934400,1092,0,0
sh513130,09:34:41,1767749684518,09:35:44,1767749684505,0.747,0.7463,0.0938,5746.39,0.8963,3.214,0,0,0.747,0.99,0.746,64094100,0.745,68575900,0.744,39487100,0.743,29623100,0.742,16666200,0.747,11906600,0.748,34431600,0.749,37863200,0.750,47816900,0.751,25934400,12,0,0
sh513130,09:34:41,1767749685523,09:35:44,1767749684505,0.747,0.7463,0.0938,5746.39,0.8963,2.3625,0,0,0.747,1.005,0.746,64094100,0.745,68575900,0.744,39487100,0.743,29623100,0.742,16666200,0.747,11906600,0.748,34431600,0.749,37863200,0.750,47816900,0.751,25934400,1017,0,0
sh513130,09:34:44,1767749686520,09:35:46,1767749686432,0.747,0.7463,0.0938,5745.75,0.8963,2.36,2309500,1725196,0.747,0.997,0.746,78144200,0.745,69273400,0.744,39617100,0.743,18263100,0.742,16680200,0.747,5369100,0.748,40671300,0.749,37908500,0.750,46528900,0.751,25931500,87,0,0
sh513130,09:34:44,1767749687518,09:35:46,1767749686858,0.747,0.7463,0.0938,5745.75,0.8963,1.1492,0,0,0.747,0.998,0.746,78144200,0.745,69273400,0.744,39617100,0.743,18263100,0.742,16680200,0.747,5369100,0.748,40671300,0.749,37908500,0.750,46528900,0.751,25931500,659,0,0
sh513130,09:34:44,1767749688527,09:35:48,1767749688480,0.747,0.7463,0.0938,5747.71,0.8963,2.8025,0,0,0.747,1.009,0.746,78144200,0.745,69273400,0.744,39617100,0.743,18263100,0.742,16680200,0.747,5369100,0.748,40671300,0.749,37908500,0.750,46528900,0.751,25931500,46,0,0
sh513130,09:34:47,1767749689527,09:35:48,1767749689189,0.747,0.7463,0.0938,5747.71,0.8963,6.1987,7270300,5430809,0.747,1.0,0.747,2423000,0.746,77981800,0.745,69402800,0.744,39718900,0.743,18479700,0.748,39234700,0.749,37885700,0.750,46631900,0.751,25618300,0.752,19893000,337,0,0
sh513130,09:34:47,1767749690515,09:35:48,1767749689189,0.747,0.7463,0.0938,5747.71,0.8963,6.1933,0,0,0.747,0.988,0.747,2423000,0.746,77981800,0.745,69402800,0.744,39718900,0.743,18479700,0.748,39234700,0.749,37885700,0.750,46631900,0.751,25618300,0.752,19893000,1325,0,0
sh513130,09:34:47,1767749691528,09:35:50,1767749691515,0.747,0.7463,0.0938,5746.08,0.8963,5.5552,0,0,0.747,1.014,0.747,2423000,0.746,77981800,0.745,69402800,0.744,39718900,0.743,18479700,0.748,39234700,0.749,37885700,0.750,46631900,0.751,25618300,0.752,19893000,13,0,0
sh513130,09:34:47,1767749692517,09:35:52,1767749692423,0.747,0.7463,0.0938,5745.66,0.8963,5.8605,0,0,0.747,0.989,0.747,2423000,0.746,77981800,0.745,69402800,0.744,39718900,0.743,18479700,0.748,39234700,0.749,37885700,0.750,46631900,0.751,25618300,0.752,19893000,93,0,0
sh513130,09:34:50,1767749693527,09:35:52,1767749692423,0.747,0.7456,0.1878,5745.66,0.8963,5.3939,12265700,9162536,0.747,1.01,0.746,63604900,0.745,69622100,0.744,39771000,0.743,30479600,0.742,17055400,0.747,12465100,0.748,40106100,0.749,37918500,0.750,48195000,0.751,25618300,1103,0,0
sh513130,09:34:50,1767749694516,09:35:54,1767749694391,0.747,0.7456,0.1878,5746.49,0.8963,3.651,0,0,0.747,0.989,0.746,63604900,0.745,69622100,0.744,39771000,0.743,30479600,0.742,17055400,0.747,12465100,0.748,40106100,0.749,37918500,0.750,48195000,0.751,25618300,124,0,0
sh513130,09:34:53,1767749695519,09:35:54,1767749694682,0.747,0.7456,0.1878,5746.49,0.8963,4.0525,1193400,891463,0.747,1.003,0.746,60496500,0.745,70932400,0.744,39841000,0.743,35982000,0.742,16935600,0.747,17089000,0.748,41559000,0.749,38837400,0.750,46807000,0.751,26277600,836,0,0
sh513130,09:34:53,1767749696523,09:35:54,1767749696364,0.747,0.7456,0.1878,5746.49,0.8963,4.057,0,0,0.747,1.005,0.746,60496500,0.745,70932400,0.744,39841000,0.743,35982000,0.742,16935600,0.747,17089000,0.748,41559000,0.749,38837400,0.750,46807000,0.751,26277600,159,0,0
sh513130,09:34:56,1767749697518,09:35:56,1767749696981,0.747,0.7463,0.0938,5744.45,0.8963,3.7172,2383100,1780153,0.747,0.995,0.746,67014300,0.745,71415200,0.744,40841000,0.743,32699700,0.742,17004600,0.747,16750800,0.748,43635600,0.749,38842400,0.750,45808000,0.751,26277600,536,0,0
sh513130,09:34:56,1767749698523,09:35:58,1767749698509,0.747,0.7463,0.0938,5744.86,0.8963,3.1541,0,0,0.747,1.005,0.746,67014300,0.745,71415200,0.744,40841000,0.743,32699700,0.742,17004600,0.747,16750800,0.748,43635600,0.749,38842400,0.750,45808000,0.751,26277600,13,0,0
sh513130,09:34:56,1767749699518,09:35:58,1767749698509,0.747,0.7463,0.0938,5744.86,0.8963,3.1515,0,0,0.747,0.995,0.746,67014300,0.745,71415200,0.744,40841000,0.743,32699700,0.742,17004600,0.747,16750800,0.748,43635600,0.749,38842400,0.750,45808000,0.751,26277600,1008,0,0
sh513130,09:34:56,1767749700523,09:36:00,1767749700473,0.747,0.7463,0.0938,5747.52,0.8963,3.0235,0,0,0.747,1.005,0.746,67014300,0.745,71415200,0.744,40841000,0.743,32699700,0.742,17004600,0.747,16750800,0.748,43635600,0.749,38842400,0.750,45808000,0.751,26277600,48,0,0
sh513130,09:34:59,1767749701522,09:36:00,1767749700855,0.747,0.7463,0.0938,5747.52,0.8963,6.4429,3538700,2642982,0.7469,0.999,0.746,79943900,0.745,72098000,0.744,39951000,0.743,20724000,0.742,17020700,0.747,9202100,0.748,43836600,0.749,38842400,0.750,46495000,0.751,26277600,667,0,0
sh513130,09:34:59,1767749702522,09:36:02,1767749702412,0.747,0.7463,0.0938,5746.25,0.8963,6.6006,0,0,0.747,0.999,0.746,79943900,0.745,72098000,0.744,39951000,0.743,20724000,0.742,17020700,0.747,9202100,0.748,43836600,0.749,38842400,0.750,46495000,0.751,26277600,109,0,0
sh513130,09:34:59,1767749703513,09:36:02,1767749703197,0.747,0.7463,0.0938,5746.25,0.8963,6.5102,0,0,0.747,0.991,0.746,79943900,0.745,72098000,0.744,39951000,0.743,20724000,0.742,17020700,0.747,9202100,0.748,43836600,0.749,38842400,0.750,46495000,0.751,26277600,315,0,0
sh513130,09:35:02,1767749704514,09:36:04,1767749704483,0.747,0.7463,0.0938,5746.64,0.8963,5.6403,4629800,3458201,0.7469,1.001,0.746,73706700,0.745,83742600,0.744,39006100,0.743,22861100,0.742,19161200,0.747,7688700,0.748,48253900,0.749,44091900,0.750,46688000,0.751,24877600,30,0,0
sh513130,09:35:02,1767749705513,09:36:04,1767749704483,0.747,0.7463,0.0938,5746.64,0.8963,6.5366,0,0,0.747,1.0,0.746,73706700,0.745,83742600,0.744,39006100,0.743,22861100,0.742,19161200,0.747,7688700,0.748,48253900,0.749,44091900,0.750,46688000,0.751,24877600,1030,0,0
sh513130,09:35:05,1767749706514,09:36:06,1767749706437,0.746,0.7463,-0.0402,5746.43,0.8963,6.4461,1885900,1408443,0.7468,1.001,0.746,76688700,0.745,84088800,0.744,39256400,0.743,30217600,0.742,19252600,0.747,33196200,0.748,43620300,0.749,41130700,0.750,35432200,0.751,23877700,77,0,0
sh513130,09:35:05,1767749707534,09:36:06,1767749706437,0.746,0.7463,-0.0402,5746.43,0.8963,5.6412,0,0,0.746,1.019,0.746,76688700,0.745,84088800,0.744,39256400,0.743,30217600,0.742,19252600,0.747,33196200,0.748,43620300,0.749,41130700,0.750,35432200,0.751,23877700,1096,0,0
sh513130,09:35:05,1767749708527,09:36:08,1767749708493,0.746,0.7463,-0.0402,5746.06,0.8963,5.5535,0,0,0.746,0.993,0.746,76688700,0.745,84088800,0.744,39256400,0.743,30217600,0.742,19252600,0.747,33196200,0.748,43620300,0.749,41130700,0.750,35432200,0.751,23877700,31,0,0
sh513130,09:35:08,1767749709523,09:36:08,1767749708493,0.747,0.7463,0.0938,5746.06,0.8963,4.8863,2367800,1768687,0.747,0.996,0.746,77438600,0.745,84255300,0.744,40359600,0.743,30228100,0.742,19314400,0.747,13258100,0.748,49138700,0.749,41130700,0.750,43688200,0.751,23877700,1027,0,0
sh513130,09:35:08,1767749710528,09:36:10,1767749710496,0.747,0.7463,0.0938,5746.92,0.8963,5.1164,0,0,0.747,1.006,0.746,77438600,0.745,84255300,0.744,40359600,0.743,30228100,0.742,19314400,0.747,13258100,0.748,49138700,0.749,41130700,0.750,43688200,0.751,23877700,32,0,0
sh513130,09:35:08,1767749711527,09:36:10,1767749710496,0.747,0.7463,0.0938,5746.92,0.8963,4.2176,0,0,0.747,0.998,0.746,77438600,0.745,84255300,0.744,40359600,0.743,30228100,0.742,19314400,0.747,13258100,0.748,49138700,0.749,41130700,0.750,43688200,0.751,23877700,1030,0,0
sh513130,09:35:08,1767749712517,09:36:12,1767749712510,0.747,0.7463,0.0938,5746.11,0.8963,4.4845,0,0,0.747,0.99,0.746,77438600,0.745,84255300,0.744,40359600,0.743,30228100,0.742,19314400,0.747,13258100,0.748,49138700,0.749,41130700,0.750,43688200,0.751,23877700,6,0,0
sh513130,09:35:11,1767749713521,09:36:12,1767749712608,0.747,0.7463,0.0938,5746.11,0.8963,5.0212,1024300,764970,0.7468,1.004,0.746,78074900,0.745,84229200,0.744,41379800,0.743,30248900,0.742,19603500,0.747,26145100,0.748,48949700,0.749,41120700,0.750,36569100,0.751,23877700,911,0,0
sh513130,09:35:11,1767749714523,09:36:14,1767749714437,0.747,0.7463,0.0938,5745.09,0.8963,5.1161,0,0,0.747,1.002,0.746,78074900,0.745,84229200,0.744,41379800,0.743,30248900,0.742,19603500,0.747,26145100,0.748,48949700,0.749,41120700,0.750,36569100,0.751,23877700,86,0,0
sh513130,09:35:11,1767749715521,09:36:14,1767749714940,0.747,0.7463,0.0938,5745.09,0.8963,5.0322,0,0,0.747,0.998,0.746,78074900,0.745,84229200,0.744,41379800,0.743,30248900,0.742,19603500,0.747,26145100,0.748,48949700,0.749,41120700,0.750,36569100,0.751,23877700,581,0,0
sh513130,09:35:14,1767749716527,09:36:16,1767749716465,0.747,0.7456,0.1878,5745.74,0.8963,4.1409,1667000,1244565,0.7466,1.006,0.746,78340100,0.745,86311600,0.744,41909800,0.743,30278900,0.742,19710500,0.747,17008900,0.748,48808600,0.749,41245700,0.750,45625600,0.751,23877700,62,0,0
sh513130,09:35:14,1767749717527,09:36:16,1767749717259,0.747,0.7456,0.1878,5745.74,0.8963,4.0676,0,0,0.747,1.0,0.746,78340100,0.745,86311600,0.744,41909800,0.743,30278900,0.742,19710500,0.747,17008900,0.748,48808600,0.749,41245700,0.750,45625600,0.751,23877700,266,0,0
sh513130,09:35:14,1767749718518,09:36:18,1767749718408,0.747,0.7456,0.1878,5747.78,0.8963,3.6884,0,0,0.747,0.991,0.746,78340100,0.745,86311600,0.744,41909800,0.743,30278900,0.742,19710500,0.747,17008900,0.748,48808600,0.749,41245700,0.750,45625600,0.751,23877700,109,0,0
sh513130,09:35:17,1767749719514,09:36:18,1767749718408,0.747,0.7456,0.1878,5747.78,0.8963,3.3547,938500,700940,0.7469,0.997,0.746,90354500,0.745,87167100,0.744,40948000,0.743,20322800,0.742,19798300,0.747,9871800,0.748,48810300,0.749,41275700,0.750,46499500,0.751,23877700,1105,0,0
sh513130,09:35:17,1767749720521,09:36:20,1767749720410,0.747,0.7456,0.1878,5747.37,0.8963,5.0721,0,0,0.747,1.006,0.746,90354500,0.745,87167100,0.744,40948000,0.743,20322800,0.742,19798300,0.747,9871800,0.748,48810300,0.749,41275700,0.750,46499500,0.751,23877700,110,0,0
sh513130,09:35:20,1767749721518,09:36:20,1767749720410,0.747,0.7462,0.1072,5747.37,0.8963,4.8184,9021000,6738630,0.747,0.997,0.747,44481300,0.746,90043000,0.745,86423300,0.744,41323400,0.743,19393600,0.748,48917400,0.749,42275700,0.750,47295500,0.751,23877700,0.752,20401200,1107,0,0
sh513130,09:35:20,1767749722526,09:36:22,1767749722402,0.747,0.7462,0.1072,5751.75,0.8963,5.5661,0,0,0.747,1.008,0.747,44481300,0.746,90043000,0.745,86423300,0.744,41323400,0.743,19393600,0.748,48917400,0.749,42275700,0.750,47295500,0.751,23877700,0.752,20401200,123,0,0
sh513130,09:35:20,1767749723516,09:36:22,1767749722402,0.747,0.7462,0.1072,5751.75,0.8963,5.5357,0,0,0.747,0.99,0.747,44481300,0.746,90043000,0.745,86423300,0.744,41323400,0.743,19393600,0.748,48917400,0.749,42275700,0.750,47295500,0.751,23877700,0.752,20401200,1113,0,0
sh513130,09:35:23,1767749724526,09:36:24,1767749724417,0.748,0.7462,0.2412,5752.17,0.8963,7.4835,928900,693892,0.747,1.011,0.747,62724900,0.746,88996400,0.745,87895900,0.744,32630200,0.743,19401600,0.748,27769200,0.749,50126700,0.750,53454300,0.751,34833700,0.752,19702500,109,0,0
sh513130,09:35:23,1767749725524,09:36:24,1767749724417,0.748,0.7462,0.2412,5752.17,0.8963,6.7289,0,0,0.748,0.998,0.747,62724900,0.746,88996400,0.745,87895900,0.744,32630200,0.743,19401600,0.748,27769200,0.749,50126700,0.750,53454300,0.751,34833700,0.752,19702500,1107,0,0
sh513130,09:35:23,1767749726521,09:36:26,1767749726441,0.748,0.7462,0.2412,5752.92,0.8963,6.1404,0,0,0.748,0.996,0.747,62724900,0.746,88996400,0.745,87895900,0.744,32630200,0.743,19401600,0.748,27769200,0.749,50126700,0.750,53454300,0.751,34833700,0.752,19702500,79,0,0
sh513130,09:35:23,1767749727514,09:36:26,1767749726712,0.748,0.7462,0.2412,5752.92,0.8963,5.9769,0,0,0.748,0.994,0.747,62724900,0.746,88996400,0.745,87895900,0.744,32630200,0.743,19401600,0.748,27769200,0.749,50126700,0.750,53454300,0.751,34833700,0.752,19702500,802,0,0
sh513130,09:35:26,1767749728518,09:36:28,1767749728409,0.747,0.7462,0.1072,5753.33,0.8963,5.4889,1622200,1212152,0.7472,1.003,0.747,67840400,0.746,89365100,0.745,88102800,0.744,32744900,0.743,19472800,0.748,40632800,0.749,44762900,0.750,53406300,0.751,30077700,0.752,19702500,108,0,0
sh513130,09:35:26,1767749729520,09:36:28,1767749729032,0.747,0.7462,0.1072,5753.33,0.8963,5.887,0,0,0.747,1.003,0.747,67840400,0.746,89365100,0.745,88102800,0.744,32744900,0.743,19472800,0.748,40632800,0.749,44762900,0.750,53406300,0.751,30077700,0.752,19702500,487,0,0
sh513130,09:35:29,1767749730516,09:36:30,1767749730423,0.748,0.7469,0.1473,5756.73,0.8963,6.5266,1303000,973965,0.7475,0.996,0.747,79035600,0.746,89727600,0.745,88354000,0.744,23485100,0.743,19475800,0.748,17556200,0.749,53099300,0.750,53382200,0.751,39833700,0.752,19802500,93,0,0
sh513130,09:35:29,1767749731529,09:36:30,1767749731386,0.748,0.7469,0.1473,5756.73,0.8963,7.8417,0,0,0.748,1.013,0.747,79035600,0.746,89727600,0.745,88354000,0.744,23485100,0.743,19475800,0.748,17556200,0.749,53099300,0.750,53382200,0.751,39833700,0.752,19802500,142,0,0
sh513130,09:35:29,1767749732538,09:36:32,1767749732479,0.748,0.7469,0.1473,5757.4,0.8963,6.9823,0,0,0.748,1.009,0.747,79035600,0.746,89727600,0.745,88354000,0.744,23485100,0.743,19475800,0.748,17556200,0.749,53099300,0.750,53382200,0.751,39833700,0.752,19802500,59,0,0
sh513130,09:35:29,1767749733540,09:36:32,1767749732479,0.748,0.7469,0.1473,5757.4,0.8963,6.8662,0,0,0.748,1.001,0.747,79035600,0.746,89727600,0.745,88354000,0.744,23485100,0.743,19475800,0.748,17556200,0.749,53099300,0.750,53382200,0.751,39833700,0.752,19802500,1060,0,0
sh513130,09:35:29,1767749734534,09:36:34,1767749734439,0.748,0.7469,0.1473,5756.74,0.8963,6.7897,0,0,0.748,0.995,0.747,79035600,0.746,89727600,0.745,88354000,0.744,23485100,0.743,19475800,0.748,17556200,0.749,53099300,0.750,53382200,0.751,39833700,0.752,19802500,95,0,0
sh513130,09:35:32,1767749735541,09:36:34,1767749734439,0.748,0.7469,0.1473,5756.74,0.8963,6.7013,33811300,25289773,0.748,1.007,0.747,73232000,0.746,90027000,0.745,87371800,0.744,23496600,0.743,19488800,0.748,6079400,0.749,54651500,0.750,57480100,0.751,39873700,0.752,19823500,1102,0,0
sh513130,09:35:32,1767749736537,09:36:36,1767749736433,0.748,0.7469,0.1473,5754.97,0.8963,5.9494,0,0,0.748,0.996,0.747,73232000,0.746,90027000,0.745,87371800,0.744,23496600,0.743,19488800,0.748,6079400,0.749,54651500,0.750,57480100,0.751,39873700,0.752,19823500,104,0,0
sh513130,09:35:35,1767749737530,09:36:36,1767749736433,0.748,0.7476,0.0535,5754.97,0.8963,5.4197,2061400,1541858,0.748,0.993,0.747,64392400,0.746,90517200,0.745,88494900,0.744,33812400,0.743,19498800,0.748,28645400,0.749,52435200,0.750,57402200,0.751,39901900,0.752,20773600,1097,0,0
sh513130,09:35:35,1767749738542,09:36:38,1767749738463,0.748,0.7476,0.0535,5754.75,0.8963,5.0643,0,0,0.748,1.011,0.747,64392400,0.746,90517200,0.745,88494900,0.744,33812400,0.743,19498800,0.748,28645400,0.749,52435200,0.750,57402200,0.751,39901900,0.752,20773600,78,0,0
sh513130,09:35:38,1767749739529,09:36:38,1767749738463,0.748,0.7476,0.0535,5754.75,0.8963,4.5018,2001000,1496666,0.748,0.988,0.747,67350300,0.746,91035700,0.745,90804200,0.744,33602900,0.743,19673900,0.748,34104400,0.749,50467200,0.750,54960800,0.751,39901900,0.752,21050200,1065,0,0
sh513130,09:35:38,1767749740533,09:36:40,1767749740423,0.748,0.7476,0.0535,5753.27,0.8963,4.7547,0,0,0.748,1.003,0.747,67350300,0.746,91035700,0.745,90804200,0.744,33602900,0.743,19673900,0.748,34104400,0.749,50467200,0.750,54960800,0.751,39901900,0.752,21050200,109,0,0
sh513130,09:35:38,1767749741536,09:36:40,1767749740717,0.748,0.7476,0.0535,5753.27,0.8963,4.6743,0,0,0.748,1.003,0.747,67350300,0.746,91035700,0.745,90804200,0.744,33602900,0.743,19673900,0.748,34104400,0.749,50467200,0.750,54960800,0.751,39901900,0.752,21050200,818,0,0
sh513130,09:35:41,1767749742543,09:36:42,1767749742434,0.748,0.7469,0.1473,5753.43,0.8963,3.6694,2135000,1596898,0.748,1.008,0.747,67916000,0.746,95846000,0.745,92612400,0.744,33812900,0.743,19618800,0.748,46489500,0.749,50541100,0.750,53960800,0.751,24745900,0.752,21050200,108,0,0
sh513130,09:35:41,1767749743543,09:36:42,1767749743046,0.748,0.7469,0.1473,5753.43,0.8963,2.8817,0,0,0.748,1.0,0.747,67916000,0.746,95846000,0.745,92612400,0.744,33812900,0.743,19618800,0.748,46489500,0.749,50541100,0.750,53960800,0.751,24745900,0.752,21050200,496,0,0
sh513130,09:35:41,1767749744539,09:36:44,1767749744403,0.748,0.7469,0.1473,5753.64,0.8963,2.896,0,0,0.748,0.997,0.747,67916000,0.746,95846000,0.745,92612400,0.744,33812900,0.743,19618800,0.748,46489500,0.749,50541100,0.750,53960800,0.751,24745900,0.752,21050200,136,0,0
sh513130,09:35:41,1767749745531,09:36:44,1767749745389,0.748,0.7469,0.1473,5753.64,0.8963,2.8413,0,0,0.748,0.991,0.747,67916000,0.746,95846000,0.745,92612400,0.744,33812900,0.743,19618800,0.748,46489500,0.749,50541100,0.750,53960800,0.751,24745900,0.752,21050200,141,0,0
sh513130,09:35:44,1767749746543,09:36:46,1767749746430,0.748,0.7469,0.1473,5753.65,0.8963,1.5473,1101800,823969,0.7478,1.012,0.747,72761100,0.746,101143600,0.745,99620900,0.744,35767500,0.743,19637300,0.748,43596600,0.749,50540800,0.750,53931500,0.751,24117200,0.752,21050200,112,0,0
sh513130,09:35:44,1767749747534,09:36:46,1767749746430,0.748,0.7469,0.1473,5753.65,0.8963,1.5137,0,0,0.748,0.992,0.747,72761100,0.746,101143600,0.745,99620900,0.744,35767500,0.743,19637300,0.748,43596600,0.749,50540800,0.750,53931500,0.751,24117200,0.752,21050200,1103,0,0
sh513130,09:35:44,1767749748534,09:36:48,1767749748442,0.748,0.7469,0.1473,5753.83,0.8963,2.2891,0,0,0.748,1.0,0.747,72761100,0.746,101143600,0.745,99620900,0.744,35767500,0.743,19637300,0.748,43596600,0.749,50540800,0.750,53931500,0.751,24117200,0.752,21050200,92,0,0
sh513130,09:35:47,1767749749543,09:36:48,1767749748442,0.748,0.7469,0.1473,5753.83,0.8963,2.0199,1578200,1180407,0.7479,1.008,0.747,85531100,0.746,95963200,0.745,98824500,0.744,33770000,0.743,19754800,0.748,42754900,0.749,50784400,0.750,53931500,0.751,24128200,0.752,22050200,1101,0,0
sh513130,09:35:47,1767749750558,09:36:50,1767749750443,0.748,0.7469,0.1473,5754.99,0.8963,5.0557,0,0,0.748,1.015,0.747,85531100,0.746,95963200,0.745,98824500,0.744,33770000,0.743,19754800,0.748,42754900,0.749,50784400,0.750,53931500,0.751,24128200,0.752,22050200,115,0,0
sh513130,09:35:47,1767749751545,09:36:50,1767749750443,0.748,0.7469,0.1473,5754.99,0.8963,5.6304,0,0,0.748,0.988,0.747,85531100,0.746,95963200,0.745,98824500,0.744,33770000,0.743,19754800,0.748,42754900,0.749,50784400,0.750,53931500,0.751,24128200,0.752,22050200,1102,0,0
sh513130,09:35:50,1767749752546,09:36:52,1767749752436,0.748,0.7469,0.1473,5755.36,0.8963,5.5427,1383500,1034779,0.7479,1.001,0.747,97170300,0.746,96253500,0.745,98851500,0.744,23875800,0.743,19742500,0.748,12616100,0.749,55709000,0.750,53943200,0.751,34284200,0.752,22056800,110,0,0
sh513130,09:35:50,1767749753553,09:36:52,1767749752436,0.748,0.7469,0.1473,5755.36,0.8963,6.4004,0,0,0.748,1.006,0.747,97170300,0.746,96253500,0.745,98851500,0.744,23875800,0.743,19742500,0.748,12616100,0.749,55709000,0.750,53943200,0.751,34284200,0.752,22056800,1116,0,0
sh513130,09:35:53,1767749754558,09:36:54,1767749754417,0.748,0.7468,0.1607,5755.5,0.8963,5.5477,3413000,2552543,0.7479,1.005,0.747,98844100,0.746,97655800,0.745,97985600,0.744,23959100,0.743,19765200,0.748,8634600,0.749,60861200,0.750,54608300,0.751,34281200,0.752,22418400,141,0,0
sh513130,09:35:53,1767749755559,09:36:54,1767749754799,0.748,0.7468,0.1607,5755.5,0.8963,5.0508,0,0,0.748,1.001,0.747,98844100,0.746,97655800,0.745,97985600,0.744,23959100,0.743,19765200,0.748,8634600,0.749,60861200,0.750,54608300,0.751,34281200,0.752,22418400,759,0,0
sh513130,09:35:53,1767749756554,09:36:56,1767749756552,0.748,0.7468,0.1607,5755.51,0.8963,5.0097,0,0,0.748,0.996,0.747,98844100,0.746,97655800,0.745,97985600,0.744,23959100,0.743,19765200,0.748,8634600,0.749,60861200,0.750,54608300,0.751,34281200,0.752,22418400,2,0,0
sh513130,09:35:56,1767749757559,09:36:56,1767749757135,0.748,0.7469,0.1473,5755.51,0.8963,6.0037,3975500,2973529,0.748,1.005,0.747,105716500,0.746,98381200,0.745,98156400,0.744,24149100,0.743,18876200,0.748,16460500,0.749,51157600,0.750,54592300,0.751,40117000,0.752,22418400,423,0,0
sh513130,09:35:56,1767749758557,09:36:56,1767749757135,0.748,0.7469,0.1473,5755.51,0.8963,6.1622,0,0,0.748,0.998,0.747,105716500,0.746,98381200,0.745,98156400,0.744,24149100,0.743,18876200,0.748,16460500,0.749,51157600,0.750,54592300,0.751,40117000,0.752,22418400,1421,0,0
sh513130,09:35:56,1767749759559,09:36:58,1767749759498,0.748,0.7469,0.1473,5756.27,0.8963,4.2316,0,0,0.748,1.002,0.747,105716500,0.746,98381200,0.745,98156400,0.744,24149100,0.743,18876200,0.748,16460500,0.749,51157600,0.750,54592300,0.751,40117000,0.752,22418400,61,0,0
sh513130,09:35:56,1767749760551,09:37:00,1767749760503,0.748,0.7469,0.1473,5756.19,0.8963,4.9424,0,0,0.748,0.991,0.747,105716500,0.746,98381200,0.745,98156400,0.744,24149100,0.743,18876200,0.748,16460500,0.749,51157600,0.750,54592300,0.751,40117000,0.752,22418400,47,0,0
sh513130,09:35:59,1767749761559,09:37:00,1767749760503,0.748,0.7475,0.0669,5756.19,0.8963,4.9048,12181600,9111187,0.7479,1.008,0.747,106761700,0.746,99736100,0.745,98591700,0.744,24210500,0.743,18909200,0.748,610900,0.749,58887200,0.750,57601700,0.751,40531200,0.752,22418400,1056,0,0
sh513130,09:35:59,1767749762557,09:37:02,1767749762485,0.748,0.7475,0.0669,5756.49,0.8963,2.0303,0,0,0.748,0.998,0.747,106761700,0.746,99736100,0.745,98591700,0.744,24210500,0.743,18909200,0.748,610900,0.749,58887200,0.750,57601700,0.751,40531200,0.752,22418400,71,0,0
sh513130,09:35:59,1767749763558,09:37:02,1767749762485,0.748,0.7475,0.0669,5756.49,0.8963,4.6563,0,0,0.748,1.001,0.747,106761700,0.746,99736100,0.745,98591700,0.744,24210500,0.743,18909200,0.748,610900,0.749,58887200,0.750,57601700,0.751,40531200,0.752,22418400,1072,0,0
sh513130,09:36:02,1767749764550,09:37:04,1767749764487,0.748,0.7475,0.0669,5758.11,0.8963,4.4646,7027600,5256612,0.748,0.992,0.747,114166300,0.746,99892000,0.745,97826200,0.744,24167700,0.743,18920000,0.748,10209500,0.749,58080800,0.750,53364400,0.751,40531200,0.752,23218400,62,0,0
sh513130,09:36:02,1767749765561,09:37:04,1767749764487,0.748,0.7475,0.0669,5758.11,0.8963,4.3874,0,0,0.748,1.011,0.747,114166300,0.746,99892000,0.745,97826200,0.744,24167700,0.743,18920000,0.748,10209500,0.749,58080800,0.750,53364400,0.751,40531200,0.752,23218400,1073,0,0
sh513130,09:36:02,1767749766570,09:37:06,1767749766431,0.748,0.7475,0.0669,5759.63,0.8963,5.0917,0,0,0.748,1.01,0.747,114166300,0.746,99892000,0.745,97826200,0.744,24167700,0.743,18920000,0.748,10209500,0.749,58080800,0.750,53364400,0.751,40531200,0.752,23218400,139,0,0
sh513130,09:36:02,1767749767564,09:37:06,1767749766597,0.748,0.7475,0.0669,5759.63,0.8963,5.008,0,0,0.748,0.994,0.747,114166300,0.746,99892000,0.745,97826200,0.744,24167700,0.743,18920000,0.748,10209500,0.749,58080800,0.750,53364400,0.751,40531200,0.752,23218400,966,0,0
sh513130,09:36:05,1767749768572,09:37:08,1767749768478,0.748,0.7475,0.0669,5759.79,0.8963,4.4064,6057900,4531309,0.748,1.008,0.748,31955600,0.747,115087300,0.746,94308400,0.745,88969700,0.744,24168400,0.749,58077100,0.750,56398400,0.751,40531200,0.752,23278400,0.753,16807300,94,0,0
sh513130,09:36:08,1767749769571,09:37:08,1767749768940,0.749,0.7475,0.2007,5759.79,0.8963,4.8283,654400,489493,0.748,0.999,0.748,51250900,0.747,110339500,0.746,93473400,0.745,81369100,0.744,24181500,0.749,59259700,0.750,56303400,0.751,40531200,0.752,23278400,0.753,16803300,631,0,0
