symbol,tx_server_time,tx_local_time,index_price,fx_rate,sentiment,price,iopv,premium_rate,tick_vol,tick_amt,tick_vwap,bp1,bv1,bp2,bv2,bp3,bv3,bp4,bv4,bp5,bv5,sp1,sv1,sp2,sv2,sp3,sv3,sp4,sv4,sp5,sv5,idx_delay_ms,fut_delay_ms,data_flags
sh513130,09:30:05,1765330208081,5552.8,0.9072,3.7374,0.731,0.73,0.137,1244500,909154,0.7305,0.73,31147700,0.729,17966500,0.728,38075300,0.727,41327400,0.726,33301800,0.731,13630100,0.732,20312100,0.733,26851700,0.734,25107800,0.735,24377500,545,100,0
sh513130,09:30:08,1765330211092,5553.21,0.9072,2.2276,0.73,0.73,0.0,3090500,2256394,0.7301,0.73,26885200,0.729,19017700,0.728,44456400,0.727,45569600,0.726,35004200,0.731,15565700,0.732,26873800,0.733,36094800,0.734,26207500,0.735,22977800,549,100,0
sh513130,09:30:11,1765330215091,5553.3,0.9072,2.4499,0.731,0.7307,0.0411,1132300,827230,0.7306,0.73,26016300,0.729,23637200,0.728,46915800,0.727,45674000,0.726,35443700,0.731,17249300,0.732,29516200,0.733,39395200,0.734,26209500,0.735,22170800,588,100,0
sh513130,09:30:14,1765330218085,5549.41,0.9072,3.293,0.73,0.7307,-0.0958,845200,617135,0.7302,0.73,26427400,0.729,28612900,0.728,47349700,0.727,41796800,0.726,33345800,0.731,15691100,0.732,29604900,0.733,38490000,0.734,26371200,0.735,23548700,1038,100,0
sh513130,09:30:17,1765330220142,5548.03,0.9072,3.2094,0.731,0.7307,0.0411,1049700,766581,0.7303,0.73,28371600,0.729,27915300,0.728,47938300,0.727,35556500,0.726,32814800,0.731,14177600,0.732,31595900,0.733,40499400,0.734,26606800,0.735,26301700,779,100,0
sh513130,09:30:20,1765330222099,5548.71,0.9072,3.8629,0.731,0.73,0.137,524300,383033,0.7306,0.73,24786000,0.729,25230500,0.728,48704500,0.727,35779200,0.726,37639500,0.731,14971900,0.732,32404300,0.733,31519200,0.734,26606800,0.735,26451700,632,100,0
sh513130,09:30:23,1765330226100,5545.84,0.9072,2.7079,0.731,0.73,0.137,834800,610180,0.7309,0.73,23296600,0.729,27658800,0.728,49175900,0.727,39253600,0.726,38305300,0.731,21979700,0.732,34467600,0.733,27869600,0.734,25609400,0.735,28527700,1376,100,0
sh513130,09:30:26,1765330229117,5543.22,0.9072,3.4514,0.731,0.7293,0.2331,2288900,1672917,0.7309,0.73,23311400,0.729,24071400,0.728,36406700,0.727,43280000,0.726,39577600,0.731,30654900,0.732,22470100,0.733,27876600,0.734,25929400,0.735,29116000,104,100,0
sh513130,09:30:29,1765330231131,5542.25,0.9072,1.9795,0.731,0.7293,0.2331,5644100,4121087,0.7302,0.73,19387400,0.729,23797200,0.728,36466800,0.727,36941300,0.726,39722600,0.731,32959200,0.732,23512500,0.733,28928600,0.734,26375400,0.735,27256200,609,100,0
sh513130,09:30:32,1765330235120,5539.63,0.9072,4.7232,0.731,0.7293,0.2331,21663400,15816100,0.7301,0.73,136700,0.729,24765600,0.728,38280100,0.727,34981700,0.726,39892600,0.731,25316900,0.732,23634500,0.733,29083500,0.734,26387000,0.735,27396700,631,100,0
sh513130,09:30:35,1765330237123,5540.32,0.9072,4.3748,0.73,0.7287,0.1784,3079500,2248049,0.73,0.729,21590000,0.728,38462600,0.727,36133600,0.726,40058300,0.725,40480200,0.73,20859700,0.731,26210400,0.732,23413400,0.733,29738900,0.734,27427400,460,100,0
sh513130,09:30:38,1765330241122,5540.81,0.9072,6.1395,0.73,0.7287,0.1784,920600,672018,0.73,0.729,22484900,0.728,36458100,0.727,48147100,0.726,41168300,0.725,44598700,0.73,24981100,0.731,40059500,0.732,35587200,0.733,29755800,0.734,27429400,614,100,0
sh513130,09:30:41,1765330243121,5539.44,0.9072,4.5443,0.73,0.7287,0.1784,1237100,903055,0.73,0.729,21507500,0.728,32161600,0.727,47118100,0.726,53169900,0.725,48998700,0.73,41548600,0.731,40038600,0.732,22689700,0.733,28848200,0.734,24429400,622,100,0
sh513130,09:30:44,1765330247124,5537.59,0.9072,4.2717,0.73,0.7287,0.1784,412700,301231,0.7299,0.729,21405200,0.728,33261800,0.727,47153400,0.726,53199400,0.725,49048700,0.73,43392500,0.731,42017300,0.732,21857200,0.733,28861200,0.734,24442400,569,100,0
sh513130,09:30:47,1765330250132,5536.73,0.9072,6.3728,0.73,0.7293,0.096,1453600,1060862,0.7298,0.729,21333900,0.728,44128600,0.727,57155600,0.726,63282300,0.725,49549700,0.73,50341000,0.731,48888100,0.732,28777200,0.733,28942200,0.734,24442300,1629,100,0
sh513130,09:30:50,1765330252151,5537.24,0.9072,5.3072,0.729,0.728,0.1374,1464200,1067577,0.7291,0.729,19582300,0.728,52411400,0.727,57310400,0.726,63532300,0.725,42169700,0.73,54000300,0.731,49092500,0.732,28758100,0.733,26063100,0.734,24442300,1586,100,0
sh513130,09:30:53,1765330256142,5535.8,0.9072,3.7119,0.729,0.728,0.1374,2841300,2072236,0.7293,0.729,17947800,0.728,53288500,0.727,57310400,0.726,63537300,0.725,42141600,0.73,54065000,0.731,48235000,0.732,28919600,0.733,27013200,0.734,24442300,1268,100,0
sh513130,09:30:56,1765330258151,5536.06,0.9072,3.7119,0.73,0.7287,0.1784,2015900,1469689,0.729,0.729,16653900,0.728,54286200,0.727,57382300,0.726,63537400,0.725,42412500,0.73,57415300,0.731,47721400,0.732,28919600,0.733,27165000,0.734,24452300,1122,100,0
sh513130,09:30:59,1765330262156,5537.71,0.9072,3.471,0.73,0.7287,0.1784,1931500,1408402,0.7292,0.729,15283900,0.728,55273600,0.727,57400000,0.726,63537400,0.725,42421300,0.73,58145900,0.731,47026100,0.732,28987600,0.733,27128800,0.734,24452300,827,100,0
sh513130,09:31:02,1765330265160,5536.89,0.9072,2.7106,0.729,0.7287,0.0412,3339900,2434857,0.729,0.729,14219200,0.728,64695300,0.727,57400700,0.726,63537400,0.725,42448300,0.73,67500500,0.731,46931600,0.732,29021100,0.733,26401000,0.734,25452300,694,100,0
sh513130,09:31:05,1765330268163,5536.29,0.9072,2.026,0.729,0.7287,0.0412,14508000,10576330,0.729,0.728,58179300,0.727,46760000,0.726,63432500,0.725,54879400,0.724,23439000,0.729,12794600,0.73,58843700,0.731,43645100,0.732,29110600,0.733,24354100,372,100,0
sh513130,09:31:08,1765330271187,5536.3,0.9072,2.2975,0.729,0.7287,0.0412,129100,94114,0.729,0.728,58770400,0.727,45770200,0.726,62439100,0.725,61880000,0.724,23443200,0.729,24509100,0.73,59660900,0.731,43481200,0.732,21460600,0.733,24434100,684,100,0
sh513130,09:31:11,1765330274183,5536.22,0.9072,2.2718,0.728,0.7282,-0.0275,1431900,1043796,0.729,0.728,59796300,0.727,57771700,0.726,62427600,0.725,49909400,0.724,23413200,0.729,19363200,0.73,59747000,0.731,43244400,0.732,28653400,0.733,24434100,1702,100,0
sh513130,09:31:14,1765330276175,5536.7,0.9072,3.7425,0.729,0.7282,0.1099,2429500,1770809,0.7289,0.728,69317900,0.727,57882300,0.726,63478200,0.725,42534200,0.724,23418300,0.729,12401500,0.73,67057100,0.731,42860900,0.732,28653400,0.733,27467900,1644,100,0
sh513130,09:31:17,1765330280183,5537.43,0.9072,2.6626,0.729,0.7282,0.1099,1082800,788631,0.7283,0.728,62380000,0.727,57945400,0.726,63473200,0.725,50025500,0.724,23846500,0.729,15610600,0.73,67021600,0.731,42776700,0.732,28638300,0.733,25468100,1633,100,0
sh513130,09:31:20,1765330283188,5536.87,0.9072,1.013,0.729,0.7289,0.0137,1239700,903046,0.7284,0.728,64765800,0.727,58033300,0.726,63447200,0.725,50143200,0.724,23846500,0.729,16311500,0.73,66834100,0.731,42725200,0.732,28638300,0.733,24468100,350,100,0
sh513130,09:31:23,1765330286179,5536.21,0.9072,6.5609,0.729,0.7289,0.0137,129800,94581,0.7287,0.728,65969800,0.727,46039400,0.726,62574300,0.725,63158300,0.724,23896500,0.729,41919200,0.73,58042500,0.731,30715800,0.732,21673000,0.733,24468100,1193,100,0
sh513130,09:31:26,1765330289188,5537.45,0.9072,7.5487,0.728,0.7289,-0.1235,339400,247320,0.7287,0.728,67340400,0.727,58109800,0.726,63638000,0.725,51401500,0.724,23896500,0.729,14574300,0.73,65935100,0.731,42577900,0.732,28675000,0.733,24458800,723,100,0
sh513130,09:31:29,1765330292200,5537.1,0.9072,3.0532,0.728,0.7289,-0.1235,451800,329119,0.7285,0.728,75660200,0.727,58173000,0.726,63655000,0.725,44120200,0.724,23906500,0.729,10557600,0.73,66333200,0.731,42580300,0.732,28625000,0.733,24528600,745,100,0
sh513130,09:31:32,1765330294200,5537.73,0.9072,3.3952,0.729,0.7282,0.1099,776700,566014,0.7287,0.728,76632200,0.727,59273900,0.726,63675700,0.725,44280200,0.724,23930000,0.729,10550100,0.73,65868300,0.731,42630300,0.732,29313300,0.733,24528600,580,100,0
sh513130,09:31:35,1765330297197,5538.18,0.9072,1.9677,0.729,0.7289,0.0137,1881600,1370100,0.7282,0.728,79101800,0.727,60304100,0.726,63687500,0.725,43332200,0.724,23930000,0.729,10825100,0.73,65978300,0.731,41580300,0.732,29262500,0.733,24510400,681,100,0
sh513130,09:31:38,1765330301240,5536.7,0.9072,2.963,0.728,0.7289,-0.1235,1186400,864823,0.7289,0.728,81119400,0.727,58685400,0.726,63789500,0.725,44362700,0.724,23930000,0.729,12418900,0.73,51708300,0.731,42860200,0.732,29283500,0.733,24510400,772,100,0
sh513130,09:31:41,1765330303204,5536.86,0.9072,3.7382,0.728,0.7296,-0.2193,1663300,1212502,0.729,0.728,76066000,0.727,58705400,0.726,63820500,0.725,51785000,0.724,23937000,0.729,13735300,0.73,51739800,0.731,42677500,0.732,29110700,0.733,22530600,603,100,0
sh513130,09:31:44,1765330307256,5534.68,0.9072,1.9219,0.728,0.7296,-0.2193,1126200,820669,0.7287,0.728,76334700,0.727,48694200,0.726,63983100,0.725,67034600,0.724,23987000,0.729,43048200,0.73,43180900,0.731,30709900,0.732,22110700,0.733,22547900,744,100,0
sh513130,09:31:47,1765330309234,5534.39,0.9072,3.9951,0.728,0.7289,-0.1235,221900,161607,0.7283,0.728,76336400,0.727,49629800,0.726,63071100,0.725,67040800,0.724,24013300,0.729,43764100,0.73,45042100,0.731,30709900,0.732,22167200,0.733,22547900,570,100,0
sh513130,09:31:50,1765330312232,5532.49,0.9072,3.0929,0.728,0.7282,-0.0275,58100,42305,0.7281,0.728,39699400,0.727,58769800,0.726,63108900,0.725,77058800,0.724,27043000,0.729,48643600,0.73,45112100,0.731,28374100,0.732,17102300,0.733,21551000,1418,100,0
sh513130,09:31:53,1765330315249,5532.31,0.9072,4.07,0.729,0.7282,0.1099,482000,351069,0.7284,0.728,39495700,0.727,59705100,0.726,64144000,0.725,77083300,0.724,27065000,0.729,51654000,0.73,45162100,0.731,28374100,0.732,17138300,0.733,21743800,133,100,0
sh513130,09:31:56,1765330318232,5531.83,0.9072,3.8564,0.729,0.7282,0.1099,300600,218917,0.7283,0.728,39545000,0.727,60805200,0.726,64194500,0.725,77083400,0.724,27065000,0.729,56153100,0.73,45342100,0.731,28409600,0.732,17138300,0.733,21745800,967,100,0
sh513130,09:31:59,1765330323239,5528.95,0.9072,6.0239,0.728,0.7282,-0.0275,1508300,1098052,0.728,0.728,35437200,0.727,61794100,0.726,64279500,0.725,77222600,0.724,27070000,0.729,57471500,0.73,45256700,0.731,28409700,0.732,17114900,0.733,21745800,723,100,0
sh513130,09:32:02,1765330325239,5528.53,0.9072,5.6948,0.728,0.7282,-0.0275,30698300,22348392,0.728,0.727,61885900,0.726,64629500,0.725,77242700,0.724,28502600,0.723,25098900,0.728,35828300,0.729,44684200,0.73,44276500,0.731,25406600,0.732,17014900,789,100,0
sh513130,09:32:05,1765330328254,5529.02,0.9072,5.5047,0.728,0.7276,0.055,2269500,1652190,0.728,0.727,58794200,0.726,64712900,0.725,77335100,0.724,35072900,0.723,25107900,0.728,35111900,0.729,52182500,0.73,45309000,0.731,25779600,0.732,16970400,230,100,0
sh513130,09:32:08,1765330331253,5529.33,0.9072,5.5036,0.728,0.7276,0.055,2379500,1732091,0.7279,0.727,59584000,0.726,63742900,0.725,77379700,0.724,35072900,0.723,24538100,0.728,36264100,0.729,52225900,0.73,45397200,0.731,25779600,0.732,16870400,743,100,0
sh513130,09:32:11,1765330333266,5528.86,0.9072,4.7558,0.728,0.7276,0.055,325400,236805,0.7277,0.727,60140800,0.726,63745400,0.725,77386900,0.724,35066100,0.723,24543100,0.728,38613900,0.729,52397800,0.73,45282900,0.731,25822900,0.732,16870400,778,100,0
sh513130,09:32:14,1765330337266,5526.96,0.9072,4.2711,0.728,0.7276,0.055,361200,262904,0.7279,0.727,52675300,0.726,51847200,0.725,76526900,0.724,47083700,0.723,24593200,0.728,70894100,0.729,44769900,0.73,33254200,0.731,15167100,0.732,16870400,639,100,0
sh513130,09:32:17,1765330340289,5527.36,0.9072,5.6242,0.727,0.7276,-0.0825,237400,172786,0.7278,0.727,53309400,0.726,51854200,0.725,77718200,0.724,47096700,0.723,24598200,0.728,71261000,0.729,46820800,0.73,34244200,0.731,20284100,0.732,16863400,1510,100,0
sh513130,09:32:20,1765330342281,5527.45,0.9072,3.8044,0.728,0.727,0.1376,1600800,1165056,0.7278,0.727,53726400,0.726,52280100,0.725,78066500,0.724,41384100,0.723,24609800,0.728,38976000,0.729,55758900,0.73,35433500,0.731,27733900,0.732,16863400,1348,100,0
sh513130,09:32:23,1765330347273,5527.46,0.9072,3.1763,0.727,0.727,0.0,385300,280367,0.7277,0.727,57046400,0.726,64431400,0.725,78208300,0.724,35487200,0.723,24807700,0.728,38983900,0.729,56331800,0.73,47461100,0.731,27257900,0.732,16864200,782,100,0
sh513130,09:32:26,1765330349298,5528.42,0.9072,2.8908,0.727,0.727,0.0,1789000,1301958,0.7278,0.727,58196000,0.726,64774700,0.725,78004200,0.724,35604500,0.723,25245900,0.728,38502800,0.729,56784900,0.73,47452200,0.731,27498000,0.732,16865200,849,100,0
sh513130,09:32:29,1765330351282,5528.49,0.9072,3.6958,0.728,0.727,0.1376,700700,509455,0.7271,0.727,60032300,0.726,65001500,0.725,78032000,0.724,35704500,0.723,24824700,0.728,40111000,0.729,55523100,0.73,47737500,0.731,27498000,0.732,16915200,826,100,0
sh513130,09:32:32,1765330354293,5527.94,0.9072,4.7317,0.728,0.727,0.1376,1151700,837576,0.7273,0.727,60440500,0.726,53016900,0.725,77503900,0.724,47917300,0.723,24888700,0.728,69930400,0.729,47344600,0.73,35739900,0.731,20492000,0.732,17034400,453,100,0
sh513130,09:32:35,1765330358298,5527.71,0.9072,2.9534,0.728,0.727,0.1376,1482900,1079142,0.7277,0.727,61148000,0.726,53386300,0.725,79057600,0.724,47942300,0.723,24898700,0.728,53503800,0.729,55349200,0.73,35790700,0.731,27515600,0.732,17036400,157,100,0
sh513130,09:32:38,1765330360294,5526.41,0.9072,1.6698,0.727,0.727,0.0,1400500,1018484,0.7272,0.727,61950900,0.726,53579000,0.725,79397700,0.724,47955300,0.723,24898700,0.728,73254800,0.729,46667700,0.73,35757500,0.731,17127400,0.732,17166400,5,100,0
sh513130,09:32:41,1765330364313,5526.21,0.9072,4.2109,0.727,0.7277,-0.0962,329100,239292,0.7271,0.727,63045700,0.726,53730400,0.725,79458000,0.724,47955400,0.723,24930200,0.728,75781500,0.729,46557500,0.73,34795900,0.731,17106000,0.732,17166400,1852,100,0
sh513130,09:32:44,1765330367315,5524.57,0.9072,2.8505,0.728,0.7277,0.0412,82200,59798,0.7275,0.727,35553600,0.726,62540500,0.725,78505900,0.724,58104000,0.723,27942900,0.728,79201800,0.729,45355100,0.73,28805700,0.731,17106000,0.732,17166400,543,100,0
sh513130,09:32:47,1765330371332,5524.63,0.9072,2.7391,0.727,0.7277,-0.0962,514000,373923,0.7275,0.727,35740000,0.726,62499100,0.725,78681500,0.724,59104000,0.723,27942900,0.728,79175500,0.729,46455100,0.73,28792900,0.731,17106000,0.732,17166400,243,100,0
sh513130,09:32:50,1765330373318,5524.0,0.9072,-0.7471,0.727,0.727,0.0,336000,244279,0.727,0.727,34666100,0.726,63979200,0.725,78912000,0.724,59304000,0.723,28204700,0.728,80010600,0.729,46463800,0.73,28013700,0.731,17106000,0.732,17166400,71,100,0
sh513130,09:32:53,1765330376331,5523.59,0.9072,0.333,0.727,0.727,0.0,2219800,1613856,0.727,0.727,31971300,0.726,65406000,0.725,79609800,0.724,59304000,0.723,28214700,0.728,82150300,0.729,46428400,0.73,28163700,0.731,17106000,0.732,17161900,941,100,0
sh513130,09:32:56,1765330379333,5521.71,0.9072,4.98,0.727,0.727,0.0,4641100,3374445,0.7271,0.727,23279500,0.726,66460300,0.725,79936900,0.724,59304000,0.723,28219700,0.728,84633100,0.729,46409400,0.73,27916700,0.731,17046200,0.732,17190100,819,100,0
sh513130,09:32:59,1765330381338,5522.11,0.9072,3.7173,0.727,0.727,0.0,24033100,17472064,0.727,0.726,62519400,0.725,80327200,0.724,59462600,0.723,35640500,0.722,18236800,0.727,13079300,0.728,80393700,0.729,46535100,0.73,28005300,0.731,16845700,859,100,0
sh513130,09:33:02,1765330384338,5521.74,0.9072,7.0981,0.728,0.7263,0.2341,15336000,11149382,0.727,0.727,9870100,0.726,71004900,0.725,80509200,0.724,59512300,0.723,28327200,0.728,81948700,0.729,46454300,0.73,28005300,0.731,16845700,0.732,17179500,320,100,0
sh513130,09:33:05,1765330387363,5521.19,0.9072,6.3788,0.727,0.727,0.0,14513200,10551105,0.727,0.726,72324200,0.725,80499100,0.724,59468500,0.723,28342400,0.722,18263600,0.727,2567900,0.728,71881700,0.729,46467000,0.73,27484900,0.731,16848900,833,100,0
sh513130,09:33:08,1765330390353,5521.88,0.9072,7.1957,0.727,0.727,0.0,204000,148308,0.727,0.726,70227200,0.725,80998400,0.724,59532100,0.723,31343500,0.722,18292300,0.727,6574300,0.728,71979600,0.729,46776800,0.73,27485000,0.731,16408900,1841,100,0
sh513130,09:33:11,1765330394357,5521.76,0.9072,7.714,0.727,0.727,0.0,6725300,4889110,0.727,0.726,71060300,0.725,81165600,0.724,59590800,0.723,31345500,0.722,19582500,0.727,384200,0.728,72198200,0.729,46793500,0.73,27588000,0.731,16408900,1645,100,0
sh513130,09:33:14,1765330396369,5520.35,0.9072,6.9558,0.726,0.727,-0.1376,4111500,2988519,0.7269,0.726,71677100,0.725,81202800,0.724,59590800,0.723,31852400,0.722,19619800,0.727,16051300,0.728,71268600,0.729,47139500,0.73,27588200,0.731,16907500,1565,100,0
sh513130,09:33:17,1765330399365,5519.16,0.9072,5.4408,0.727,0.727,0.0,2174200,1580274,0.7268,0.726,68843000,0.725,69258100,0.724,59668700,0.723,36272800,0.722,19620900,0.727,27478500,0.728,69058200,0.729,34121900,0.73,27678200,0.731,17010900,261,100,0
sh513130,09:33:20,1765330402386,5518.53,0.9072,3.3258,0.726,0.727,-0.1376,3985600,2897123,0.7269,0.726,70070200,0.725,81515800,0.724,59830000,0.723,36313300,0.722,19814900,0.727,15004900,0.728,67788200,0.729,46032800,0.73,27678200,0.731,17040900,1125,100,0
sh513130,09:33:23,1765330406386,5519.71,0.9072,3.0231,0.727,0.727,0.0,4446000,3231123,0.7267,0.726,70088900,0.725,69620500,0.724,59386300,0.723,48296900,0.722,21650500,0.727,22227200,0.728,68104000,0.729,34665200,0.73,27367800,0.731,17925200,826,100,0
sh513130,09:33:26,1765330409372,5518.17,0.9072,3.921,0.726,0.7263,-0.0413,558000,405389,0.7265,0.726,59509500,0.725,70018800,0.724,58624300,0.723,48339900,0.722,21653300,0.727,44368500,0.728,59470200,0.729,34665200,0.73,17373800,0.731,18010200,895,100,0
sh513130,09:33:29,1765330411400,5518.49,0.9072,3.0109,0.726,0.7263,-0.0413,211900,153977,0.7266,0.726,61829200,0.725,70331000,0.724,60203600,0.723,48363900,0.722,22418100,0.727,48266500,0.728,59893400,0.729,34145200,0.73,17774300,0.731,18020200,967,100,0
sh513130,09:33:32,1765330414389,5518.41,0.9072,3.4273,0.727,0.7264,0.0826,95800,69587,0.7264,0.726,60541700,0.725,70749500,0.724,60222400,0.723,48837400,0.722,22909300,0.727,49005200,0.728,59670100,0.729,34232600,0.73,17874300,0.731,18022200,225,100,0
sh513130,09:33:35,1765330417398,5515.09,0.9072,1.993,0.727,0.7257,0.1791,660500,479826,0.7265,0.726,41601400,0.725,80925400,0.724,60354400,0.723,58851400,0.722,22914600,0.727,53394100,0.728,59173600,0.729,26365800,0.73,17574300,0.731,17522300,904,100,0
sh513130,09:33:38,1765330420400,5515.35,0.9072,4.566,0.727,0.7257,0.1791,62000,45047,0.7266,0.726,42680200,0.725,82437500,0.724,61423900,0.723,59961900,0.722,34939500,0.727,61255700,0.728,58565600,0.729,37837500,0.73,30071900,0.731,17293700,20,100,0
sh513130,09:33:41,1765330424418,5514.76,0.9072,2.2913,0.727,0.7257,0.1791,554100,402380,0.7262,0.726,60925500,0.725,75604300,0.724,61512600,0.723,49993900,0.722,35059800,0.727,63504200,0.728,58070000,0.729,37813800,0.73,30521900,0.731,16617500,15,100,0
sh513130,09:33:44,1765330426424,5514.82,0.9072,1.4875,0.727,0.7257,0.1791,168600,122495,0.7265,0.726,43846600,0.725,84469600,0.724,62021400,0.723,61084300,0.722,35095000,0.727,66116300,0.728,57977000,0.729,37867800,0.73,30522900,0.731,16617500,19,100,0
sh513130,09:33:44,1765330428420,5514.13,0.9072,1.6191,0.727,0.7257,0.1791,168600,122495,0.7265,0.726,43846600,0.725,84469600,0.724,62021400,0.723,61084300,0.722,35095000,0.727,66116300,0.728,57977000,0.729,37867800,0.73,30522900,0.731,16617500,24,100,0
sh513130,09:33:47,1765330429408,5514.13,0.9072,3.2451,0.727,0.7264,0.0826,348800,253299,0.7262,0.726,64976900,0.725,76812100,0.724,62415600,0.723,51119100,0.722,35106500,0.727,68439600,0.728,58002500,0.729,37917800,0.73,30472900,0.731,16617500,175,100,0
sh513130,09:33:50,1765330432428,5514.08,0.9072,2.7407,0.727,0.7263,0.0964,820100,596036,0.7268,0.726,44714200,0.725,91819300,0.724,67495600,0.723,66119100,0.722,35541600,0.727,78222500,0.728,61912500,0.729,42917800,0.73,30044300,0.731,16392400,1016,100,0
sh513130,09:33:53,1765330435433,5514.04,0.9072,1.1451,0.726,0.7263,-0.0413,300100,218036,0.7265,0.726,45056100,0.725,93311000,0.724,78522900,0.723,78156800,0.722,47545100,0.727,80185000,0.728,61950500,0.729,42922800,0.73,30044300,0.731,16392400,905,100,0
sh513130,09:33:56,1765330438447,5513.92,0.9072,1.592,0.726,0.7263,-0.0413,4435500,3220211,0.726,0.726,40635900,0.725,94418200,0.724,78521400,0.723,78328800,0.722,47565400,0.727,81912500,0.728,62021900,0.729,42911800,0.73,30044300,0.731,16392400,42,100,0
sh513130,09:33:59,1765330441439,5513.26,0.9072,2.4511,0.727,0.7263,0.0964,1103100,801006,0.7261,0.726,41979500,0.725,95234800,0.724,78567800,0.723,78332600,0.722,47685500,0.727,83336600,0.728,61776200,0.729,42970400,0.73,29058300,0.731,16392400,946,100,0
sh513130,09:34:02,1765330444428,5513.92,0.9072,2.8552,0.727,0.7257,0.1791,451400,327848,0.7263,0.726,41792500,0.725,96743000,0.724,79601400,0.723,79047000,0.722,47760300,0.727,95139300,0.728,73810200,0.729,49979000,0.73,29058300,0.731,16395000,40,100,0
sh513130,09:34:05,1765330448447,5516.78,0.9072,4.9861,0.727,0.7264,0.0826,753900,547361,0.726,0.726,60150000,0.725,89818900,0.724,79648700,0.723,69631700,0.722,47814800,0.727,96628900,0.728,73710200,0.729,50916300,0.73,29195400,0.731,16395000,63,100,0
sh513130,09:34:08,1765330451438,5518.18,0.9072,8.0666,0.726,0.7264,-0.0551,287900,209051,0.7261,0.726,72947500,0.725,112764700,0.724,79728700,0.723,59262700,0.722,47076900,0.727,41384400,0.728,86047200,0.729,55914900,0.73,51593000,0.731,16405000,616,100,0
sh513130,09:34:11,1765330453463,5519.74,0.9072,7.1525,0.727,0.7264,0.0826,1147600,834285,0.727,0.726,77772700,0.725,112886400,0.724,79803600,0.723,56283600,0.722,47091900,0.727,37619300,0.728,86032000,0.729,56865300,0.73,51614000,0.731,16505000,488,100,0
sh513130,09:34:14,1765330456460,5519.44,0.9072,6.0732,0.726,0.7264,-0.0551,422400,306911,0.7266,0.726,75511100,0.725,113039200,0.724,79883000,0.723,60163600,0.722,47091900,0.727,40612300,0.728,86606400,0.729,56900800,0.73,51684300,0.731,17005000,25,100,0
sh513130,09:34:17,1765330459472,5518.54,0.9072,3.6447,0.726,0.7264,-0.0551,1232400,894856,0.7261,0.726,72559600,0.725,89171300,0.724,79007200,0.723,64642200,0.722,47175700,0.727,60198100,0.728,74958800,0.729,54911400,0.73,41684300,0.731,17005000,41,100,0
sh513130,09:34:20,1765330463488,5518.87,0.9072,3.4976,0.727,0.727,0.0,566100,411142,0.7263,0.726,73297900,0.725,112812700,0.724,80260200,0.723,64627200,0.722,47186900,0.727,40024500,0.728,82929300,0.729,54911400,0.73,52182900,0.731,17413200,993,100,0
sh513130,09:34:23,1765330465462,5520.04,0.9072,3.6411,0.727,0.727,0.0,844300,613471,0.7266,0.726,76831000,0.725,112782400,0.724,80330200,0.723,62623200,0.722,47196900,0.727,37865300,0.728,82829300,0.729,54891400,0.73,52192900,0.731,17413200,773,100,0
sh513130,09:34:26,1765330468464,5519.08,0.9072,2.7085,0.726,0.727,-0.1376,981800,713280,0.7265,0.726,74239300,0.725,113024000,0.724,80293200,0.723,64656600,0.722,47437000,0.727,35224300,0.728,82889100,0.729,54849800,0.73,52292900,0.731,17413200,50,100,0
sh513130,09:34:29,1765330471481,5518.27,0.9072,1.7608,0.726,0.727,-0.1376,577900,419651,0.7262,0.726,75063000,0.725,89118300,0.724,80418200,0.723,64686600,0.722,47461100,0.727,50193400,0.728,74385900,0.729,54849800,0.73,52232900,0.731,17413200,788,100,0
sh513130,09:34:32,1765330474479,5518.44,0.9072,1.1261,0.726,0.727,-0.1376,447000,324635,0.7263,0.726,76967500,0.725,89257100,0.724,80428800,0.723,64807500,0.722,47461100,0.727,60033500,0.728,74450800,0.729,54949800,0.73,45232900,0.731,17413200,47,100,0
sh513130,09:34:35,1765330477480,5518.82,0.9072,1.473,0.726,0.7264,-0.0551,773500,561826,0.7263,0.726,77445700,0.725,89374000,0.724,79475900,0.723,64840100,0.722,47527300,0.727,64961000,0.728,74865600,0.729,54949800,0.73,42232900,0.731,17413200,793,100,0
sh513130,09:34:38,1765330481488,5517.68,0.9072,1.5528,0.727,0.7264,0.0826,227000,164928,0.7266,0.726,77762900,0.725,89529900,0.724,79587000,0.723,64892100,0.722,47528700,0.727,64993500,0.728,75870200,0.729,54949800,0.73,42232900,0.731,17413200,496,100,0
sh513130,09:34:41,1765330483500,5518.69,0.9072,3.0017,0.727,0.7264,0.0826,352800,256442,0.7269,0.726,71509000,0.725,89680700,0.724,79690800,0.723,66140300,0.722,47547400,0.727,67864400,0.728,75703400,0.729,54949800,0.73,42332900,0.731,17413200,372,100,0
sh513130,09:34:44,1765330486506,5517.03,0.9072,4.4868,0.727,0.7264,0.0826,979200,711867,0.727,0.726,72390500,0.725,90586500,0.724,82790500,0.723,66130200,0.722,47726600,0.727,70246700,0.728,75703400,0.729,54949800,0.73,42386900,0.731,17813200,30,100,0
sh513130,09:34:47,1765330489498,5516.88,0.9072,4.3399,0.726,0.7264,-0.0551,642200,466668,0.7267,0.726,73557500,0.725,91760900,0.724,82813500,0.723,66121500,0.722,47727600,0.727,70367400,0.728,76041600,0.729,54949800,0.73,42058100,0.731,17823600,1018,100,0
sh513130,09:34:50,1765330492517,5516.62,0.9072,2.9333,0.727,0.7264,0.0826,107500,78087,0.7264,0.726,75311400,0.725,92813100,0.724,82813500,0.723,67172600,0.722,47729600,0.727,72583700,0.728,76091600,0.729,54949800,0.73,42065200,0.731,17818600,56,100,0
sh513130,09:34:53,1765330496528,5515.74,0.9072,4.9467,0.727,0.7264,0.0826,434900,316102,0.7268,0.726,58464100,0.725,102537900,0.724,82755900,0.723,79208900,0.722,49730500,0.727,72096500,0.728,76118300,0.729,54949800,0.73,42075900,0.731,17818600,107,100,0
sh513130,09:34:56,1765330498503,5516.42,0.9072,5.8401,0.727,0.7264,0.0826,166100,120695,0.7266,0.726,62299000,0.725,95198300,0.724,82407500,0.723,79278900,0.722,50752000,0.727,72141400,0.728,76118300,0.729,54950800,0.73,42079900,0.731,17818600,33,100,0
sh513130,09:34:59,1765330501515,5516.18,0.9072,5.1128,0.727,0.7264,0.0826,136400,99146,0.7269,0.726,67674600,0.725,96614000,0.724,82558000,0.723,79291900,0.722,50767000,0.727,72197100,0.728,76099300,0.729,54950800,0.73,42079900,0.731,17818600,1005,100,0
sh513130,09:35:02,1765330505518,5514.13,0.9072,4.6115,0.727,0.7257,0.1791,421300,305983,0.7263,0.726,51323000,0.725,107173100,0.724,74569900,0.723,71103500,0.722,42927100,0.727,75707100,0.728,77099300,0.729,54950800,0.73,44495100,0.731,17818600,813,100,0
sh513130,09:35:05,1765330507567,5515.3,0.9072,6.6046,0.727,0.7257,0.1791,9398300,6823377,0.726,0.726,46878300,0.725,107850500,0.724,75666900,0.723,76010000,0.722,42928100,0.727,88163000,0.728,69100900,0.729,46952400,0.73,36486700,0.731,17818600,699,100,0
sh513130,09:35:08,1765330510518,5515.86,0.9072,3.8506,0.727,0.7257,0.1791,365200,265190,0.7262,0.726,47414300,0.725,108850200,0.724,74671900,0.723,76021000,0.722,43050000,0.727,88192900,0.728,69028000,0.729,46501900,0.73,36879600,0.731,17818600,1,100,0
sh513130,09:35:11,1765330514535,5513.99,0.9072,5.8317,0.727,0.7257,0.1791,2398800,1741878,0.7261,0.726,66229600,0.725,101473200,0.724,75726900,0.723,65021000,0.722,43050100,0.727,87128800,0.728,68911800,0.729,46458700,0.73,36879600,0.731,18018600,43,100,0
sh513130,09:35:14,1765330517531,5514.22,0.9072,4.11,0.727,0.7257,0.1791,827100,600626,0.7262,0.726,45247300,0.725,111234800,0.724,74881400,0.723,76021000,0.722,43060100,0.727,88251700,0.728,68957300,0.729,46598700,0.73,36479600,0.731,18018600,1100,100,0
sh513130,09:35:17,1765330519531,5514.95,0.9072,4.5916,0.726,0.7264,-0.0551,854400,620391,0.7261,0.726,54624300,0.725,103514800,0.724,76069400,0.723,76580300,0.722,43621900,0.727,89381900,0.728,68960300,0.729,46598700,0.73,36886800,0.731,18018600,1087,100,0
sh513130,09:35:20,1765330522531,5514.95,0.9072,2.1848,0.727,0.7257,0.1791,336400,244301,0.7262,0.726,61529700,0.725,103525400,0.724,75921600,0.723,71580300,0.722,43644000,0.727,89681800,0.728,69014800,0.729,47104700,0.73,36908200,0.731,18018900,70,100,0
sh513130,09:35:23,1765330526550,5514.75,0.9072,1.6552,0.727,0.7257,0.1791,97600,70888,0.7263,0.726,61662000,0.725,103672100,0.724,77803600,0.723,71591000,0.722,43645500,0.727,90513800,0.728,69014800,0.729,47104700,0.73,36908200,0.731,17917900,53,100,0
sh513130,09:35:26,1765330528566,5515.63,0.9072,1.6504,0.727,0.7264,0.0826,127300,92469,0.7264,0.726,62369600,0.725,103830600,0.724,77686600,0.723,71634300,0.722,43661600,0.727,92015700,0.728,68981500,0.729,47144000,0.73,36399000,0.731,17917900,18,100,0
sh513130,09:35:29,1765330531562,5515.15,0.9072,1.4254,0.727,0.7264,0.0826,452600,328980,0.7269,0.726,62860000,0.725,103963500,0.724,80476900,0.723,71692300,0.722,43795500,0.727,93753000,0.728,68981500,0.729,47182000,0.73,36945700,0.731,17917900,993,100,0
sh513130,09:35:32,1765330534562,5514.51,0.9072,1.347,0.727,0.7264,0.0826,170600,123947,0.7265,0.726,64127400,0.725,103990700,0.724,80365200,0.723,71838600,0.722,43881300,0.727,94492500,0.728,68985500,0.729,47682000,0.73,38280400,0.731,17917900,19,100,0
sh513130,09:35:35,1765330537590,5514.83,0.9072,1.9245,0.726,0.7257,0.0413,89100,64690,0.726,0.726,55431100,0.725,112065400,0.724,82303700,0.723,71884700,0.722,43896400,0.727,94667100,0.728,69278400,0.729,47682000,0.73,38135400,0.731,17942900,570,100,0
sh513130,09:35:38,1765330540590,5515.3,0.9072,2.0548,0.727,0.7257,0.1791,483900,351512,0.7264,0.726,56232500,0.725,112197600,0.724,83318800,0.723,71889700,0.722,43971400,0.727,97050600,0.728,69271400,0.729,47682000,0.73,37307300,0.731,17942900,104,100,0
sh513130,09:35:41,1765330543591,5515.03,0.9072,4.0084,0.727,0.7264,0.0826,657500,477847,0.7268,0.726,59946300,0.725,103969700,0.724,84713900,0.723,71903700,0.722,43991400,0.727,96782100,0.728,69271400,0.729,47616900,0.73,37307300,0.731,17942900,101,100,0
sh513130,09:35:44,1765330546593,5516.39,0.9072,7.9232,0.726,0.7264,-0.0551,456100,331303,0.7264,0.726,84935200,0.725,103921500,0.724,85126900,0.723,54535700,0.722,43995200,0.727,99282400,0.728,69246300,0.729,47616900,0.73,37507300,0.731,17942900,109,100,0
sh513130,09:35:47,1765330550596,5516.87,0.9072,5.2066,0.726,0.7264,-0.0551,229300,166529,0.7262,0.726,85067500,0.725,103963600,0.724,85207200,0.723,54549700,0.722,43796100,0.727,100564900,0.728,69429000,0.729,47566900,0.73,37437000,0.731,17945900,183,100,0
sh513130,09:35:50,1765330552612,5517.3,0.9072,5.1645,0.726,0.7257,0.0413,281800,204620,0.7261,0.726,85127800,0.725,104931100,0.724,85218200,0.723,54559900,0.722,43796100,0.727,101535500,0.728,69487000,0.729,47566900,0.73,38333300,0.731,17945900,97,100,0
sh513130,09:35:53,1765330555610,5517.72,0.9072,5.1322,0.727,0.7257,0.1791,267300,194180,0.7264,0.726,85265800,0.725,105239000,0.724,85271500,0.723,54604600,0.722,43916100,0.727,102308100,0.728,69660000,0.729,47613000,0.73,38323400,0.731,17945900,1127,100,0
sh513130,09:35:56,1765330557628,5517.77,0.9072,4.8176,0.727,0.7264,0.0826,397700,288863,0.7263,0.726,85064900,0.725,105370700,0.724,85326600,0.723,54615600,0.722,43936100,0.727,104149100,0.728,69660000,0.729,47613000,0.73,38323400,0.731,17882900,1190,100,0
sh513130,09:35:59,1765330560626,5516.96,0.9072,3.9878,0.727,0.7264,0.0826,254500,184809,0.7262,0.726,67350800,0.725,105442300,0.724,84375100,0.723,71998600,0.722,44095900,0.727,105182800,0.728,69627800,0.729,47660500,0.73,38323400,0.731,17982900,155,100,0
sh513130,09:36:02,1765330563630,5517.14,0.9072,3.9865,0.726,0.7264,-0.0551,313400,227589,0.7262,0.726,84471700,0.725,109571900,0.724,88362700,0.723,66288600,0.722,48178500,0.727,108253200,0.728,69614000,0.729,47660500,0.73,38326700,0.731,17982900,723,100,0
sh513130,09:36:05,1765330566638,5519.14,0.9072,4.9006,0.727,0.7257,0.1791,297600,216160,0.7263,0.726,96609800,0.725,125586100,0.724,81275700,0.723,58970600,0.722,48191500,0.727,55613500,0.728,75914000,0.729,47660500,0.73,45326700,0.731,33979700,155,100,0
sh513130,09:36:08,1765330571640,5519.85,0.9072,5.1412,0.727,0.7257,0.1791,656900,477469,0.7269,0.726,99005600,0.725,115495300,0.724,80286200,0.723,59050600,0.722,48193500,0.727,53488200,0.728,75914000,0.729,47660500,0.73,45326700,0.731,20982300,112,100,0
sh513130,09:36:11,1765330574643,5519.92,0.9072,2.9391,0.727,0.7264,0.0826,977500,710470,0.7268,0.726,99445500,0.725,115441100,0.724,80412200,0.723,59040000,0.722,48196600,0.727,54377000,0.728,76857200,0.729,47660500,0.73,45326700,0.731,17982900,152,100,0
sh513130,09:36:14,1765330576650,5519.54,0.9072,1.9205,0.727,0.7264,0.0826,755400,548878,0.7266,0.726,99481300,0.725,99539300,0.724,80505000,0.723,59067500,0.722,48201600,0.727,90451800,0.728,69471000,0.729,47234900,0.73,38326700,0.731,17893000,200,100,0
sh513130,09:36:17,1765330579646,5519.32,0.9072,1.525,0.727,0.7264,0.0826,1544700,1121878,0.7263,0.726,96980700,0.725,99782600,0.724,80520100,0.723,59067500,0.722,48202400,0.727,89669300,0.728,69481000,0.729,47234900,0.73,38326700,0.731,17893000,1118,100,0
sh513130,09:36:20,1765330583655,5519.61,0.9072,2.4363,0.726,0.7263,-0.0413,630300,457850,0.7264,0.726,96893100,0.725,100820000,0.724,80582100,0.723,59076600,0.722,48235600,0.727,90517900,0.728,69425500,0.729,47234900,0.73,38332200,0.731,17893000,1160,100,0
sh513130,09:36:23,1765330586670,5521.53,0.9072,3.189,0.727,0.7263,0.0964,641900,466504,0.7268,0.726,98629800,0.725,116024300,0.724,81622100,0.723,59076600,0.722,48236100,0.727,42478700,0.728,80843100,0.729,48296800,0.73,48409500,0.731,33889800,73,100,0
sh513130,09:36:26,1765330588672,5523.46,0.9072,5.8034,0.727,0.7263,0.0964,38027400,27645856,0.727,0.727,43049000,0.726,88343100,0.725,115754300,0.724,80221400,0.723,59076900,0.728,85205500,0.729,49236800,0.73,53409500,0.731,34319800,0.732,16042000,208,100,0
sh513130,09:36:26,1765330590671,5523.94,0.9072,4.0411,0.727,0.7263,0.0964,38027400,27645856,0.727,0.727,43049000,0.726,88343100,0.725,115754300,0.724,80221400,0.723,59076900,0.728,85205500,0.729,49236800,0.73,53409500,0.731,34319800,0.732,16042000,153,100,0
sh513130,09:36:29,1765330592668,5523.58,0.9072,3.0753,0.727,0.7263,0.0964,164700,119737,0.727,0.727,32535400,0.726,98058000,0.725,114886000,0.724,80554700,0.723,59104900,0.728,86255500,0.729,50236800,0.73,53459500,0.731,33919800,0.732,16042000,203,100,0
sh513130,09:36:32,1765330595677,5523.23,0.9072,2.1937,0.727,0.727,0.0,625600,454826,0.727,0.727,27664800,0.726,99163200,0.725,114924300,0.724,80653700,0.723,59120000,0.728,86841600,0.729,50236800,0.73,53459500,0.731,33919800,0.732,16042000,466,100,0
sh513130,09:36:35,1765330597696,5523.28,0.9072,5.1076,0.727,0.727,0.0,19493800,14172015,0.727,0.726,99770100,0.725,115112700,0.724,80656700,0.723,59260700,0.722,48251600,0.727,31067200,0.728,86922300,0.729,50236800,0.73,53459500,0.731,33919800,300,100,0
sh513130,09:36:38,1765330600690,5522.88,0.9072,4.2722,0.727,0.727,0.0,2380200,1728598,0.7262,0.726,102591300,0.725,116162100,0.724,81057700,0.723,59276600,0.722,48253100,0.727,35441600,0.728,86162500,0.729,48985800,0.73,53459500,0.731,33919800,215,100,0
sh513130,09:36:41,1765330603689,5521.93,0.9072,3.3184,0.727,0.7264,0.0826,1372900,997086,0.7263,0.726,102606800,0.725,100286300,0.724,81069300,0.723,58815100,0.722,48294700,0.727,71169600,0.728,82664800,0.729,47986400,0.73,43167700,0.731,17923000,1202,100,0
sh513130,09:36:44,1765330606697,5519.16,0.9072,4.6934,0.727,0.7264,0.0826,1297100,942990,0.727,0.726,88417400,0.725,100280300,0.724,80030600,0.723,66314400,0.722,48356700,0.727,80204800,0.728,74265900,0.729,47000000,0.73,38113400,0.731,17923000,216,100,0
sh513130,09:36:47,1765330609714,5518.62,0.9072,2.7675,0.727,0.7264,0.0826,443800,322643,0.727,0.726,88136700,0.725,100444800,0.724,80920600,0.723,65650800,0.722,48356700,0.727,84222800,0.728,73443700,0.729,47100000,0.73,38113400,0.731,17923000,1251,100,0
sh513130,09:36:50,1765330612708,5519.36,0.9072,3.1766,0.727,0.7256,0.1929,1368300,994754,0.727,0.726,99341200,0.725,101357700,0.724,80928600,0.723,58286800,0.722,48366500,0.727,88887600,0.728,73415200,0.729,47100000,0.73,38113400,0.731,17923000,208,100,0
sh513130,09:36:53,1765330615711,5519.17,0.9072,2.6828,0.727,0.7256,0.1929,1094700,795143,0.7264,0.726,99098500,0.725,101857600,0.724,80938600,0.723,58300000,0.722,48417500,0.727,88723100,0.728,73368900,0.729,47100000,0.73,38144400,0.731,17923000,1056,100,0
sh513130,09:36:56,1765330619713,5518.35,0.9072,2.2289,0.727,0.7256,0.1929,809600,588551,0.727,0.726,78493900,0.725,103710500,0.724,81467500,0.723,75690000,0.722,48533300,0.727,91992600,0.728,72546700,0.729,47100000,0.73,38144400,0.731,17918000,743,100,0
sh513130,09:36:59,1765330620714,5517.99,0.9072,2.529,0.727,0.7256,0.1929,166400,120915,0.7267,0.726,79265800,0.725,104806500,0.724,81500500,0.723,75693000,0.722,48533300,0.727,93137500,0.728,72551700,0.729,47100000,0.73,38257300,0.731,17918000,190,100,0
sh513130,09:36:59,1765330622730,5517.9,0.9072,1.4869,0.727,0.7256,0.1929,166400,120915,0.7267,0.726,79265800,0.725,104806500,0.724,81500500,0.723,75693000,0.722,48533300,0.727,93137500,0.728,72551700,0.729,47100000,0.73,38257300,0.731,17918000,244,100,0
sh513130,09:37:02,1765330625734,5517.95,0.9072,2.0525,0.727,0.7263,0.0964,714900,519732,0.727,0.726,79718500,0.725,105751500,0.724,81609500,0.723,75696000,0.722,48534300,0.727,93882100,0.728,72551700,0.729,47100000,0.73,38257300,0.731,17918000,271,100,0
sh513130,09:37:05,1765330627746,5518.41,0.9072,4.4523,0.727,0.7257,0.1791,273800,199027,0.7269,0.726,90621800,0.725,106681400,0.724,81616900,0.723,65965000,0.722,48535300,0.727,94749900,0.728,72368200,0.729,47100000,0.73,38257300,0.731,17933000,129,100,0
sh513130,09:37:08,1765330631749,5518.18,0.9072,1.2841,0.727,0.7257,0.1791,356800,259346,0.7269,0.726,80464900,0.725,107576300,0.724,81618100,0.723,75965200,0.722,48535300,0.727,96202200,0.728,72323200,0.729,47118900,0.73,38259300,0.731,17933000,1286,100,0
sh513130,09:37:11,1765330633735,5518.83,0.9072,1.0504,0.727,0.7256,0.1929,109200,79339,0.7265,0.726,91725900,0.725,108525600,0.724,81636500,0.723,65971200,0.722,48531900,0.727,97166400,0.728,72242800,0.729,47118900,0.73,38208500,0.731,17933000,1262,100,0
sh513130,09:37:14,1765330635746,5519.04,0.9072,4.0384,0.727,0.7256,0.1929,1189700,864888,0.727,0.726,100967900,0.725,125517200,0.724,81796500,0.723,58692100,0.722,48532200,0.727,70374600,0.728,79716700,0.729,47123900,0.73,45117600,0.731,17953000,1295,100,0
sh513130,09:37:14,1765330637749,5519.1,0.9072,4.3861,0.727,0.7256,0.1929,1189700,864888,0.727,0.726,100967900,0.725,125517200,0.724,81796500,0.723,58692100,0.722,48532200,0.727,70374600,0.728,79716700,0.729,47123900,0.73,45117600,0.731,17953000,1282,100,0
sh513130,09:37:17,1765330638753,5519.33,0.9072,3.9044,0.727,0.7256,0.1929,1022200,742563,0.7264,0.726,101592600,0.725,116847000,0.724,81795700,0.723,58683900,0.722,48538600,0.727,71172900,0.728,83640000,0.729,48123300,0.73,45157600,0.731,17953000,240,100,0
sh513130,09:37:20,1765330643749,5518.89,0.9072,3.0219,0.727,0.7263,0.0964,669700,486585,0.7266,0.726,102587100,0.725,100934900,0.724,80778700,0.723,58684000,0.722,48558600,0.727,92312500,0.728,72299400,0.729,47283900,0.73,38167200,0.731,17953000,1041,100,0
sh513130,09:37:23,1765330645754,5519.15,0.9072,1.3726,0.726,0.7263,-0.0413,213900,155374,0.7264,0.726,103468600,0.725,101388700,0.724,80826300,0.723,58685000,0.722,48592600,0.727,84192500,0.728,80750200,0.729,47465000,0.73,38213500,0.731,17955100,872,100,0
sh513130,09:37:26,1765330648762,5518.79,0.9072,2.9841,0.727,0.7256,0.1929,373900,271651,0.7265,0.726,104365200,0.725,117423100,0.724,81887800,0.723,58685000,0.722,48717900,0.727,77281400,0.728,83757300,0.729,48489000,0.73,38213500,0.731,17955100,266,100,0
sh513130,09:37:29,1765330651767,5520.19,0.9072,2.3539,0.727,0.7256,0.1929,280400,203730,0.7266,0.726,105679800,0.725,117491400,0.724,81887800,0.723,58631100,0.722,48656700,0.727,53512400,0.728,83692600,0.729,48489000,0.73,45213500,0.731,33951900,423,100,0
sh513130,09:37:32,1765330654777,5521.55,0.9072,3.8726,0.727,0.7256,0.1929,4968800,3612236,0.727,0.726,108383400,0.725,117658600,0.724,81891400,0.723,58631100,0.722,48686700,0.727,20662600,0.728,84192600,0.729,49479000,0.73,48618500,0.731,33952400,263,100,0
sh513130,09:37:35,1765330658795,5522.76,0.9072,7.1223,0.727,0.7263,0.0964,1268100,921034,0.7263,0.726,109247900,0.725,117667700,0.724,81992400,0.723,58711100,0.722,48689800,0.727,18105900,0.728,85088100,0.729,49513500,0.73,53260500,0.731,33952400,343,100,0
sh513130,09:37:38,1765330659784,5522.76,0.9072,8.6017,0.727,0.7263,0.0964,15433500,11220154,0.727,0.727,59199100,0.726,99612000,0.725,117704200,0.724,72012400,0.723,58732600,0.728,86023100,0.729,50513500,0.73,53659500,0.731,33952400,0.732,17969500,1332,100,0
sh513130,09:37:41,1765330663796,5524.48,0.9072,6.6727,0.727,0.727,0.0,408600,297061,0.727,0.727,50173900,0.726,100867600,0.725,117937100,0.724,81532400,0.723,58732600,0.728,87838200,0.729,50428600,0.73,53659500,0.731,36982400,0.732,17969500,1346,100,0
sh513130,09:37:44,1765330666794,5525.47,0.9072,4.2346,0.728,0.727,0.1376,221600,161120,0.7271,0.727,49745300,0.726,101949500,0.725,118147000,0.724,81552400,0.723,58732600,0.728,88397300,0.729,50428600,0.73,53610900,0.731,37032400,0.732,17969500,328,100,0
sh513130,09:37:47,1765330669795,5524.49,0.9072,2.4101,0.728,0.727,0.1376,1611500,1171817,0.7272,0.727,33975400,0.726,110598900,0.725,117167000,0.724,81568000,0.723,58724600,0.728,89165900,0.729,50371800,0.73,53610900,0.731,37039800,0.732,17969500,1216,100,0
sh513130,09:37:50,1765330672814,5524.46,0.9072,2.496,0.728,0.7269,0.1513,756700,550502,0.7275,0.727,36654100,0.726,111704100,0.725,117270500,0.724,81588700,0.723,58675100,0.728,90172200,0.729,50456300,0.73,53626900,0.731,36969800,0.732,18369500,286,100,0
sh513130,09:37:53,1765330675845,5523.62,0.9072,2.7469,0.728,0.7269,0.1513,575200,418606,0.7278,0.727,37645900,0.726,112484700,0.725,117313200,0.724,81628700,0.723,58676400,0.728,90261600,0.729,50456300,0.73,53626900,0.731,36969800,0.732,18369500,786,100,0
sh513130,09:37:56,1765330678813,5523.43,0.9072,1.5846,0.728,0.7269,0.1513,1337100,972409,0.7273,0.727,38384600,0.726,113314000,0.725,117313900,0.724,81643700,0.723,58663500,0.728,91271600,0.729,50469800,0.73,53576100,0.731,36967700,0.732,18369500,292,100,0
sh513130,09:37:59,1765330681813,5523.81,0.9072,2.2322,0.727,0.7269,0.0138,22881200,16634370,0.727,0.726,115851900,0.725,118327800,0.724,82033700,0.723,58626900,0.722,48688300,0.727,22254300,0.728,93261000,0.729,48985800,0.73,53576100,0.731,34017700,292,100,0
sh513130,09:38:02,1765330684817,5522.89,0.9072,2.6379,0.727,0.7263,0.0964,1855300,1347952,0.7265,0.726,115886000,0.725,118404700,0.724,82040300,0.723,58726900,0.722,48688300,0.727,42674800,0.728,91744600,0.729,49271000,0.73,53176100,0.731,17020900,355,100,0
sh513130,09:38:05,1765330687827,5522.18,0.9072,1.6823,0.727,0.7263,0.0964,3715600,2698241,0.7262,0.726,113979400,0.725,118608300,0.724,82022400,0.723,58474200,0.722,48676300,0.727,42011400,0.728,92894600,0.729,49271000,0.73,53176100,0.731,17030900,1282,100,0
sh513130,09:38:08,1765330689829,5522.37,0.9072,2.4756,0.727,0.7263,0.0964,1349100,980631,0.7269,0.726,114219100,0.725,102690500,0.724,82017400,0.723,58474200,0.722,48706300,0.727,47655400,0.728,86628800,0.729,48272600,0.73,43776100,0.731,17030900,1368,100,0
sh513130,09:38:08,1765330691843,5520.33,0.9072,3.2953,0.727,0.7263,0.0964,1349100,980631,0.7269,0.726,114219100,0.725,102690500,0.724,82017400,0.723,58474200,0.722,48706300,0.727,47655400,0.728,86628800,0.729,48272600,0.73,43776100,0.731,17030900,1311,100,0
sh513130,09:38:11,1765330693828,5519.59,0.9072,2.6804,0.727,0.7263,0.0964,632000,459454,0.727,0.726,98039700,0.725,102766700,0.724,81047100,0.723,58474200,0.722,48720300,0.727,58996700,0.728,83306800,0.729,47282600,0.73,38756100,0.731,17030900,1326,100,0
sh513130,09:38:14,1765330697842,5518.4,0.9072,4.9869,0.727,0.7263,0.0964,583500,424184,0.727,0.726,79383400,0.725,103620600,0.724,82096900,0.723,65870700,0.722,48726300,0.727,70001100,0.728,75060100,0.729,47282600,0.73,38746100,0.731,17555700,1249,100,0
sh513130,09:38:17,1765330699845,5517.82,0.9072,4.2354,0.727,0.7263,0.0964,1959200,1424051,0.7269,0.726,78908300,0.725,105424700,0.724,82098300,0.723,76293600,0.722,48727300,0.727,69619800,0.728,75160100,0.729,47302600,0.73,38740100,0.731,17555700,1101,100,0
sh513130,09:38:20,1765330701850,5516.73,0.9072,2.8815,0.727,0.7256,0.1929,579200,420986,0.7268,0.726,78781700,0.725,106416800,0.724,83123300,0.723,76323600,0.722,48779500,0.727,69946100,0.728,75077900,0.729,47387600,0.73,38740100,0.731,17555700,945,100,0
sh513130,09:38:23,1765330706847,5516.49,0.9072,3.8059,0.727,0.7256,0.1929,739100,537048,0.7266,0.726,66985800,0.725,115824700,0.724,82131800,0.723,76367600,0.722,48781000,0.727,70609600,0.728,74449500,0.729,47538400,0.73,38820100,0.731,17655700,364,100,0
sh513130,09:38:26,1765330708868,5516.17,0.9072,4.317,0.727,0.7262,0.1102,676700,491594,0.7265,0.726,78996700,0.725,108191900,0.724,82131800,0.723,76445200,0.722,48786000,0.727,71248500,0.728,74401500,0.729,47538400,0.73,38820100,0.731,17655700,338,100,0
sh513130,09:38:29,1765330711868,5516.46,0.9072,3.8362,0.727,0.7262,0.1102,184600,134174,0.7268,0.726,59312900,0.725,118187900,0.724,82144600,0.723,76445200,0.722,48788000,0.727,72219500,0.728,74559800,0.729,47538400,0.73,38820100,0.731,17655700,191,100,0
sh513130,09:38:32,1765330714863,5515.41,0.9072,3.8899,0.727,0.7262,0.1102,370000,268909,0.7268,0.726,58865900,0.725,119048700,0.724,82152600,0.723,81575200,0.722,48792000,0.727,75009600,0.728,74565800,0.729,47544400,0.73,38820100,0.731,17655700,332,100,0
sh513130,09:38:35,1765330716879,5515.45,0.9072,3.7555,0.726,0.7256,0.0551,54446700,39528698,0.726,0.725,119750400,0.724,82185500,0.723,81474300,0.722,48792000,0.721,47619600,0.726,4073200,0.727,74613400,0.728,64410600,0.729,47534400,0.73,38833900,407,100,0
sh513130,09:38:38,1765330720880,5514.68,0.9072,4.1404,0.726,0.7256,0.0551,2404800,1745875,0.726,0.725,124186200,0.724,83388900,0.723,81480400,0.722,48813300,0.721,47621600,0.726,13028800,0.727,69001100,0.728,60617100,0.729,44244400,0.73,38845100,381,100,0
sh513130,09:38:41,1765330723891,5512.5,0.9072,4.0773,0.726,0.7256,0.0551,17020400,12356741,0.726,0.725,124666300,0.724,67430700,0.723,81480500,0.722,48813300,0.721,47621700,0.726,47469300,0.727,58180700,0.728,59627700,0.729,37127800,0.73,22848300,1393,100,0
sh513130,09:38:44,1765330726876,5510.85,0.9072,3.502,0.726,0.7256,0.0551,336300,244141,0.726,0.725,124593800,0.724,67667000,0.723,82510500,0.722,48813300,0.721,47622700,0.726,49626000,0.727,58300800,0.728,59686900,0.729,37127800,0.73,22848300,82,100,0
sh513130,09:38:47,1765330728881,5511.88,0.9072,2.8346,0.726,0.7249,0.1517,1123200,815412,0.726,0.725,107269300,0.724,67852300,0.723,82527500,0.722,48907400,0.721,47622700,0.726,52645800,0.727,59470900,0.728,59075100,0.729,32127800,0.73,22848000,318,100,0
sh513130,09:38:50,1765330732887,5511.31,0.9072,4.604,0.726,0.7256,0.0551,951100,690230,0.7257,0.725,109100800,0.724,84827200,0.723,82538200,0.722,48937400,0.721,47623800,0.726,37676100,0.727,67927100,0.728,58154500,0.729,39185800,0.73,22858000,377,100,0
sh513130,09:38:53,1765330735898,5511.2,0.9072,3.8482,0.726,0.7256,0.0551,471100,342018,0.726,0.725,108619400,0.724,69605900,0.723,82568200,0.722,48937400,0.721,47707900,0.726,46824700,0.727,59048700,0.728,58154500,0.729,39207000,0.73,22866300,470,100,0
sh513130,09:38:56,1765330738893,5509.77,0.9072,3.2497,0.726,0.7249,0.1517,884800,641637,0.7252,0.725,108078900,0.724,70727000,0.723,83414200,0.722,48977400,0.721,47707900,0.726,54835900,0.727,59846100,0.728,58154500,0.729,32207000,0.73,22881300,392,100,0
sh513130,09:38:59,1765330742903,5509.34,0.9072,3.2796,0.726,0.7249,0.1517,116000,84215,0.726,0.725,108218100,0.724,71872600,0.723,83414700,0.722,48997400,0.721,45764300,0.726,59442600,0.727,60004800,0.728,58645500,0.729,32207000,0.73,22897100,426,100,0
sh513130,09:39:02,1765330744929,5508.55,0.9072,4.0081,0.726,0.7249,0.1517,2020800,1465229,0.7251,0.725,106801400,0.724,72773600,0.723,83416800,0.722,48997400,0.721,45790300,0.726,59878100,0.727,60465300,0.728,58473400,0.729,32307000,0.73,22897100,453,100,0
sh513130,09:39:05,1765330747923,5509.14,0.9072,6.0538,0.725,0.7249,0.0138,123100,89296,0.7254,0.725,106233900,0.724,73674300,0.723,83529700,0.722,49021500,0.721,45830300,0.726,61506100,0.727,60543800,0.728,58516900,0.729,32307000,0.73,22850800,1389,100,0
sh513130,09:39:08,1765330750931,5508.94,0.9072,3.7831,0.726,0.7249,0.1517,1565100,1136221,0.726,0.725,99999800,0.724,74570300,0.723,83539300,0.722,56434500,0.721,45840300,0.726,61114100,0.727,61186900,0.728,58381800,0.729,32351600,0.73,22892100,380,100,0
sh513130,09:39:11,1765330753918,5508.69,0.9072,4.5284,0.726,0.7249,0.1517,298900,216966,0.7259,0.725,100110400,0.724,76670900,0.723,83794500,0.722,56429500,0.721,46134100,0.726,66360300,0.727,61124000,0.728,58412600,0.729,32351600,0.73,22892100,1200,100,0
sh513130,09:39:14,1765330755925,5508.97,0.9072,5.1556,0.726,0.7249,0.1517,105700,76690,0.7255,0.725,71356300,0.724,85982700,0.723,83794500,0.722,66481400,0.721,47133500,0.726,66280500,0.727,60955700,0.728,58457600,0.729,32351600,0.73,22992100,1056,100,0
sh513130,09:39:17,1765330759944,5508.01,0.9072,1.1584,0.726,0.7249,0.1517,469000,340159,0.7253,0.725,75762800,0.724,86889300,0.723,83782000,0.722,66547500,0.721,48132900,0.726,67083100,0.727,60776800,0.728,58491000,0.729,32363200,0.73,22980900,766,100,0
sh513130,09:39:20,1765330762944,5507.72,0.9072,1.2724,0.725,0.7242,0.1105,762800,553673,0.7258,0.725,79227100,0.724,88251600,0.723,83820300,0.722,66565500,0.721,46144600,0.726,70736400,0.727,60776800,0.728,58541000,0.729,32363200,0.73,23039900,482,100,0
sh513130,09:39:23,1765330764948,5507.87,0.9072,2.8187,0.726,0.7242,0.2486,186700,135516,0.7258,0.725,103313400,0.724,80811600,0.723,84835300,0.722,51185700,0.721,46212300,0.726,70675200,0.727,59773100,0.728,57521000,0.729,32363200,0.73,23039900,439,100,0
sh513130,09:39:26,1765330768947,5509.5,0.9072,4.3003,0.726,0.7249,0.1517,1057200,766819,0.7253,0.725,106623600,0.724,81875600,0.723,84947800,0.722,49187700,0.721,48421100,0.726,55168000,0.727,68173100,0.728,58521000,0.729,39203200,0.73,23065400,277,100,0
sh513130,09:39:29,1765330771978,5511.77,0.9072,5.2492,0.726,0.7249,0.1517,19345100,14044424,0.726,0.726,3158000,0.725,108056200,0.724,94603700,0.723,84021200,0.722,49201700,0.727,72190700,0.728,59534400,0.729,39097000,0.73,37122600,0.731,17946000,1500,100,0
sh513130,09:39:32,1765330774959,5511.51,0.9072,3.6926,0.726,0.7249,0.1517,1465100,1063662,0.726,0.726,27969300,0.725,109292600,0.724,93842000,0.723,83624200,0.722,49191700,0.727,76728600,0.728,61424400,0.729,39497000,0.73,39122200,0.731,17946000,416,100,0
sh513130,09:39:35,1765330777964,5511.95,0.9072,2.9862,0.726,0.7262,-0.0275,24866900,18053370,0.726,0.726,1783100,0.725,110653900,0.724,93051000,0.723,84155200,0.722,49251700,0.727,77010400,0.728,61324100,0.729,39497000,0.73,39260500,0.731,17946000,1463,100,0
sh513130,09:39:38,1765330779964,5511.77,0.9072,2.3943,0.726,0.7262,-0.0275,3426700,2487784,0.726,0.725,111732100,0.724,94061000,0.723,83157100,0.722,45267100,0.721,45934900,0.726,28770100,0.727,74125800,0.728,60434900,0.729,39517000,0.73,23265200,1383,100,0
sh513130,09:39:41,1765330783997,5511.25,0.9072,1.5755,0.726,0.7256,0.0551,163900,118876,0.7253,0.725,112592700,0.724,94211000,0.723,83102200,0.722,45267100,0.721,45949300,0.726,35022500,0.727,74860900,0.728,59880200,0.729,39168800,0.73,23265200,1097,100,0
sh513130,09:39:44,1765330786984,5512.08,0.9072,0.8758,0.726,0.7256,0.0551,1820600,1321313,0.7258,0.725,113497500,0.724,94214000,0.723,84061600,0.722,49288900,0.721,49946900,0.726,34083500,0.727,74890000,0.728,60025700,0.729,39148800,0.73,23258400,533,100,0
sh513130,09:39:47,1765330789975,5511.15,0.9072,1.9384,0.726,0.7249,0.1517,244100,177216,0.726,0.725,115132900,0.724,78218300,0.723,84115300,0.722,49338900,0.721,49951900,0.726,44393600,0.727,66929000,0.728,60035700,0.729,39218800,0.73,23258400,587,100,0
sh513130,09:39:50,1765330791982,5510.86,0.9072,1.5608,0.726,0.7249,0.1517,114200,82851,0.7255,0.725,107875800,0.724,78232600,0.723,84122300,0.722,49349700,0.721,49961900,0.726,52359800,0.727,67181700,0.728,60128400,0.729,31933600,0.73,23260400,422,100,0
sh513130,09:39:53,1765330795986,5510.58,0.9072,-0.4262,0.726,0.7249,0.1517,648000,470347,0.7258,0.725,107974400,0.724,79183400,0.723,84284300,0.722,54423200,0.721,50161900,0.726,52987500,0.727,67390200,0.728,58316200,0.729,35033600,0.73,23260400,125,100,0
sh513130,09:39:56,1765330798999,5511.39,0.9072,2.9727,0.726,0.7249,0.1517,100500,72913,0.7255,0.725,108181000,0.724,79163400,0.723,84335300,0.722,54423200,0.721,50186000,0.726,47875400,0.727,67394300,0.728,58316200,0.729,44033600,0.73,23260400,467,100,0
sh513130,09:39:59,1765330802001,5511.19,0.9072,3.1495,0.726,0.7249,0.1517,1134600,823593,0.7259,0.725,109021100,0.724,79849400,0.723,84381800,0.722,54420300,0.721,50186000,0.726,47144600,0.727,67525000,0.728,59509700,0.729,44034600,0.73,23360400,1498,100,0
sh513130,09:39:59,1765330803995,5510.45,0.9072,4.325,0.726,0.7249,0.1517,1134600,823593,0.7259,0.725,109021100,0.724,79849400,0.723,84381800,0.722,54420300,0.721,50186000,0.726,47144600,0.727,67525000,0.728,59509700,0.729,44034600,0.73,23360400,113,100,0
sh513130,09:40:02,1765330805010,5509.24,0.9072,5.4023,0.725,0.7249,0.0138,387000,280784,0.7255,0.725,108725200,0.724,80727400,0.723,84382000,0.722,54463300,0.721,50176500,0.726,54997800,0.727,67525000,0.728,58505900,0.729,37044600,0.73,23378900,451,100,0
sh513130,09:40:05,1765330808043,5509.26,0.9072,3.051,0.725,0.7249,0.0138,1157300,839098,0.725,0.725,108763100,0.724,81616700,0.723,84482000,0.722,54463300,0.721,50179500,0.726,58650900,0.727,66575000,0.728,58791100,0.729,38031100,0.73,23378900,1325,100,0
sh513130,09:40:08,1765330811025,5509.18,0.9072,3.4187,0.726,0.7249,0.1517,95200,69067,0.7255,0.725,105896600,0.724,82464500,0.723,84482000,0.722,57464100,0.721,50292500,0.726,58638000,0.727,68375000,0.728,58812000,0.729,38031100,0.73,23378900,1,100,0
sh513130,09:40:11,1765330813017,5510.34,0.9072,5.6306,0.726,0.7249,0.1517,112600,81731,0.7259,0.725,109151900,0.724,83534600,0.723,84516600,0.722,54540400,0.721,50431100,0.726,51827800,0.727,67377800,0.728,58832000,0.729,45271100,0.73,22378900,472,100,0
sh513130,09:40:14,1765330816025,5509.16,0.9072,3.8146,0.726,0.7249,0.1517,925900,671406,0.7251,0.725,108628400,0.724,84576100,0.723,84496600,0.722,54676500,0.721,50441100,0.726,52482300,0.727,67337500,0.728,58832000,0.729,45271100,0.73,23383900,679,100,0
sh513130,09:40:17,1765330820030,5509.79,0.9072,2.1086,0.726,0.7249,0.1517,128700,93376,0.7255,0.725,109089200,0.724,85565800,0.723,84526000,0.722,54676500,0.721,50437700,0.726,58803300,0.727,68798700,0.728,58935000,0.729,38271100,0.73,23383900,371,100,0
sh513130,09:40:20,1765330823030,5510.09,0.9072,0.959,0.726,0.7249,0.1517,272300,197590,0.7256,0.725,109157700,0.724,85561100,0.723,84530700,0.722,54676500,0.721,50437700,0.726,58896000,0.727,68701000,0.728,58935100,0.729,38271100,0.73,23383900,554,100,0
sh513130,09:40:23,1765330827028,5509.81,0.9072,1.5187,0.726,0.7249,0.1517,275800,200073,0.7254,0.725,109036500,0.724,86548800,0.723,84530700,0.722,54677500,0.721,50405200,0.726,58833800,0.727,68697000,0.728,58917200,0.729,38271100,0.73,23383900,519,100,0
sh513130,09:40:26,1765330829031,5510.49,0.9072,3.022,0.726,0.7249,0.1517,91700,66574,0.726,0.725,109501200,0.724,88556400,0.723,84542100,0.722,54677500,0.721,50555200,0.726,59058900,0.727,68400900,0.728,58924000,0.729,38271100,0.73,23383900,554,100,0
sh513130,09:40:29,1765330831035,5510.05,0.9072,2.1571,0.726,0.7249,0.1517,305700,221910,0.7259,0.725,110377800,0.724,89450400,0.723,84573100,0.722,54677500,0.721,50575200,0.726,59047700,0.727,68400900,0.728,58668800,0.729,38273100,0.73,23383900,570,100,0
sh513130,09:40:32,1765330835045,5509.58,0.9072,3.0577,0.726,0.7249,0.1517,194100,140906,0.7259,0.725,112464400,0.724,89923200,0.723,84573100,0.722,54677500,0.721,50575200,0.726,52563100,0.727,67300300,0.728,58668800,0.729,45273100,0.73,23383900,294,100,0
sh513130,09:40:35,1765330837042,5509.93,0.9072,2.4401,0.726,0.7249,0.1517,239200,173560,0.7256,0.725,112547900,0.724,89881000,0.723,85450100,0.722,54692500,0.721,50623000,0.726,59977800,0.727,67185200,0.728,58642500,0.729,38273100,0.73,23403900,141,100,0
sh513130,09:40:38,1765330842055,5508.26,0.9072,2.2722,0.726,0.7249,0.1517,235700,171057,0.7257,0.725,113458800,0.724,89943900,0.723,86586200,0.722,54834900,0.721,50629000,0.726,60313900,0.727,68579900,0.728,58642500,0.729,38271100,0.73,23758100,847,100,0
sh513130,09:40:41,1765330844055,5509.19,0.9072,3.1613,0.726,0.7249,0.1517,160400,116340,0.7253,0.725,111934200,0.724,89938800,0.723,87488200,0.722,54883900,0.721,50642800,0.726,60722800,0.727,68279800,0.728,58642500,0.729,38254700,0.73,23758100,694,100,0
sh513130,09:40:44,1765330847061,5509.81,0.9072,3.416,0.726,0.7249,0.1517,1098400,796539,0.7252,0.725,113017200,0.724,106345800,0.723,88368900,0.722,54879900,0.721,50667800,0.726,54117300,0.727,67307400,0.728,57961800,0.729,45254700,0.73,23758100,579,100,0
sh513130,09:40:47,1765330850065,5509.47,0.9072,1.7643,0.726,0.7249,0.1517,765100,555441,0.726,0.725,113004600,0.724,90752000,0.723,89212200,0.722,54879900,0.721,50672800,0.726,61462400,0.727,68707400,0.728,58743800,0.729,38254700,0.73,23760100,198,100,0
sh513130,09:40:50,1765330853075,5510.02,0.9072,1.3469,0.726,0.7249,0.1517,670200,486258,0.7255,0.725,112733600,0.724,91008100,0.723,90167700,0.722,54884900,0.721,50684700,0.726,63343200,0.727,68780400,0.728,58743800,0.729,38254700,0.73,23760100,535,100,0
sh513130,09:40:53,1765330856072,5510.51,0.9072,4.9028,0.726,0.7249,0.1517,617800,448325,0.7257,0.725,112866200,0.724,91031700,0.723,91048700,0.722,54883100,0.721,50739700,0.726,48566500,0.727,77261100,0.728,59754200,0.729,45254700,0.73,23760100,1626,100,0
sh513130,09:40:56,1765330858068,5510.62,0.9072,3.7583,0.726,0.7249,0.1517,970000,704201,0.726,0.725,113892500,0.724,97940700,0.723,84908700,0.722,54892000,0.721,50740700,0.726,46062400,0.727,76261100,0.728,59754200,0.729,46034800,0.73,23010100,1596,100,0
sh513130,09:40:59,1765330861082,5514.68,0.9072,4.655,0.726,0.7249,0.1517,20740300,15057458,0.726,0.726,44417400,0.725,115989000,0.724,95972400,0.723,72928700,0.722,54926100,0.727,79378600,0.728,61753600,0.729,46034800,0.73,39006900,0.731,19873100,433,100,0
sh513130,09:41:02,1765330865091,5515.26,0.9072,4.4072,0.726,0.7255,0.0689,1252500,909315,0.726,0.726,22361800,0.725,116827200,0.724,95082400,0.723,84533200,0.722,54928100,0.727,81343200,0.728,61753600,0.729,46034800,0.73,39006900,0.731,19873100,121,100,0
sh513130,09:41:05,1765330868089,5516.82,0.9072,4.7149,0.726,0.7262,-0.0275,220100,159843,0.7262,0.726,66666600,0.725,109565000,0.724,95086400,0.723,67162000,0.722,55051700,0.727,82293000,0.728,61755600,0.729,45034800,0.73,39006900,0.731,19873100,967,100,0
sh513130,09:41:08,1765330871096,5516.78,0.9072,3.0408,0.727,0.7262,0.1102,304100,220793,0.7261,0.726,72311600,0.725,110791700,0.724,95164900,0.723,62168200,0.722,55051700,0.727,83350600,0.728,61770600,0.729,45906700,0.73,39006700,0.731,19897300,482,100,0
sh513130,09:41:11,1765330874092,5516.31,0.9072,2.1565,0.727,0.7255,0.2068,221100,160611,0.7264,0.726,72787100,0.725,111751800,0.724,95118100,0.723,62175400,0.722,55117700,0.727,84388100,0.728,61750600,0.729,45906700,0.73,39006700,0.731,19897300,502,100,0
sh513130,09:41:14,1765330876099,5514.46,0.9072,0.0626,0.726,0.7255,0.0689,10018200,7273279,0.726,0.725,121876100,0.724,97109200,0.723,79575400,0.722,55117700,0.721,50829300,0.726,27848200,0.727,82873100,0.728,59751200,0.729,45906700,0.73,23009900,352,100,0
sh513130,09:41:17,1765330880105,5512.46,0.9072,1.8549,0.726,0.7262,-0.0275,264100,191737,0.726,0.725,122797700,0.724,81164200,0.723,85045900,0.722,55117700,0.721,50829300,0.726,68267900,0.727,73150100,0.728,59752300,0.729,38506700,0.73,23013600,58,100,0
sh513130,09:41:20,1765330883112,5512.49,0.9072,1.0008,0.726,0.7249,0.1517,589100,427612,0.7259,0.725,124312000,0.724,80772200,0.723,85042000,0.722,55167700,0.721,50829300,0.726,51111800,0.727,81730400,0.728,59752300,0.729,45575200,0.73,23018500,639,100,0
sh513130,09:41:23,1765330886105,5511.96,0.9072,1.6096,0.726,0.7249,0.1517,915900,664914,0.726,0.725,124510800,0.724,96760000,0.723,85154000,0.722,55169700,0.721,50829300,0.726,51991200,0.727,81762900,0.728,59851300,0.729,45575200,0.73,22939500,1652,100,0
sh513130,09:41:26,1765330889110,5510.89,0.9072,0.9132,0.726,0.7255,0.0689,438000,317954,0.7259,0.725,126677200,0.724,80776600,0.723,85109100,0.722,55169700,0.721,50829300,0.726,65897500,0.727,73372900,0.728,59856300,0.729,38575200,0.73,22904000,452,100,0
sh513130,09:41:29,1765330892124,5511.74,0.9072,3.9834,0.726,0.7255,0.0689,448800,325829,0.726,0.725,127601200,0.724,80756600,0.723,85126000,0.722,55174700,0.721,50829300,0.726,60312600,0.727,81792900,0.728,58926300,0.729,38712100,0.73,22994000,1314,100,0
sh513130,09:41:32,1765330895130,5511.89,0.9072,5.8313,0.726,0.7255,0.0689,406800,295310,0.7259,0.725,128792300,0.724,80839700,0.723,85134800,0.722,55174700,0.721,50954400,0.726,53208900,0.727,81792900,0.728,58894000,0.729,45641100,0.73,23010600,13,100,0
sh513130,09:41:35,1765330898127,5511.91,0.9072,4.3548,0.726,0.7249,0.1517,925100,671621,0.726,0.725,129775000,0.724,80729700,0.723,85140000,0.722,55184700,0.721,50954700,0.726,53377800,0.727,82411500,0.728,58645000,0.729,45641100,0.73,23010600,851,100,0
sh513130,09:41:38,1765330901144,5513.0,0.9072,6.3374,0.726,0.7249,0.1517,848300,615715,0.7258,0.725,130599600,0.724,96037400,0.723,85155000,0.722,55207000,0.721,51845800,0.726,30778500,0.727,82570800,0.728,59799600,0.729,45641100,0.73,22910600,645,100,0
sh513130,09:41:41,1765330905143,5513.27,0.9072,4.3683,0.726,0.7255,0.0689,2308200,1674818,0.7256,0.725,131429900,0.724,97038900,0.723,85188000,0.722,55264500,0.721,51845800,0.726,6995300,0.727,86449300,0.728,60827100,0.729,45641100,0.73,38907400,658,100,0
sh513130,09:41:44,1765330907144,5512.74,0.9072,3.6885,0.726,0.7255,0.0689,3121200,2265031,0.7257,0.725,132149900,0.724,96112800,0.723,85198000,0.722,55264800,0.721,51873000,0.726,32328100,0.727,84390500,0.728,59827700,0.729,45741100,0.73,22910600,638,100,0
sh513130,09:41:47,1765330910157,5512.09,0.9072,3.017,0.726,0.7255,0.0689,3182100,2309057,0.7256,0.725,133012100,0.724,96212800,0.723,85198000,0.722,55268800,0.721,51873000,0.726,36347600,0.727,85394400,0.728,59827700,0.729,45741100,0.73,22910600,1467,100,0
sh513130,09:41:50,1765330912154,5512.9,0.9072,2.4757,0.726,0.7249,0.1517,413000,299805,0.7259,0.725,133782200,0.724,96221800,0.723,85198800,0.722,55447000,0.721,51873000,0.726,41365200,0.727,84430000,0.728,60558800,0.729,46141100,0.73,22930600,1650,100,0
sh513130,09:41:53,1765330915159,5511.36,0.9072,3.0595,0.725,0.7249,0.0138,1739400,1261771,0.7254,0.725,133799700,0.724,96223900,0.723,85204100,0.722,55454300,0.721,51868000,0.726,41152500,0.727,84315800,0.728,60558800,0.729,45741100,0.73,22931500,636,100,0
sh513130,09:41:56,1765330919173,5510.71,0.9072,2.225,0.726,0.7255,0.0689,1226200,889217,0.7252,0.725,115517700,0.724,80546100,0.723,85224600,0.722,55454800,0.721,51871000,0.726,58719300,0.727,75675200,0.728,59568800,0.729,38741100,0.73,22881500,330,100,0
sh513130,09:41:59,1765330922172,5510.09,0.9072,1.955,0.726,0.7255,0.0689,131800,95682,0.726,0.725,116053500,0.724,81421800,0.723,85224800,0.722,55449800,0.721,52171000,0.726,58474900,0.727,75627200,0.728,59568800,0.729,38741100,0.73,22881500,1171,100,0
sh513130,09:42:02,1765330924167,5508.79,0.9072,0.2475,0.726,0.7255,0.0689,236500,171691,0.726,0.725,97300400,0.724,82305900,0.723,84345000,0.722,72829800,0.721,52171000,0.726,60308700,0.727,76687200,0.728,59568800,0.729,38741100,0.73,22836500,306,100,0
sh513130,09:42:05,1765330928178,5508.49,0.9072,0.9146,0.726,0.7255,0.0689,659000,478040,0.7254,0.725,114347000,0.724,83392200,0.723,85433300,0.722,55449700,0.721,52171000,0.726,62907500,0.727,75298400,0.728,59568800,0.729,38741100,0.73,23264700,704,100,0
sh513130,09:42:08,1765330930178,5508.0,0.9072,2.546,0.725,0.7255,-0.0689,92700,67259,0.7256,0.725,106994900,0.724,84343600,0.723,85537500,0.722,62839700,0.721,52191000,0.726,65871800,0.727,75298400,0.728,59568800,0.729,38741100,0.73,23284700,540,100,0
sh513130,09:42:11,1765330933192,5508.84,0.9072,4.3028,0.726,0.7255,0.0689,886700,643611,0.7258,0.725,107180300,0.724,85230800,0.723,85548500,0.722,62854500,0.721,52203200,0.726,65325100,0.727,76401400,0.728,59559800,0.729,38737500,0.73,23284700,693,100,0
sh513130,09:42:14,1765330937191,5507.48,0.9072,1.6501,0.726,0.7255,0.0689,362700,263238,0.7258,0.725,89031800,0.724,94627300,0.723,84494600,0.722,72860500,0.721,52204200,0.726,69116100,0.727,76464600,0.728,59559800,0.729,38737500,0.73,23284700,732,100,0
sh513130,09:42:17,1765330939190,5507.28,0.9072,2.1152,0.725,0.7255,-0.0689,609200,441734,0.7251,0.725,79450300,0.724,97283400,0.723,84518600,0.722,72860500,0.721,52205200,0.726,69136500,0.727,76561000,0.728,59573500,0.729,38737500,0.73,23284700,719,100,0
sh513130,09:42:17,1765330941194,5507.44,0.9072,4.7495,0.725,0.7255,-0.0689,609200,441734,0.7251,0.725,79450300,0.724,97283400,0.723,84518600,0.722,72860500,0.721,52205200,0.726,69136500,0.727,76561000,0.728,59573500,0.729,38737500,0.73,23284700,673,100,0
sh513130,09:42:20,1765330943202,5506.07,0.9072,4.3996,0.726,0.7249,0.1517,207000,150165,0.7254,0.725,78566500,0.724,98198600,0.723,85558100,0.722,72888400,0.721,52206500,0.726,68859300,0.727,75806300,0.728,59573500,0.729,38731400,0.73,23284700,638,100,0
sh513130,09:42:23,1765330946215,5504.56,0.9072,6.3075,0.726,0.7249,0.1517,30139200,21850942,0.725,0.725,41169500,0.724,100158500,0.723,86645200,0.722,79844700,0.721,52222600,0.726,70067800,0.727,76966300,0.728,59595500,0.729,38679200,0.73,23338400,1490,100,0
sh513130,09:42:26,1765330949208,5505.0,0.9072,3.5155,0.725,0.7249,0.0138,27119300,19663818,0.7251,0.725,19783400,0.724,101007000,0.723,86931900,0.722,79866700,0.721,52229600,0.726,71667800,0.727,75281900,0.728,59612100,0.729,38791300,0.73,23464200,190,100,0
sh513130,09:42:29,1765330951224,5505.81,0.9072,3.9113,0.725,0.7249,0.0138,1399200,1014446,0.725,0.725,23545700,0.724,101888600,0.723,86974100,0.722,79466700,0.721,52239600,0.726,73928400,0.727,75281900,0.728,59896900,0.729,38759900,0.73,23492200,47,100,0
sh513130,09:42:32,1765330953216,5505.47,0.9072,2.332,0.726,0.7249,0.1517,348000,252406,0.7253,0.725,27111200,0.724,102487900,0.723,86985100,0.722,79466700,0.721,51255900,0.726,74274500,0.727,74724800,0.728,59895900,0.729,38825600,0.73,23492200,751,100,0
sh513130,09:42:32,1765330955221,5505.35,0.9072,2.6107,0.726,0.7249,0.1517,348000,252406,0.7253,0.725,27111200,0.724,102487900,0.723,86985100,0.722,79466700,0.721,51255900,0.726,74274500,0.727,74724800,0.728,59895900,0.729,38825600,0.73,23492200,742,100,0
sh513130,09:42:35,1765330958216,5504.64,0.9072,1.8501,0.725,0.7249,0.0138,2176100,1577782,0.7251,0.725,22140000,0.724,102588900,0.723,87914100,0.722,79917700,0.721,51260900,0.726,75359400,0.727,74844300,0.728,59881900,0.729,38925600,0.73,23492200,577,100,0
sh513130,09:42:38,1765330961238,5504.21,0.9072,1.9815,0.726,0.7249,0.1517,641800,465373,0.7251,0.725,22996600,0.724,102637100,0.723,88795000,0.722,79561100,0.721,51266700,0.726,76500900,0.727,74894300,0.728,60051900,0.729,38959000,0.73,23492200,546,100,0
sh513130,09:42:41,1765330963222,5503.86,0.9072,1.3967,0.725,0.7249,0.0138,6996800,5072787,0.725,0.725,15653000,0.724,102715400,0.723,89885300,0.722,80104200,0.721,51269200,0.726,75561300,0.727,74904300,0.728,60246000,0.729,39949000,0.73,23494200,716,100,0
sh513130,09:42:44,1765330967253,5503.66,0.9072,3.9473,0.726,0.7249,0.1517,281400,204066,0.7252,0.725,16088700,0.724,102694800,0.723,90777700,0.722,79719200,0.721,51269200,0.726,76617600,0.727,74918300,0.728,60266000,0.729,40868200,0.73,23574200,676,100,0
sh513130,09:42:47,1765330969249,5503.88,0.9072,3.4101,0.726,0.7249,0.1517,68400,49616,0.7254,0.725,19131600,0.724,102906700,0.723,92653300,0.722,79756500,0.721,50269800,0.726,78000500,0.727,74915100,0.728,60266000,0.729,40868200,0.73,24684000,782,100,0
sh513130,09:42:50,1765330972259,5504.98,0.9072,3.5671,0.726,0.7249,0.1517,263500,191209,0.7257,0.725,26713500,0.724,102872000,0.723,94103900,0.722,79761500,0.721,50269800,0.726,79579200,0.727,75039700,0.728,60274900,0.729,40817400,0.73,24684000,1698,100,0
sh513130,09:42:53,1765330975256,5506.08,0.9072,4.3114,0.726,0.7249,0.1517,455300,330221,0.7253,0.725,23628800,0.724,102945200,0.723,95953800,0.722,79791500,0.721,52288600,0.726,81091700,0.727,75039700,0.728,60289800,0.729,40984700,0.73,24684000,390,100,0
sh513130,09:42:56,1765330978246,5506.22,0.9072,3.2236,0.726,0.7242,0.2486,52000,37752,0.726,0.725,27930200,0.724,103729100,0.723,96930600,0.722,79831900,0.721,48336000,0.726,82054900,0.727,75095900,0.728,60289800,0.729,41088000,0.73,24684000,1218,100,0
sh513130,09:42:59,1765330982277,5505.82,0.9072,3.5281,0.726,0.7242,0.2486,1004600,728459,0.7251,0.725,32191600,0.724,103683000,0.723,96966100,0.722,74831900,0.721,50334800,0.726,83037500,0.727,75095900,0.728,60315200,0.729,41088000,0.73,25654100,944,100,0
sh513130,09:43:02,1765330985271,5505.78,0.9072,3.8452,0.726,0.7242,0.2486,463000,335782,0.7252,0.725,29155600,0.724,103707500,0.723,97006200,0.722,74831900,0.721,52369800,0.726,83892200,0.727,75100900,0.728,60332200,0.729,41088000,0.73,25654100,824,100,0
sh513130,09:43:05,1765330987271,5505.36,0.9072,3.3396,0.726,0.7248,0.1656,705100,511380,0.7253,0.725,18010500,0.724,103756700,0.723,97051500,0.722,74877000,0.721,52390800,0.726,85943700,0.727,75043900,0.728,60381900,0.729,41088000,0.73,25654100,608,100,0
sh513130,09:43:08,1765330991274,5505.57,0.9072,4.0079,0.725,0.7248,0.0276,15446700,11199306,0.725,0.724,108122000,0.723,98201700,0.722,79993300,0.721,52576500,0.72,58963700,0.725,33089200,0.726,65835400,0.727,61667400,0.728,53118900,0.729,25086200,818,100,0
sh513130,09:43:11,1765330994294,5504.96,0.9072,3.0482,0.725,0.7242,0.1105,7545900,5470777,0.725,0.724,108160900,0.723,98202600,0.722,80403300,0.721,57576500,0.72,61005500,0.725,49148200,0.726,63861100,0.727,61667400,0.728,52718900,0.729,25111200,22,100,0
sh513130,09:43:14,1765330996293,5504.52,0.9072,3.9179,0.725,0.7242,0.1105,187800,136150,0.725,0.724,108193000,0.723,82205800,0.722,80405300,0.721,57618300,0.72,61028100,0.725,55535100,0.726,61072000,0.727,61637200,0.728,52804300,0.729,25111200,1845,100,0
sh513130,09:43:17,1765331000292,5504.88,0.9072,3.7789,0.725,0.7242,0.1105,418100,302873,0.7244,0.724,108466300,0.723,82210800,0.722,80574900,0.721,57711300,0.72,60990600,0.725,49729700,0.726,64095200,0.727,61726200,0.728,52804300,0.729,25111200,1709,100,0
sh513130,09:43:20,1765331002292,5504.85,0.9072,3.9367,0.725,0.7242,0.1105,200900,145604,0.7248,0.724,108966700,0.723,98258700,0.722,80582500,0.721,57717400,0.72,61103200,0.725,52869300,0.726,63852400,0.727,61625200,0.728,52804300,0.729,25111200,1553,100,0
sh513130,09:43:20,1765331004302,5504.68,0.9072,3.8545,0.725,0.7242,0.1105,200900,145604,0.7248,0.724,108966700,0.723,98258700,0.722,80582500,0.721,57717400,0.72,61103200,0.725,52869300,0.726,63852400,0.727,61625200,0.728,52804300,0.729,25111200,1405,100,0
sh513130,09:43:23,1765331005307,5504.39,0.9072,3.7879,0.725,0.7242,0.1105,669200,484935,0.7246,0.724,108796400,0.723,98288700,0.722,80582500,0.721,57689400,0.72,61128400,0.725,53461900,0.726,63041900,0.727,61625200,0.728,53194300,0.729,25111200,266,100,0
sh513130,09:43:26,1765331008338,5504.88,0.9072,3.1119,0.725,0.7242,0.1105,327500,237437,0.725,0.724,108977900,0.723,98289200,0.722,80553400,0.721,57710400,0.72,61139800,0.725,54426500,0.726,61702800,0.727,61625200,0.728,53144300,0.729,25111200,1114,100,0
sh513130,09:43:29,1765331012311,5504.44,0.9072,2.3245,0.725,0.7242,0.1105,300600,217935,0.725,0.724,110509600,0.723,99363800,0.722,81637500,0.721,58756700,0.72,62431500,0.725,56305000,0.726,60856400,0.727,61617100,0.728,52754300,0.729,25111200,788,100,0
sh513130,09:43:32,1765331015331,5504.7,0.9072,3.6378,0.725,0.7242,0.1105,232700,168666,0.7248,0.724,110872400,0.723,99438500,0.722,81642500,0.721,58796700,0.72,62440600,0.725,57979600,0.726,60400700,0.727,61617100,0.728,52754300,0.729,25111200,827,100,0
sh513130,09:43:35,1765331017332,5504.03,0.9072,3.4254,0.725,0.7242,0.1105,182300,132160,0.725,0.724,111031100,0.723,99507200,0.722,81693600,0.721,58799400,0.72,62538600,0.725,29438500,0.726,64299600,0.727,62546500,0.728,53154300,0.729,41111000,853,100,0
sh513130,09:43:38,1765331021329,5504.9,0.9072,3.064,0.725,0.7242,0.1105,1166800,845875,0.725,0.724,110792300,0.723,99510500,0.722,81780900,0.721,58897100,0.72,62593700,0.725,29446600,0.726,65173600,0.727,62716900,0.728,53154300,0.729,41539200,788,100,0
sh513130,09:43:41,1765331023329,5505.08,0.9072,4.0213,0.725,0.7242,0.1105,798600,578564,0.7245,0.724,110472700,0.723,99502300,0.722,81813900,0.721,58897200,0.72,62876900,0.725,33805200,0.726,65709600,0.727,62765700,0.728,53157300,0.729,41539200,852,100,0
sh513130,09:43:44,1765331027332,5505.67,0.9072,4.6829,0.725,0.7242,0.1105,260000,188493,0.725,0.724,110550300,0.723,99516700,0.722,81814300,0.721,58979700,0.72,63266600,0.725,24111900,0.726,66183700,0.727,62765700,0.728,53157300,0.729,41539200,732,100,0
sh513130,09:43:47,1765331029332,5505.07,0.9072,5.8456,0.725,0.7242,0.1105,3659700,2653242,0.725,0.724,110690900,0.723,99480100,0.722,82023200,0.721,59036700,0.72,63361000,0.725,21208200,0.726,67415500,0.727,62763000,0.728,55828400,0.729,41519200,576,100,0
sh513130,09:43:50,1765331032341,5505.68,0.9072,6.4083,0.725,0.7242,0.1105,22909400,16609315,0.725,0.725,30374100,0.724,108958400,0.723,98634500,0.722,82108200,0.721,59328500,0.726,71617300,0.727,63813000,0.728,55828400,0.729,41507600,0.73,26422700,1420,100,0
sh513130,09:43:53,1765331035345,5505.79,0.9072,3.4666,0.725,0.7242,0.1105,1517000,1099835,0.725,0.725,23651900,0.724,109144600,0.723,98790900,0.722,81722200,0.721,59330500,0.726,74120300,0.727,63796800,0.728,55728400,0.729,41461500,0.73,26388600,118,100,0
sh513130,09:43:56,1765331039352,5507.32,0.9072,3.7241,0.725,0.7248,0.0276,256100,185744,0.7253,0.725,26809000,0.724,109222300,0.723,98900500,0.722,81966300,0.721,59340500,0.726,75375100,0.727,63796800,0.728,55728400,0.729,41461500,0.73,26389600,903,100,0
sh513130,09:43:59,1765331041365,5506.07,0.9072,3.311,0.725,0.7248,0.0276,147600,107010,0.725,0.725,26476600,0.724,109583100,0.723,98941000,0.722,81958800,0.721,59340500,0.726,76370100,0.727,63796800,0.728,55722400,0.729,41456900,0.73,26399600,861,100,0
sh513130,09:44:02,1765331045361,5505.93,0.9072,2.2915,0.725,0.7242,0.1105,534400,387512,0.7251,0.725,25599700,0.724,110056000,0.723,99283300,0.722,82028800,0.721,59440500,0.726,77543100,0.727,64396800,0.728,55917700,0.729,41456900,0.73,26419600,606,100,0
sh513130,09:44:05,1765331048376,5506.17,0.9072,2.9161,0.725,0.7248,0.0276,459600,333294,0.7252,0.725,26493100,0.724,110993800,0.723,99448200,0.722,82059500,0.721,59440000,0.726,78963800,0.727,64396800,0.728,55917700,0.729,41456900,0.73,26358800,238,100,0
sh513130,09:44:08,1765331050381,5506.52,0.9072,3.5414,0.726,0.7248,0.1656,332300,240970,0.7252,0.725,60616000,0.724,102883800,0.723,100449900,0.722,67083300,0.721,56450800,0.726,80395300,0.727,63496800,0.728,56318800,0.729,41477900,0.73,26359000,78,100,0
sh513130,09:44:11,1765331054380,5507.87,0.9072,3.1812,0.726,0.7248,0.1656,411800,298586,0.7251,0.725,68025000,0.724,103044400,0.723,100440900,0.722,59708300,0.721,56423400,0.726,79366900,0.727,64437600,0.728,56377200,0.729,41477900,0.73,26380900,1878,100,0
sh513130,09:44:14,1765331056375,5507.74,0.9072,3.5106,0.726,0.7248,0.1656,1048200,759956,0.725,0.725,68282900,0.724,103056200,0.723,99451000,0.722,59718300,0.721,59421600,0.726,79453200,0.727,65313700,0.728,56377200,0.729,41477900,0.73,26380900,1738,100,0
sh513130,09:44:14,1765331058379,5507.91,0.9072,3.3605,0.726,0.7248,0.1656,1048200,759956,0.725,0.725,68282900,0.724,103056200,0.723,99451000,0.722,59718300,0.721,59421600,0.726,79453200,0.727,65313700,0.728,56377200,0.729,41477900,0.73,26380900,1602,100,0
sh513130,09:44:17,1765331059388,5508.35,0.9072,4.5084,0.726,0.7255,0.0689,43700,31724,0.7259,0.725,68406700,0.724,103082100,0.723,99497700,0.722,59948300,0.721,59421600,0.726,79410000,0.727,66207800,0.728,56390700,0.729,41477900,0.73,26381900,456,100,0
sh513130,09:44:20,1765331062387,5508.29,0.9072,4.3455,0.726,0.7255,0.0689,317400,230302,0.7256,0.725,68937700,0.724,119165900,0.723,99497800,0.722,59952900,0.721,59421600,0.726,69035300,0.727,70422300,0.728,56428600,0.729,48477900,0.73,26381900,1298,100,0
sh513130,09:44:23,1765331066395,5510.49,0.9072,5.8683,0.726,0.7255,0.0689,62400,45297,0.7259,0.725,70469900,0.724,109719400,0.723,91598200,0.722,59925700,0.721,59421600,0.726,50316200,0.727,75293900,0.728,57428000,0.729,48502500,0.73,42378700,989,100,0
sh513130,09:44:26,1765331069404,5513.94,0.9072,5.8369,0.726,0.7255,0.0689,22827800,16572909,0.726,0.726,33212600,0.725,68517300,0.724,105751400,0.723,91599800,0.722,59927900,0.727,79050100,0.728,59433600,0.729,49776700,0.73,42399700,0.731,21421600,909,100,0
sh513130,09:44:29,1765331071421,5515.7,0.9072,7.6873,0.726,0.7255,0.0689,50600,36736,0.726,0.726,72854700,0.725,61516400,0.724,106013300,0.723,70899400,0.722,60932700,0.727,80424100,0.728,59433600,0.729,49776700,0.73,42799700,0.731,21421600,973,100,0
sh513130,09:44:32,1765331075405,5516.83,0.9072,4.988,0.726,0.7254,0.0827,12800,9293,0.726,0.726,44469100,0.725,70051600,0.724,105263400,0.723,86294400,0.722,59988300,0.727,80319200,0.728,59413600,0.729,49776700,0.73,42441700,0.731,21431400,931,100,0
sh513130,09:44:35,1765331077416,5515.48,0.9072,4.1008,0.727,0.7261,0.1239,841200,610724,0.726,0.726,42016300,0.725,75646400,0.724,105304600,0.723,85295200,0.722,55990700,0.727,80351300,0.728,59443600,0.729,49776700,0.73,42841700,0.731,21431400,870,100,0
sh513130,09:44:38,1765331081421,5516.53,0.9072,3.8154,0.727,0.7261,0.1239,120100,87285,0.7268,0.726,56968200,0.725,71010000,0.724,107388100,0.723,85242200,0.722,55980700,0.727,81074900,0.728,59443600,0.729,49771700,0.73,42841700,0.731,21458000,919,100,0
sh513130,09:44:41,1765331084423,5517.59,0.9072,3.0348,0.727,0.7261,0.1239,77700,56474,0.7268,0.726,48859800,0.725,80582300,0.724,106438700,0.723,85229000,0.722,56277300,0.727,81424800,0.728,59509700,0.729,49781700,0.73,42510600,0.731,21458000,27,100,0
sh513130,09:44:44,1765331086424,5517.59,0.9072,2.9806,0.727,0.7261,0.1239,226700,164723,0.7266,0.726,66751000,0.725,73112300,0.724,106454500,0.723,75261800,0.722,60275100,0.727,82023900,0.728,58567700,0.729,49826700,0.73,42421600,0.731,21458000,1625,100,0
sh513130,09:44:47,1765331089424,5517.35,0.9072,2.6307,0.727,0.7261,0.1239,127900,92914,0.7265,0.726,56430900,0.725,73905700,0.724,106488700,0.723,85269800,0.722,60288100,0.727,82800100,0.728,59575500,0.729,49826700,0.73,42821600,0.731,21458000,318,100,0
sh513130,09:44:50,1765331092448,5517.54,0.9072,1.5329,0.727,0.7261,0.1239,462800,336456,0.727,0.726,66917100,0.725,75000900,0.724,106578700,0.723,75197600,0.722,60289400,0.727,83221600,0.728,59905800,0.729,49849400,0.73,42731600,0.731,21458000,28,100,0
sh513130,09:44:53,1765331096444,5517.43,0.9072,3.3591,0.727,0.7261,0.1239,154600,112294,0.7264,0.726,58674300,0.725,84341100,0.724,107565800,0.723,75206800,0.722,60289400,0.727,82882700,0.728,59915800,0.729,50827200,0.73,42734700,0.731,21458000,26,100,0
sh513130,09:44:56,1765331098457,5517.64,0.9072,5.3653,0.727,0.7261,0.1239,375400,272904,0.727,0.726,63083900,0.725,85622900,0.724,106270700,0.723,75206800,0.722,61288800,0.727,83658200,0.728,59915800,0.729,51031000,0.73,42934700,0.731,21458000,62,100,0
sh513130,09:44:59,1765331102455,5518.91,0.9072,5.082,0.727,0.7261,0.1239,144000,104648,0.7267,0.726,79242100,0.725,78285600,0.724,107243100,0.723,67892100,0.722,61289800,0.727,84417800,0.728,59043400,0.729,51033200,0.73,42934700,0.731,21458000,34,100,0
sh513130,09:45:02,1765331105459,5518.34,0.9072,4.9326,0.727,0.726,0.1377,121600,88403,0.727,0.726,80300700,0.725,80323700,0.724,107142200,0.723,67935100,0.722,60310700,0.727,85365400,0.728,59053400,0.729,51033200,0.73,43064700,0.731,21758000,957,100,0
sh513130,09:45:05,1765331107458,5521.2,0.9072,5.6437,0.726,0.726,0.0,345700,251230,0.7267,0.726,80742100,0.725,96355400,0.724,107193500,0.723,67986400,0.722,61314800,0.727,49176700,0.728,66395500,0.729,53022600,0.73,50064700,0.731,37754800,964,100,0
sh513130,09:45:08,1765331110455,5518.53,0.9072,3.9956,0.727,0.726,0.1377,379900,276188,0.727,0.726,80944500,0.725,72285100,0.724,99288600,0.723,68106400,0.722,61313000,0.727,83102700,0.728,60061000,0.729,57389400,0.73,43064700,0.731,21778000,49,100,0
sh513130,09:45:11,1765331113464,5518.94,0.9072,2.9517,0.727,0.726,0.1377,177300,128897,0.727,0.726,80959500,0.725,72462400,0.724,99342400,0.723,68046600,0.722,61323000,0.727,84892600,0.728,60081000,0.729,56399400,0.73,43375900,0.731,21808000,608,100,0
sh513130,09:45:14,1765331117464,5519.06,0.9072,1.7044,0.727,0.726,0.1377,2388200,1735213,0.7266,0.726,80025800,0.725,73635700,0.724,99336600,0.723,68046600,0.722,58324800,0.727,84961300,0.728,59082000,0.729,56399400,0.73,42377500,0.731,20808000,306,100,0
sh513130,09:45:17,1765331119472,5518.04,0.9072,1.1459,0.727,0.726,0.1377,64000,46519,0.7269,0.726,80199100,0.725,74172500,0.724,98476100,0.723,68044600,0.722,58474800,0.727,85016900,0.728,60174200,0.729,56401900,0.73,43396100,0.731,21808000,160,100,0
sh513130,09:45:20,1765331122470,5517.9,0.9072,1.6401,0.727,0.726,0.1377,99500,72327,0.7269,0.726,72842400,0.725,74743800,0.724,98896300,0.723,75523800,0.722,60485600,0.727,85075600,0.728,60199200,0.729,56432900,0.73,43396100,0.731,21808000,33,100,0
sh513130,09:45:23,1765331125479,5518.35,0.9072,3.8241,0.727,0.726,0.1377,75100,54598,0.727,0.726,80784800,0.725,75688100,0.724,100574800,0.723,68143800,0.722,60474600,0.727,79151300,0.728,59740000,0.729,56450100,0.73,50445100,0.731,21808000,1008,100,0
sh513130,09:45:26,1765331129497,5517.79,0.9072,2.5091,0.727,0.726,0.1377,1134600,824844,0.727,0.726,80791000,0.725,76672900,0.724,100591300,0.723,68113800,0.722,61479900,0.727,85407000,0.728,59991000,0.729,56507300,0.73,43447600,0.731,21808000,978,100,0
sh513130,09:45:29,1765331131490,5517.92,0.9072,1.9925,0.727,0.726,0.1377,502800,365535,0.727,0.726,81134000,0.725,77726400,0.724,100612600,0.723,68113800,0.722,61489900,0.727,85709900,0.728,60981000,0.729,56347300,0.73,43461900,0.731,21819900,1026,100,0
sh513130,09:45:32,1765331134486,5518.23,0.9072,1.9045,0.727,0.726,0.1377,15800,11487,0.727,0.726,81250900,0.725,78522100,0.724,100635400,0.723,68135000,0.722,61489900,0.727,87757600,0.728,60981000,0.729,56371400,0.73,43461900,0.731,21820900,6,100,0
sh513130,09:45:35,1765331138496,5515.35,0.9072,1.1139,0.727,0.726,0.1377,189100,137462,0.7269,0.726,50397700,0.725,87686900,0.724,98598100,0.723,85525000,0.722,61828100,0.727,88457500,0.728,61039700,0.729,56371400,0.73,43477900,0.731,21821300,61,100,0
sh513130,09:45:38,1765331141497,5514.64,0.9072,1.0492,0.727,0.726,0.1377,115100,83672,0.727,0.726,31569300,0.725,88618300,0.724,99585600,0.723,90503800,0.722,61837100,0.727,89591300,0.728,61183000,0.729,56371400,0.73,43079900,0.731,21841300,619,100,0
sh513130,09:45:41,1765331142513,5514.99,0.9072,2.4707,0.727,0.726,0.1377,596400,433159,0.7263,0.726,35923800,0.725,89898700,0.724,99463900,0.723,90502600,0.722,61784600,0.727,89589500,0.728,61169000,0.729,56005200,0.73,43319000,0.731,21841300,12,100,0
sh513130,09:45:44,1765331147507,5516.32,0.9072,1.6924,0.727,0.726,0.1377,189600,137779,0.7267,0.726,56551200,0.725,81915000,0.724,99558600,0.723,85512600,0.722,56787600,0.727,89471700,0.728,61189900,0.729,56006200,0.73,43719000,0.731,21841300,170,100,0
sh513130,09:45:47,1765331149512,5516.04,0.9072,1.327,0.727,0.726,0.1377,141400,102786,0.7269,0.726,48375400,0.725,91049400,0.724,99564100,0.723,85550500,0.722,60790200,0.727,90423200,0.728,61006400,0.729,56006200,0.73,43719000,0.731,21841300,19,100,0
sh513130,09:45:50,1765331153519,5516.69,0.9072,2.7664,0.727,0.726,0.1377,76700,55761,0.727,0.726,47286400,0.725,91165300,0.724,100442500,0.723,85550500,0.722,60804600,0.727,90767100,0.728,61066400,0.729,56016200,0.73,43725800,0.731,21859300,1009,100,0
sh513130,09:45:53,1765331156536,5516.65,0.9072,3.2787,0.726,0.726,0.0,161000,116998,0.7267,0.726,47896700,0.725,91197600,0.724,102068200,0.723,90557400,0.722,61814000,0.727,90622000,0.728,61939100,0.729,56016200,0.73,43720500,0.731,21881300,52,100,0
sh513130,09:45:56,1765331159537,5516.38,0.9072,4.0242,0.727,0.726,0.1377,620100,450798,0.727,0.726,41574000,0.725,91357500,0.724,103461300,0.723,90557400,0.722,61767000,0.727,90516500,0.728,62897700,0.729,56006200,0.73,43320500,0.731,21880700,1076,100,0
sh513130,09:45:59,1765331161536,5517.02,0.9072,3.6648,0.727,0.726,0.1377,154000,111940,0.7269,0.726,42116100,0.725,91543800,0.724,104338700,0.723,90557400,0.722,61767400,0.727,91026300,0.728,63730300,0.729,56005600,0.73,43403200,0.731,21880700,1085,100,0
sh513130,09:46:02,1765331165542,5515.6,0.9072,5.8807,0.727,0.726,0.1377,651200,473355,0.7269,0.726,30830300,0.725,91398000,0.724,105234500,0.723,90542400,0.722,61767400,0.727,91868500,0.728,64622900,0.729,56005600,0.73,43966200,0.731,21886700,939,100,0
sh513130,09:46:05,1765331168538,5515.65,0.9072,3.957,0.727,0.7259,0.1515,769700,559552,0.727,0.726,35384500,0.725,91505300,0.724,107111900,0.723,90579900,0.722,61779700,0.727,91330300,0.728,60219500,0.729,54131400,0.73,43961200,0.731,21995800,86,100,0
sh513130,09:46:08,1765331170545,5515.11,0.9072,4.5994,0.727,0.7259,0.1515,1227500,891372,0.7262,0.726,24076200,0.725,91542900,0.724,107984600,0.723,90592400,0.722,61810200,0.727,92108000,0.728,59358200,0.729,54431400,0.73,43961200,0.731,21995800,89,100,0
sh513130,09:46:11,1765331174555,5514.62,0.9072,2.1945,0.726,0.7259,0.0138,23660200,17177423,0.726,0.725,92993300,0.724,94156600,0.723,90592400,0.722,61827900,0.721,54681500,0.726,38628700,0.727,84800600,0.728,57388800,0.729,54431400,0.73,27964400,31,100,0
sh513130,09:46:14,1765331176551,5514.74,0.9072,1.5125,0.726,0.7259,0.0138,3069700,2228599,0.726,0.725,94305400,0.724,110162500,0.723,90594100,0.722,62827900,0.721,54681500,0.726,37092600,0.727,83058800,0.728,57395800,0.729,49031400,0.73,27974400,90,100,0
sh513130,09:46:17,1765331178559,5515.07,0.9072,2.0196,0.726,0.7259,0.0138,1039800,754820,0.7259,0.725,94514200,0.724,110033500,0.723,91044100,0.722,62842900,0.721,57680200,0.726,37623500,0.727,82623400,0.728,58268400,0.729,49031400,0.73,27982400,65,100,0
sh513130,09:46:17,1765331180556,5513.99,0.9072,1.9685,0.726,0.7259,0.0138,1039800,754820,0.7259,0.725,94514200,0.724,110033500,0.723,91044100,0.722,62842900,0.721,57680200,0.726,37623500,0.727,82623400,0.728,58268400,0.729,49031400,0.73,27982400,100,100,0
sh513130,09:46:20,1765331182554,5514.03,0.9072,0.9986,0.726,0.7252,0.1103,225500,163704,0.726,0.725,94826700,0.724,94161300,0.723,91093800,0.722,62866100,0.721,57690200,0.726,43540400,0.727,78193100,0.728,57395800,0.729,49031400,0.73,27982400,86,100,0
sh513130,09:46:23,1765331186577,5513.72,0.9072,2.5173,0.725,0.7252,-0.0276,577800,418954,0.7251,0.725,76505300,0.724,94194500,0.723,90140400,0.722,62896100,0.721,57690200,0.726,51749200,0.727,69160000,0.728,56568200,0.729,42231400,0.73,27982400,130,100,0
sh513130,09:46:26,1765331188568,5513.3,0.9072,2.4966,0.725,0.7252,-0.0276,354600,257395,0.7259,0.725,76710300,0.724,110207500,0.723,90150400,0.722,62896100,0.721,57691100,0.726,21952600,0.727,71412900,0.728,55604900,0.729,49231400,0.73,27982400,60,100,0
sh513130,09:46:29,1765331190568,5512.93,0.9072,5.0279,0.726,0.7252,0.1103,25600,18582,0.7259,0.725,77080600,0.724,110271800,0.723,91150400,0.722,63022100,0.721,54692900,0.726,10808400,0.727,75014900,0.728,57615500,0.729,49231400,0.73,43994400,43,100,0
sh513130,09:46:32,1765331194577,5513.11,0.9072,5.3752,0.726,0.7252,0.1103,770100,559082,0.726,0.725,79325700,0.724,110307800,0.723,91170400,0.722,63022100,0.721,54701400,0.726,10742100,0.727,71242000,0.728,56616100,0.729,49631400,0.73,28049600,110,100,0
sh513130,09:46:35,1765331198593,5512.85,0.9072,3.229,0.726,0.7259,0.0138,348600,253010,0.7258,0.725,78453000,0.724,95199300,0.723,90175400,0.722,63022100,0.721,57649600,0.726,50682600,0.727,72193500,0.728,55631100,0.729,42386400,0.73,28049600,74,100,0
sh513130,09:46:38,1765331200578,5512.37,0.9072,3.5077,0.725,0.7259,-0.124,281700,204389,0.7256,0.725,79068900,0.724,96137500,0.723,91175600,0.722,63539900,0.721,57649600,0.726,51719100,0.727,72704300,0.728,55638000,0.729,42498100,0.73,28049600,92,100,0
sh513130,09:46:41,1765331203586,5512.39,0.9072,4.0514,0.726,0.7252,0.1103,13000,9435,0.7258,0.725,79341400,0.724,97057500,0.723,91177100,0.722,63539800,0.721,56650100,0.726,45164600,0.727,71747300,0.728,55688100,0.729,42385000,0.73,28054600,133,100,0
sh513130,09:46:44,1765331206605,5513.65,0.9072,5.8719,0.726,0.7252,0.1103,114600,83127,0.7254,0.725,79869700,0.724,110449100,0.723,91167100,0.722,63549800,0.721,56750100,0.726,41697900,0.727,73019100,0.728,55688100,0.729,49385000,0.73,28015000,127,100,0
sh513130,09:46:47,1765331208642,5514.22,0.9072,8.029,0.726,0.7252,0.1103,8558700,6213596,0.726,0.726,31543000,0.725,82341900,0.724,109491400,0.723,91274800,0.722,63549800,0.727,77401500,0.728,58677500,0.729,49785000,0.73,44011800,0.731,23083200,137,100,0
sh513130,09:46:50,1765331212604,5513.54,0.9072,5.5405,0.726,0.7252,0.1103,326300,236894,0.726,0.726,20045800,0.725,83509600,0.724,109537400,0.723,90824800,0.722,63559800,0.727,79460200,0.728,58790600,0.729,54785000,0.73,43908200,0.731,23083200,130,100,0
sh513130,09:46:53,1765331216622,5513.67,0.9072,3.6571,0.727,0.7252,0.2482,39700,28825,0.7261,0.726,17388400,0.725,84522800,0.724,109565000,0.723,90899200,0.722,61562600,0.727,79410900,0.728,58890600,0.729,54785000,0.73,43908200,0.731,23083200,128,100,0
sh513130,09:46:56,1765331219615,5513.91,0.9072,2.8283,0.726,0.7252,0.1103,380300,276099,0.726,0.726,14117900,0.725,85721100,0.724,109598700,0.723,90922300,0.722,61570100,0.727,79446400,0.728,58890600,0.729,54785000,0.73,43913500,0.731,23083200,1070,100,0
sh513130,09:46:59,1765331222622,5513.63,0.9072,2.4807,0.726,0.7252,0.1103,147700,107233,0.726,0.726,7680200,0.725,86640200,0.724,109280900,0.723,90926800,0.722,63568900,0.727,78506300,0.728,58829800,0.729,54785000,0.73,43813500,0.731,23083200,48,100,0
sh513130,09:47:02,1765331224626,5512.5,0.9072,1.8276,0.726,0.7253,0.0965,9762800,7087812,0.726,0.725,86569400,0.724,110549600,0.723,90351100,0.722,63602700,0.721,52897300,0.726,35968700,0.727,72983700,0.728,56094800,0.729,54785000,0.73,27886700,168,100,0
sh513130,09:47:05,1765331227644,5513.46,0.9072,2.2366,0.726,0.7253,0.0965,4072200,2955896,0.7259,0.726,2669800,0.725,87404800,0.724,110535300,0.723,91346100,0.722,63602700,0.727,80231900,0.728,58094200,0.729,49405400,0.73,43883500,0.731,23083200,476,100,0
sh513130,09:47:08,1765331231645,5514.49,0.9072,3.4441,0.726,0.7253,0.0965,1721500,1250817,0.7266,0.726,40732800,0.725,81159700,0.724,111489300,0.723,91546100,0.722,64202700,0.727,80824200,0.728,59774200,0.729,50405400,0.73,44483500,0.731,23683200,175,100,0
sh513130,09:47:11,1765331233644,5516.51,0.9072,3.6727,0.726,0.7253,0.0965,31300,22724,0.726,0.726,42465300,0.725,82898900,0.724,110501600,0.723,91546600,0.722,64205500,0.727,80808900,0.728,59774200,0.729,55425400,0.73,44493500,0.731,23683200,16,100,0
sh513130,09:47:14,1765331236643,5518.59,0.9072,4.6457,0.726,0.7253,0.0965,16400,11909,0.7262,0.726,64658800,0.725,100170400,0.724,110634300,0.723,69150900,0.722,63175500,0.727,71909700,0.728,59390100,0.729,55445400,0.73,51493500,0.731,22773200,184,100,0
sh513130,09:47:17,1765331240655,5519.84,0.9072,4.1773,0.726,0.726,0.0,17000,12348,0.7264,0.726,66881000,0.725,85165900,0.724,109663600,0.723,69150900,0.722,63175500,0.727,75778500,0.728,64730500,0.729,55485400,0.73,44493500,0.731,22773200,191,100,0
sh513130,09:47:20,1765331242654,5519.69,0.9072,3.564,0.726,0.726,0.0,99500,72259,0.7262,0.726,66875900,0.725,86808800,0.724,109675700,0.723,69182200,0.722,63176100,0.727,79579100,0.728,61133200,0.729,55485400,0.73,44493500,0.731,22773200,194,100,0
sh513130,09:47:23,1765331245663,5519.64,0.9072,3.7693,0.726,0.726,0.0,21700,15756,0.7261,0.726,66918600,0.725,87904400,0.724,109802700,0.723,69227200,0.722,63226300,0.727,77120500,0.728,64466700,0.729,55485400,0.73,44493500,0.731,22773200,1164,100,0
sh513130,09:47:26,1765331248673,5520.14,0.9072,1.6516,0.727,0.726,0.1377,354100,257108,0.7261,0.726,55529900,0.725,88908500,0.724,109931400,0.723,69227800,0.722,63253100,0.727,79391600,0.728,61410500,0.729,55485400,0.73,44501700,0.731,22773200,229,100,0
sh513130,09:47:29,1765331252672,5519.13,0.9072,2.5092,0.727,0.726,0.1377,239200,173784,0.7265,0.726,34105200,0.725,89839500,0.724,107038700,0.723,76617800,0.722,63250500,0.727,82777300,0.728,60410500,0.729,55545400,0.73,44620200,0.731,22773200,211,100,0
sh513130,09:47:32,1765331254676,5519.81,0.9072,1.9718,0.726,0.726,0.0,8485900,6160784,0.726,0.726,24889800,0.725,90784100,0.724,106237300,0.723,86629900,0.722,63294500,0.727,85935000,0.728,60427500,0.729,55545400,0.73,44620200,0.731,22790900,159,100,0
sh513130,09:47:35,1765331256685,5519.47,0.9072,1.2188,0.726,0.7259,0.0138,136800,99350,0.7262,0.726,30631400,0.725,91691500,0.724,106761100,0.723,85630900,0.722,63426100,0.727,85945600,0.728,60496200,0.729,55545400,0.73,44620200,0.731,22790900,242,100,0
sh513130,09:47:38,1765331260688,5520.83,0.9072,2.6293,0.726,0.7259,0.0138,1157200,841152,0.7269,0.726,50864000,0.725,91374000,0.724,106796300,0.723,69179700,0.722,59428500,0.727,84718600,0.728,59496400,0.729,55545400,0.73,44619200,0.731,22790900,251,100,0
sh513130,09:47:41,1765331263694,5520.59,0.9072,2.4692,0.727,0.7259,0.1515,271100,196959,0.7265,0.726,51496700,0.725,106873700,0.724,99148300,0.723,69194300,0.722,59428500,0.727,73287900,0.728,62841800,0.729,55545400,0.73,51619200,0.731,22790900,1212,100,0
sh513130,09:47:44,1765331267711,5520.72,0.9072,3.0174,0.727,0.7259,0.1515,72100,52400,0.7268,0.726,51738300,0.725,91849400,0.724,130149500,0.723,100209600,0.722,63428100,0.727,81092600,0.728,62891800,0.729,86540100,0.73,68602400,0.731,22790900,1262,100,0
sh513130,09:47:47,1765331269719,5521.61,0.9072,1.5203,0.727,0.7259,0.1515,30600,22219,0.7261,0.726,51820400,0.725,108146600,0.724,129273800,0.723,100204400,0.722,63428100,0.727,72399400,0.728,63575000,0.729,56533200,0.73,76002400,0.731,53787800,1273,100,0
sh513130,09:47:50,1765331272704,5522.08,0.9072,6.5898,0.727,0.7259,0.1515,61300,44565,0.727,0.726,53283000,0.725,98365000,0.724,129306400,0.723,100228400,0.722,63430200,0.727,34670300,0.728,67873500,0.729,59539000,0.73,76002400,0.731,69784600,237,100,0
sh513130,09:47:53,1765331275725,5522.4,0.9072,4.7269,0.726,0.7259,0.0138,2962300,2153395,0.7269,0.726,55474500,0.725,98462100,0.724,129335400,0.723,100228400,0.722,63430200,0.727,34668700,0.728,68785500,0.729,59499000,0.73,76002400,0.731,69805800,1118,100,0
sh513130,09:47:56,1765331278738,5523.33,0.9072,3.8423,0.727,0.7266,0.0551,374000,271898,0.727,0.726,56645600,0.725,99593300,0.724,128335500,0.723,100228400,0.722,63430200,0.727,31471300,0.728,67785500,0.729,58499600,0.73,76047400,0.731,69805800,288,100,0
sh513130,09:47:59,1765331282719,5525.03,0.9072,4.1735,0.727,0.7266,0.0551,26537100,19292472,0.727,0.727,24636200,0.726,57911300,0.725,96310000,0.724,129362300,0.723,100010300,0.728,72069700,0.729,59316600,0.73,81044400,0.731,69891200,0.732,20536200,252,100,0
sh513130,09:48:02,1765331284724,5525.03,0.9072,2.2117,0.727,0.7266,0.0551,569500,414026,0.727,0.727,23388300,0.726,60511100,0.725,96461800,0.724,128012300,0.723,100079400,0.728,74119700,0.729,58317200,0.73,81044400,0.731,69891800,0.732,20536200,256,100,0
sh513130,09:48:05,1765331287734,5525.72,0.9072,4.5246,0.727,0.7266,0.0551,9794200,7120403,0.727,0.726,69007000,0.725,130553800,0.724,129442900,0.723,100030200,0.722,75454100,0.728,72010100,0.729,88357100,0.73,81046400,0.731,50893700,0.732,19976200,154,100,0
sh513130,09:48:08,1765331291752,5524.57,0.9072,5.0359,0.727,0.7266,0.0551,247900,180212,0.727,0.726,71179700,0.725,114800100,0.724,128444900,0.723,99137000,0.722,75444300,0.727,28538500,0.728,71042100,0.729,87357700,0.73,80646400,0.731,34852100,1278,100,0
sh513130,09:48:11,1765331293751,5524.21,0.9072,4.5167,0.727,0.7266,0.0551,1350900,982105,0.727,0.726,72856300,0.725,130834100,0.724,129449900,0.723,100037000,0.722,75460100,0.727,29669700,0.728,101876700,0.729,79359500,0.73,63662000,0.731,34801800,1220,100,0
sh513130,09:48:14,1765331297747,5523.84,0.9072,2.7977,0.727,0.7266,0.0551,753700,547894,0.7269,0.726,74192200,0.725,132624900,0.724,129411700,0.723,100006000,0.722,75510100,0.727,34633500,0.728,100889300,0.729,79349500,0.73,63662000,0.731,34801800,1287,100,0
sh513130,09:48:17,1765331298752,5524.16,0.9072,0.7091,0.727,0.7266,0.0551,916900,666146,0.7265,0.726,75896900,0.725,132143600,0.724,128405700,0.723,100026100,0.722,75511100,0.727,35596400,0.728,100049900,0.729,79349500,0.73,63562000,0.731,34801800,258,100,0
sh513130,09:48:20,1765331301753,5525.06,0.9072,2.1492,0.727,0.7266,0.0551,468400,340527,0.727,0.726,109068200,0.725,132133400,0.724,129503700,0.723,81067700,0.722,75541100,0.727,11856600,0.728,103048100,0.729,81347700,0.73,63562000,0.731,50798600,1262,100,0
sh513130,09:48:23,1765331305755,5525.36,0.9072,2.3857,0.727,0.7266,0.0551,6648600,4833532,0.727,0.727,21774500,0.726,110203200,0.725,130280500,0.724,129517700,0.723,81117700,0.728,102817800,0.729,82647700,0.73,63962000,0.731,50803600,0.732,20978900,956,100,0
sh513130,09:48:26,1765331308802,5525.99,0.9072,4.0428,0.727,0.7266,0.0551,144400,104979,0.727,0.727,25274600,0.726,112326200,0.725,130784100,0.724,129122200,0.723,80113500,0.728,104817800,0.729,82647700,0.73,69026300,0.731,50803600,0.732,20978900,253,100,0
sh513130,09:48:29,1765331312776,5527.73,0.9072,3.4647,0.727,0.7266,0.0551,236000,171572,0.727,0.727,29109400,0.726,113338000,0.725,130001900,0.724,129109100,0.723,80113500,0.728,105741000,0.729,81782700,0.73,69026300,0.731,50803600,0.732,20978900,313,100,0
sh513130,09:48:32,1765331315777,5527.94,0.9072,5.6533,0.728,0.7266,0.1927,77200,56151,0.7273,0.727,55394100,0.726,106490600,0.725,129280500,0.724,114117100,0.723,80113500,0.728,106586500,0.729,81782700,0.73,69076300,0.731,50849600,0.732,20978900,130,100,0
sh513130,09:48:35,1765331317776,5529.23,0.9072,6.7892,0.727,0.7273,-0.0412,1183100,860195,0.7271,0.727,93676000,0.726,123702100,0.725,130126000,0.724,86642700,0.723,78140500,0.728,64777000,0.729,84073100,0.73,88166300,0.731,57859600,0.732,21178900,1278,100,0
sh513130,09:48:38,1765331319792,5529.48,0.9072,5.6648,0.728,0.7273,0.0962,1222100,889689,0.728,0.727,97675200,0.726,124898300,0.725,122424000,0.724,86757900,0.723,78157800,0.728,33984400,0.729,87527300,0.73,92154500,0.731,57859600,0.732,37175700,1313,100,0
sh513130,09:48:41,1765331322786,5531.36,0.9072,4.5817,0.728,0.7273,0.0962,1345200,979306,0.728,0.727,99012000,0.726,118611400,0.725,122653000,0.724,86763900,0.723,78164700,0.728,23083200,0.729,87527300,0.73,92154500,0.731,58259600,0.732,37175700,322,100,0
sh513130,09:48:44,1765331326791,5531.5,0.9072,2.6614,0.728,0.7273,0.0962,4332800,3154260,0.728,0.727,99655300,0.726,118588500,0.725,122729500,0.724,86864000,0.723,78186500,0.728,17058400,0.729,87527600,0.73,90161700,0.731,58259600,0.732,37175700,338,100,0
sh513130,09:48:47,1765331328799,5532.01,0.9072,2.451,0.728,0.7273,0.0962,25509600,18570972,0.728,0.727,98832800,0.726,115415400,0.725,121832900,0.724,84843400,0.723,87118600,0.728,996900,0.729,91788600,0.73,91343700,0.731,63331600,0.732,37196700,218,100,0
sh513130,09:48:50,1765331332817,5532.53,0.9072,2.2695,0.728,0.7273,0.0962,3406800,2480115,0.728,0.727,99809200,0.726,115061400,0.725,122944900,0.724,84845400,0.723,87118600,0.728,4344500,0.729,91793600,0.73,91243700,0.731,63331600,0.732,37191100,372,100,0
sh513130,09:48:53,1765331335802,5533.09,0.9072,1.8551,0.728,0.7273,0.0962,6630600,4827029,0.728,0.728,5827400,0.727,92281300,0.726,114656400,0.725,123087200,0.724,84897800,0.729,92675100,0.73,91243700,0.731,63331600,0.732,37191100,0.733,20852700,749,100,0
sh513130,09:48:56,1765331339806,5535.49,0.9072,0.9654,0.728,0.7273,0.0962,20100,14633,0.728,0.728,35734100,0.727,91834800,0.726,114503100,0.725,107783500,0.724,84817000,0.729,94556600,0.73,91308700,0.731,63331600,0.732,37181100,0.733,21502800,426,100,0
sh513130,09:48:59,1765331341816,5534.63,0.9072,0.5966,0.728,0.7273,0.0962,27000,19676,0.7287,0.728,18008200,0.727,97306000,0.726,111614800,0.725,118637100,0.724,84782800,0.729,94557200,0.73,92308100,0.731,63512700,0.732,37185100,0.733,21564800,295,100,0
sh513130,09:49:02,1765331344822,5535.48,0.9072,3.0642,0.728,0.728,0.0,1471100,1072116,0.7288,0.728,39654600,0.727,90066400,0.726,112538100,0.725,108219000,0.724,84840500,0.729,94351200,0.73,92397500,0.731,63496500,0.732,37168900,0.733,21564800,358,100,0
