symbol,tx_server_time,tx_local_time,index_price,fx_rate,sentiment,price,iopv,premium_rate,tick_vol,tick_amt,tick_vwap,bp1,bv1,bp2,bv2,bp3,bv3,bp4,bv4,bp5,bv5,sp1,sv1,sp2,sv2,sp3,sv3,sp4,sv4,sp5,sv5,idx_delay_ms,fut_delay_ms,data_flags
sh513130,09:30:05,1767749407505,5799.75,0.8963,2.2547,0.755,0.7534,0.2124,0,0,0.755,0.754,19288600,0.753,34772300,0.752,36852100,0.751,34526900,0.75,43187400,0.755,15265900,0.756,29704600,0.757,24092100,0.758,22981400,0.759,12206400,675,100,1
sh513130,09:30:08,1767749410486,5796.59,0.8963,1.587,0.755,0.7534,0.2124,1533200,1157512,0.755,0.754,25497000,0.753,36051400,0.752,38055900,0.751,40906200,0.75,45603100,0.755,19026600,0.756,29719700,0.757,28891100,0.758,19621600,0.759,11398300,12,100,0
sh513130,09:30:11,1767749413500,5795.8,0.8963,2.4086,0.754,0.7541,-0.0133,3848500,2904298,0.7547,0.754,26777300,0.753,41491300,0.752,41607600,0.751,44415700,0.75,46966700,0.755,18256200,0.756,32410600,0.757,33057900,0.758,19846900,0.759,12506800,666,100,0
sh513130,09:30:14,1767749415493,5794.63,0.8963,3.7928,0.755,0.7528,0.2922,11224900,8466583,0.7543,0.754,18860000,0.753,39034400,0.752,42053500,0.751,45968800,0.75,48773300,0.755,22571600,0.756,32488700,0.757,32060800,0.758,18857900,0.759,12571200,341,100,0
sh513130,09:30:17,1767749419499,5797.2,0.8963,2.9035,0.755,0.7528,0.2922,28823100,21740037,0.7543,0.754,117500,0.753,40240100,0.752,40518600,0.751,46155900,0.75,50696100,0.755,12930400,0.756,32539900,0.757,22108900,0.758,17522700,0.759,14649000,1017,100,0
sh513130,09:30:20,1767749422484,5791.31,0.8963,2.702,0.754,0.7528,0.1594,5352000,4037491,0.7544,0.753,37871200,0.752,41369400,0.751,46661400,0.75,51208200,0.749,23079100,0.754,9900700,0.755,12198800,0.756,32478800,0.757,16246400,0.758,18093400,13,100,0
sh513130,09:30:23,1767749425469,5787.86,0.8963,2.1964,0.754,0.7528,0.1594,8307800,6258456,0.7533,0.753,32030000,0.752,39277600,0.751,50847600,0.75,51734000,0.749,23338100,0.754,17182400,0.755,10568600,0.756,30594000,0.757,15354400,0.758,18093400,986,100,0
sh513130,09:30:20,1767749426474,5787.34,0.8963,1.6541,0.754,0.7528,0.1594,0,0,0.754,0.753,37871200,0.752,41369400,0.751,46661400,0.75,51208200,0.749,23079100,0.754,9900700,0.755,12198800,0.756,32478800,0.757,16246400,0.758,18093400,0,100,1
sh513130,09:30:23,1767749427478,5787.34,0.8963,3.7506,0.754,0.7528,0.1594,8307800,6258456,0.7533,0.753,32030000,0.752,39277600,0.751,50847600,0.75,51734000,0.749,23338100,0.754,17182400,0.755,10568600,0.756,30594000,0.757,15354400,0.758,18093400,641,100,0
sh513130,09:30:26,1767749428482,5787.34,0.8963,3.2972,0.754,0.7521,0.2526,5280100,3980850,0.7539,0.753,30498900,0.752,39424700,0.751,51428800,0.75,57990700,0.749,23414600,0.754,20260500,0.755,11467300,0.756,29673200,0.757,14954400,0.758,18120900,1645,100,0
sh513130,09:30:29,1767749431480,5782.24,0.8963,3.5337,0.754,0.7521,0.2526,7278700,5482861,0.7533,0.753,24352500,0.752,37887400,0.751,48937900,0.75,60206100,0.749,23671400,0.754,29618900,0.755,12697400,0.756,23417300,0.757,15027400,0.758,18120900,941,100,0
sh513130,09:30:32,1767749433476,5779.7,0.8963,0.5069,0.754,0.7521,0.2526,9998400,7530108,0.7531,0.753,17509700,0.752,38657500,0.751,48557100,0.75,61160200,0.749,23721500,0.754,31811100,0.755,17359800,0.756,19433700,0.757,15065500,0.758,18221900,990,100,0
sh513130,09:30:35,1767749437473,5780.26,0.8963,4.3042,0.753,0.7508,0.293,19320800,14549980,0.7531,0.752,36926200,0.751,42011900,0.75,62935800,0.749,23737000,0.748,33445000,0.753,163500,0.754,26598700,0.755,18358900,0.756,19467300,0.757,15086100,1037,100,0
sh513130,09:30:38,1767749440456,5783.22,0.8963,4.7262,0.753,0.7508,0.293,3757100,2828917,0.753,0.752,36361700,0.751,39318500,0.75,60215900,0.749,23765700,0.748,33511000,0.753,18874900,0.754,21631900,0.755,21835900,0.756,17983700,0.757,15186200,62,100,0
sh513130,09:30:41,1767749443480,5784.28,0.8963,5.0056,0.753,0.7508,0.293,10752700,8090895,0.7525,0.752,30372400,0.751,36636800,0.75,73483300,0.749,37336400,0.748,43142000,0.753,26223800,0.754,30830500,0.755,23705400,0.756,17095200,0.757,15218100,320,100,0
sh513130,09:30:44,1767749446476,5787.33,0.8963,3.9121,0.753,0.7508,0.293,20565700,15469065,0.7522,0.752,12634000,0.751,37040000,0.75,76959900,0.749,39660900,0.748,43165500,0.753,29826500,0.754,38517900,0.755,29120200,0.756,22106500,0.757,15220400,32,100,0
sh513130,09:30:47,1767749448473,5787.47,0.8963,3.6686,0.753,0.7508,0.293,5619800,4230205,0.7527,0.752,16139500,0.751,37544100,0.75,81269400,0.749,39728000,0.748,43505000,0.753,18579400,0.754,42545700,0.755,29853500,0.756,26731200,0.757,15220600,49,100,0
sh513130,09:30:50,1767749452464,5782.32,0.8963,3.2873,0.752,0.7521,-0.0133,20950100,15757615,0.7521,0.751,52618600,0.75,75425700,0.749,38761000,0.748,43609000,0.747,23795600,0.752,714700,0.753,15201400,0.754,39889600,0.755,28622500,0.756,25770000,79,100,0
sh513130,09:30:53,1767749454465,5781.02,0.8963,-1.4167,0.752,0.7521,-0.0133,3899700,2932505,0.752,0.751,66362200,0.75,75760700,0.749,44986900,0.748,37237000,0.747,28184500,0.752,11941900,0.753,23906200,0.754,50250600,0.755,32775300,0.756,23440700,2,100,0
sh513130,09:30:56,1767749458466,5779.0,0.8963,3.8427,0.752,0.7515,0.0665,2252800,1693888,0.7519,0.751,47973800,0.75,76307300,0.749,44195200,0.748,45514100,0.747,28410300,0.752,10135500,0.753,19900500,0.754,53798300,0.755,33685200,0.756,24975200,32,100,0
sh513130,09:30:59,1767749462449,5775.8,0.8963,5.6054,0.752,0.7515,0.0665,5389000,4049810,0.7515,0.751,36407500,0.75,81008100,0.749,45969000,0.748,45754900,0.747,29418200,0.752,19807000,0.753,27746800,0.754,53628100,0.755,33061200,0.756,20093500,30,100,0
sh513130,09:31:02,1767749463445,5775.8,0.8963,3.7385,0.752,0.7515,0.0665,28311500,21264419,0.7511,0.751,10314900,0.75,78012200,0.749,45960400,0.748,45898900,0.747,32927200,0.752,16423400,0.753,38426700,0.754,53662200,0.755,33311300,0.756,14794000,1025,100,0
sh513130,09:31:05,1767749466450,5772.3,0.8963,3.3088,0.75,0.7501,-0.0133,13667600,10266183,0.7511,0.75,68324700,0.749,45040200,0.748,47949300,0.747,37350800,0.746,21973500,0.751,16922500,0.752,17001800,0.753,38547900,0.754,50606900,0.755,31403400,62,100,0
sh513130,09:31:08,1767749470457,5772.91,0.8963,4.7003,0.751,0.7501,0.12,5438100,4081905,0.7506,0.75,57027600,0.749,53840100,0.748,52747000,0.747,37352000,0.746,21973700,0.751,18104100,0.752,29530300,0.753,38643500,0.754,46487800,0.755,20708400,31,100,0
sh513130,09:31:11,1767749472463,5769.94,0.8963,6.0839,0.751,0.7501,0.12,6550300,4915462,0.7504,0.75,54058300,0.749,53893600,0.748,54340900,0.747,38192300,0.746,21989600,0.751,23126800,0.752,34638900,0.753,38483900,0.754,46299600,0.755,18703900,32,100,0
sh513130,09:31:14,1767749476467,5771.95,0.8963,4.1443,0.751,0.7495,0.2001,1264900,949132,0.7504,0.75,55043200,0.749,54243600,0.748,54378500,0.747,38371000,0.746,21984600,0.751,25221800,0.752,34845100,0.753,38408400,0.754,45861700,0.755,18812600,64,100,0
sh513130,09:31:17,1767749479461,5771.28,0.8963,3.4262,0.751,0.7495,0.2001,2193200,1645483,0.7503,0.75,54559200,0.749,55037600,0.748,53450200,0.747,37388000,0.746,22169400,0.751,33103500,0.752,29229500,0.753,27056300,0.754,40606500,0.755,18817300,981,100,0
sh513130,09:31:20,1767749482484,5769.57,0.8963,3.3234,0.751,0.7495,0.2001,27977500,20983725,0.75,0.75,28387100,0.749,48133100,0.748,53727500,0.747,37409200,0.746,30694300,0.751,41973600,0.752,29241200,0.753,27190900,0.754,35443900,0.755,18571200,10,100,0
sh513130,09:31:23,1767749484495,5767.58,0.8963,4.5326,0.751,0.7495,0.2001,15299500,11476223,0.7501,0.75,16558400,0.749,42294400,0.748,56729200,0.747,41099900,0.746,30789300,0.751,48202200,0.752,33597700,0.753,32062600,0.754,35996300,0.755,18591100,63,100,0
sh513130,09:31:26,1767749487497,5769.53,0.8963,4.0229,0.75,0.7489,0.1469,19095300,14322155,0.75,0.749,37861100,0.748,56778200,0.747,45852600,0.746,30856200,0.745,18349200,0.75,2089800,0.751,38094500,0.752,33592200,0.753,31821000,0.754,36162600,1019,100,0
sh513130,09:31:29,1767749491495,5766.08,0.8963,4.3863,0.75,0.7489,0.1469,2131200,1598387,0.75,0.749,37980800,0.748,57210500,0.747,46200800,0.746,31314400,0.745,18365500,0.75,7595400,0.751,41256300,0.752,33614900,0.753,28726900,0.754,31098100,1048,100,0
sh513130,09:31:32,1767749494492,5763.3,0.8963,1.9981,0.75,0.7489,0.1469,2454200,1840564,0.75,0.749,37981100,0.748,57524100,0.747,46265700,0.746,31314400,0.745,18596500,0.75,10467300,0.751,40420100,0.752,33584700,0.753,28699200,0.754,31078400,62,100,0
sh513130,09:31:35,1767749497489,5760.4,0.8963,3.4223,0.749,0.7489,0.0134,35167800,26343727,0.7491,0.748,44207100,0.747,48286400,0.746,34390700,0.745,26986400,0.744,6537600,0.749,2999700,0.75,20218800,0.751,38922200,0.752,33383100,0.753,20482900,483,100,0
sh513130,09:31:38,1767749499495,5760.01,0.8963,3.4408,0.749,0.7489,0.0134,3117100,2334417,0.7489,0.748,52744200,0.747,48347500,0.746,39138800,0.745,27217400,0.744,6562300,0.749,7596600,0.75,27975100,0.751,38920600,0.752,33283600,0.753,13971400,131,100,0
sh513130,09:31:41,1767749503470,5759.1,0.8963,7.0674,0.748,0.7475,0.0669,1334600,999426,0.7489,0.748,53073800,0.747,48931500,0.746,39210000,0.745,27237400,0.744,6562400,0.749,9582300,0.75,25511100,0.751,40083900,0.752,31004000,0.753,11622800,1053,100,0
sh513130,09:31:44,1767749506473,5758.78,0.8963,7.6447,0.748,0.7475,0.0669,2530000,1894146,0.7487,0.748,52159500,0.747,49141400,0.746,39872600,0.745,27303000,0.744,6592500,0.749,9645300,0.75,16990600,0.751,39948300,0.752,31074000,0.753,21380500,70,100,0
sh513130,09:31:47,1767749508469,5759.55,0.8963,4.34,0.749,0.7475,0.2007,3129400,2342982,0.7487,0.748,52996400,0.747,49103300,0.746,39877600,0.745,27474000,0.744,6592500,0.749,12763000,0.75,22893200,0.751,38487500,0.752,31058800,0.753,11624500,67,100,0
sh513130,09:31:50,1767749512480,5756.17,0.8963,1.6409,0.749,0.7475,0.2007,3166300,2371110,0.7489,0.748,47155700,0.747,49363600,0.746,39958700,0.745,27620000,0.744,6593500,0.749,13797700,0.75,24020500,0.751,36046200,0.752,28233900,0.753,11624500,30,100,0
sh513130,09:31:53,1767749515472,5754.63,0.8963,-0.1359,0.749,0.7475,0.2007,4114000,3078918,0.7484,0.748,36005300,0.747,48080000,0.746,39034700,0.745,27502500,0.744,14972900,0.749,16838700,0.75,28082200,0.751,35359800,0.752,28228500,0.753,11624500,1027,100,0
sh513130,09:31:56,1767749517479,5754.9,0.8963,4.5071,0.749,0.7475,0.2007,1678700,1256386,0.7484,0.748,37545300,0.747,48155300,0.746,39044600,0.745,27869400,0.744,14982900,0.749,23804300,0.75,24879100,0.751,35923700,0.752,28195800,0.753,11515400,1033,100,0
sh513130,09:31:53,1767749518469,5754.15,0.8963,3.2953,0.749,0.7475,0.2007,0,0,0.749,0.748,36005300,0.747,48080000,0.746,39034700,0.745,27502500,0.744,14972900,0.749,16838700,0.75,28082200,0.751,35359800,0.752,28228500,0.753,11624500,46,100,1
sh513130,09:31:56,1767749519473,5754.15,0.8963,1.2222,0.749,0.7475,0.2007,1678700,1256386,0.7484,0.748,37545300,0.747,48155300,0.746,39044600,0.745,27869400,0.744,14982900,0.749,23804300,0.75,24879100,0.751,35923700,0.752,28195800,0.753,11515400,1050,100,0
sh513130,09:31:59,1767749520474,5754.15,0.8963,2.2671,0.749,0.7469,0.2812,2126700,1592342,0.7487,0.748,39129000,0.747,48411800,0.746,39446900,0.745,28265100,0.744,15807600,0.749,21404300,0.75,27088400,0.751,35681100,0.752,28179000,0.753,13525400,93,100,0
sh513130,09:32:02,1767749524460,5754.36,0.8963,1.461,0.749,0.7469,0.2812,1910600,1430399,0.7487,0.748,39838900,0.747,44208400,0.746,40533600,0.745,28979100,0.744,14840100,0.749,21344200,0.75,26224000,0.751,34606700,0.752,28236000,0.753,13550300,48,100,0
sh513130,09:32:05,1767749527462,5756.85,0.8963,2.8446,0.748,0.7469,0.1473,1590900,1191128,0.7487,0.748,46802000,0.747,45996400,0.746,40600600,0.745,29364000,0.744,8639500,0.749,21090700,0.75,28455800,0.751,34358100,0.752,28239000,0.753,13030600,7,100,0
sh513130,09:32:08,1767749531455,5757.68,0.8963,2.4618,0.749,0.7469,0.2812,1937200,1450507,0.7488,0.748,58754600,0.747,47307100,0.746,41607800,0.745,29779000,0.744,7709600,0.749,19040500,0.75,31216700,0.751,34281600,0.752,28265100,0.753,13030600,946,100,0
sh513130,09:32:11,1767749532455,5756.16,0.8963,2.4616,0.749,0.7469,0.2812,11660700,8733682,0.749,0.748,43135600,0.747,48830100,0.746,41813400,0.745,30411700,0.744,12118600,0.749,10123300,0.75,24174600,0.751,34206100,0.752,28265200,0.753,13065600,37,100,0
sh513130,09:32:14,1767749536452,5758.31,0.8963,3.7,0.749,0.7476,0.1873,3995700,2992601,0.749,0.748,50024300,0.747,47847800,0.746,42070400,0.745,30714300,0.744,8855000,0.749,10320500,0.75,27708900,0.751,34246400,0.752,28810800,0.753,13034200,60,100,0
sh513130,09:32:17,1767749538455,5758.31,0.8963,5.9081,0.749,0.7476,0.1873,2098100,1571004,0.7488,0.748,61387000,0.747,49609500,0.746,42383300,0.745,31687900,0.744,10419200,0.749,7578400,0.75,27553300,0.751,34052900,0.752,28891100,0.753,17536200,1597,100,0
sh513130,09:32:20,1767749542448,5759.19,0.8963,5.053,0.749,0.7476,0.1873,5394300,4039583,0.7489,0.748,62655600,0.747,49853800,0.746,42731900,0.745,33060600,0.744,10446500,0.749,3674100,0.75,23553100,0.751,34053900,0.752,28911100,0.753,20381300,2,100,0
sh513130,09:32:23,1767749546438,5758.31,0.8963,3.1265,0.749,0.7476,0.1873,3651600,2734784,0.7489,0.748,53098000,0.747,50452500,0.746,42820600,0.745,33174000,0.744,10628600,0.749,4430400,0.75,32042000,0.751,34055100,0.752,28901700,0.753,14559200,205,100,0
sh513130,09:32:26,1767749547441,5759.95,0.8963,2.0908,0.749,0.7476,0.1873,3695100,2767520,0.749,0.748,66377600,0.747,50928000,0.746,42840600,0.745,33274200,0.744,10631000,0.749,1951800,0.75,32252200,0.751,34215400,0.752,28302300,0.753,15072300,746,100,0
sh513130,09:32:29,1767749551443,5762.86,0.8963,6.7875,0.749,0.7476,0.1873,19267200,14431068,0.749,0.748,69306600,0.747,51455400,0.746,43070100,0.745,33318900,0.744,10721700,0.749,1837800,0.75,32102100,0.751,34196400,0.752,28450500,0.753,13581000,576,100,0
sh513130,09:32:32,1767749554436,5762.0,0.8963,5.0321,0.749,0.7476,0.1873,12931300,9685270,0.749,0.748,65502200,0.747,51580200,0.746,43430700,0.745,33510900,0.744,10824800,0.749,1409300,0.75,29866100,0.751,37225200,0.752,28550600,0.753,16581000,55,100,0
sh513130,09:32:35,1767749558446,5759.16,0.8963,4.6683,0.749,0.7476,0.1873,5111000,3828093,0.749,0.748,67098300,0.747,52102300,0.746,43453300,0.745,33885900,0.744,10859300,0.749,3026800,0.75,29869100,0.751,37224900,0.752,28559000,0.753,16873100,30,100,0
sh513130,09:32:38,1767749559449,5759.16,0.8963,3.7197,0.749,0.7476,0.1873,1002600,750890,0.7489,0.748,68601600,0.747,53194000,0.746,43483300,0.745,33862100,0.744,11463700,0.749,4979900,0.75,35893000,0.751,37225000,0.752,28564600,0.753,13873200,1032,100,0
sh513130,09:32:41,1767749563440,5759.02,0.8963,3.2534,0.749,0.7476,0.1873,3007900,2252851,0.749,0.748,70451200,0.747,53552300,0.746,43976300,0.745,34964200,0.744,11465700,0.749,5689500,0.75,35894000,0.751,37160100,0.752,28624600,0.753,13873200,880,100,0
sh513130,09:32:44,1767749566451,5758.15,0.8963,3.2145,0.749,0.7476,0.1873,2365700,1771779,0.7489,0.748,71318600,0.747,50607600,0.746,44272100,0.745,36133100,0.744,13496300,0.749,5796700,0.75,37115000,0.751,37210100,0.752,28731600,0.753,13882300,37,100,0
sh513130,09:32:47,1767749569442,5757.72,0.8963,6.3471,0.749,0.7476,0.1873,3516200,2633124,0.7489,0.748,72251700,0.747,53614600,0.746,44359100,0.745,35561500,0.744,11470800,0.749,25206600,0.75,37080200,0.751,37233100,0.752,28731600,0.753,14251200,1013,100,0
sh513130,09:32:50,1767749573456,5756.41,0.8963,8.4254,0.748,0.7476,0.0535,7059600,5286763,0.7489,0.748,77936000,0.747,54399500,0.746,44374100,0.745,36900000,0.744,11520300,0.749,18429800,0.75,37189300,0.751,37233100,0.752,28751600,0.753,14276200,1013,100,0
sh513130,09:32:53,1767749575457,5754.3,0.8963,6.7221,0.749,0.7476,0.1873,2325100,1741176,0.7489,0.748,75863700,0.747,54411900,0.746,44338700,0.745,36941500,0.744,11602500,0.749,21049300,0.75,36351400,0.751,37235100,0.752,28425400,0.753,14281200,1023,100,0
sh513130,09:32:56,1767749578454,5754.88,0.8963,3.9424,0.749,0.7476,0.1873,2751400,2060565,0.7489,0.748,74697700,0.747,51432000,0.746,44410500,0.745,37247500,0.744,14622500,0.749,19004000,0.75,37396100,0.751,37217000,0.752,28455400,0.753,15300800,35,100,0
sh513130,09:32:59,1767749581456,5755.4,0.8963,8.9571,0.748,0.7469,0.1473,3287800,2461454,0.7487,0.748,76892300,0.747,52528400,0.746,44520800,0.745,37374900,0.744,13942400,0.749,16248700,0.75,38718500,0.751,37037000,0.752,28455400,0.753,15300800,102,100,0
sh513130,09:33:02,1767749583473,5754.71,0.8963,7.8878,0.749,0.7469,0.2812,11066600,8278619,0.7481,0.748,54210200,0.747,57292900,0.746,46607500,0.745,40903500,0.744,15436000,0.749,27597400,0.75,37760000,0.751,39017000,0.752,18710500,0.753,15380800,1038,100,0
sh513130,09:33:05,1767749587480,5754.77,0.8963,7.7985,0.748,0.7469,0.1473,2134700,1598763,0.7489,0.748,65710400,0.747,64833200,0.746,56806600,0.745,51301200,0.744,12590600,0.749,26169700,0.75,37800000,0.751,39011300,0.752,18877000,0.753,15278100,986,100,0
sh513130,09:33:08,1767749590473,5755.94,0.8963,7.0064,0.749,0.7469,0.2812,5212100,3899457,0.7482,0.748,62395300,0.747,68096300,0.746,57007900,0.745,48757200,0.744,12615500,0.749,24591300,0.75,40870000,0.751,37043000,0.752,18885300,0.753,15318600,130,100,0
sh513130,09:33:11,1767749594491,5755.62,0.8963,5.7422,0.748,0.7469,0.1473,739300,553378,0.7485,0.748,63286900,0.747,68537200,0.746,57556000,0.745,49777500,0.744,12634100,0.749,28591300,0.75,41360200,0.751,37130500,0.752,16584000,0.753,15313600,12,100,0
sh513130,09:33:14,1767749596494,5755.63,0.8963,3.8338,0.748,0.7469,0.1473,56640000,42368250,0.748,0.747,65703600,0.746,57672700,0.745,52897500,0.744,12606800,0.743,10786000,0.748,4505600,0.749,32011200,0.75,38399400,0.751,39161500,0.752,15078000,45,100,0
sh513130,09:33:17,1767749599501,5758.63,0.8963,7.3017,0.749,0.7469,0.2812,16876100,12624002,0.748,0.748,9666400,0.747,66675700,0.746,58628900,0.745,51917000,0.744,12686800,0.749,31459000,0.75,42038100,0.751,37181500,0.752,15764900,0.753,15391900,1059,100,0
sh513130,09:33:20,1767749603513,5755.62,0.8963,5.1666,0.749,0.7469,0.2812,13924400,10415816,0.748,0.748,823000,0.747,75001100,0.746,58722700,0.745,50465700,0.744,12739500,0.749,33583000,0.75,42655300,0.751,37181500,0.752,15749900,0.753,15410900,1080,100,0
sh513130,09:33:23,1767749604504,5757.39,0.8963,4.5616,0.748,0.7469,0.1473,3916100,2929745,0.7481,0.747,74350200,0.746,58856100,0.745,50682500,0.744,12770500,0.743,10791100,0.748,6035900,0.749,35575500,0.75,43960400,0.751,37068400,0.752,15749900,78,100,0
sh513130,09:33:26,1767749607531,5756.22,0.8963,3.3551,0.748,0.747,0.1339,2767700,2070105,0.748,0.747,74555800,0.746,59151300,0.745,52097100,0.744,12847600,0.743,12411300,0.748,4451800,0.749,35378800,0.75,44360400,0.751,37081600,0.752,15749900,530,100,0
sh513130,09:33:23,1767749608513,5755.68,0.8963,3.2996,0.748,0.7469,0.1473,0,0,0.748,0.747,74350200,0.746,58856100,0.745,50682500,0.744,12770500,0.743,10791100,0.748,6035900,0.749,35575500,0.75,43960400,0.751,37068400,0.752,15749900,34,100,1
sh513130,09:33:26,1767749609508,5755.68,0.8963,4.6359,0.748,0.747,0.1339,2767700,2070105,0.748,0.747,74555800,0.746,59151300,0.745,52097100,0.744,12847600,0.743,12411300,0.748,4451800,0.749,35378800,0.75,44360400,0.751,37081600,0.752,15749900,146,100,0
sh513130,09:33:29,1767749610513,5756.71,0.8963,3.2598,0.748,0.747,0.1339,3388900,2534780,0.748,0.747,71877400,0.746,61181100,0.745,55112600,0.744,14830900,0.743,14448800,0.748,4566500,0.749,36752300,0.75,46914900,0.751,39025000,0.752,17731900,62,100,0
sh513130,09:33:32,1767749613497,5753.92,0.8963,5.1815,0.748,0.747,0.1339,5325900,3983431,0.7479,0.747,55567800,0.746,61370700,0.745,55513200,0.744,32345400,0.743,14449500,0.748,10229100,0.749,35190100,0.75,46440000,0.751,39193100,0.752,17730000,1021,100,0
sh513130,09:33:35,1767749616484,5754.74,0.8963,6.6736,0.748,0.7469,0.1473,4306100,3220163,0.7478,0.747,56055800,0.746,61647700,0.745,56722900,0.744,32493200,0.743,14482300,0.748,12703600,0.749,37657500,0.75,44470000,0.751,34177100,0.752,18070200,12,100,0
sh513130,09:33:38,1767749621485,5755.63,0.8963,4.1704,0.747,0.7469,0.0134,2826400,2113627,0.7478,0.747,57120600,0.746,62503800,0.745,56820100,0.744,32958400,0.743,14507000,0.748,19882300,0.749,37894900,0.75,44528000,0.751,34051200,0.752,18070200,422,100,0
sh513130,09:33:41,1767749624484,5752.94,0.8963,2.862,0.747,0.7469,0.0134,5258000,3932279,0.7479,0.747,58132700,0.746,62651200,0.745,57361600,0.744,32968500,0.743,13552800,0.748,7410100,0.749,43536400,0.75,44601000,0.751,35546000,0.752,18077200,12,100,0
sh513130,09:33:44,1767749626496,5753.11,0.8963,4.674,0.748,0.7469,0.1473,2942900,2200609,0.7478,0.747,59759000,0.746,62826900,0.745,57503100,0.744,33036900,0.743,13652000,0.748,19927300,0.749,37861600,0.75,44603500,0.751,35599000,0.752,18096200,13,100,0
sh513130,09:33:47,1767749629492,5753.91,0.8963,6.6744,0.748,0.7469,0.1473,3535100,2643488,0.7478,0.747,62272600,0.746,63195300,0.745,58134300,0.744,33082900,0.743,13722300,0.748,17826600,0.749,36730400,0.75,44703500,0.751,35599000,0.752,18148200,1002,100,0
sh513130,09:33:50,1767749633482,5753.5,0.8963,6.0128,0.747,0.7469,0.0134,1518000,1135388,0.7479,0.747,64051500,0.746,63621400,0.745,58228000,0.744,33096900,0.743,14815300,0.748,21220900,0.749,36687100,0.75,44705800,0.751,35733500,0.752,18148200,685,100,0
sh513130,09:33:53,1767749635486,5755.36,0.8963,7.5819,0.747,0.7469,0.0134,776400,580608,0.7478,0.747,69779300,0.746,63803500,0.745,58991800,0.744,28887300,0.743,14846300,0.748,19119300,0.749,38337500,0.75,44764100,0.751,35763500,0.752,18148200,342,100,0
sh513130,09:33:56,1767749638497,5753.01,0.8963,5.5384,0.748,0.747,0.1339,2654000,1985021,0.7479,0.747,71155000,0.746,64145900,0.745,59099700,0.744,28957300,0.743,14848500,0.748,11683000,0.749,42676400,0.75,44712000,0.751,35774000,0.752,18208200,6,100,0
sh513130,09:33:59,1767749641485,5752.79,0.8963,3.1696,0.748,0.747,0.1339,2174800,1626376,0.7478,0.747,66978400,0.746,65172800,0.745,59083600,0.744,34042900,0.743,14857700,0.748,17493000,0.749,42501800,0.75,44809500,0.751,35768900,0.752,18214700,1010,100,0
sh513130,09:34:02,1767749643487,5752.31,0.8963,3.0186,0.747,0.747,0.0,2410500,1802940,0.748,0.747,69795400,0.746,65573000,0.745,59200500,0.744,34059900,0.743,14859700,0.748,23365900,0.749,37499900,0.75,44905700,0.751,35761300,0.752,18284900,1002,100,0
sh513130,09:34:05,1767749647509,5750.42,0.8963,2.7144,0.748,0.7469,0.1473,1878600,1404527,0.7476,0.747,70797600,0.746,66367800,0.745,59662400,0.744,34260100,0.743,15051600,0.748,24220000,0.749,37113300,0.75,44899800,0.751,30115300,0.752,18615400,622,100,0
sh513130,09:34:08,1767749651505,5749.91,0.8963,2.6654,0.748,0.7469,0.1473,686300,513216,0.7478,0.747,60159100,0.746,73296500,0.745,61680200,0.744,34530000,0.743,15077200,0.748,29644400,0.749,37073000,0.75,44928600,0.751,25618200,0.752,19020400,1061,100,0
sh513130,09:34:11,1767749652504,5749.91,0.8963,3.5634,0.747,0.7469,0.0134,2256100,1687285,0.7479,0.747,63591800,0.746,73558900,0.745,61895100,0.744,34530000,0.743,15090300,0.748,29085400,0.749,37077300,0.75,44928600,0.751,25618800,0.752,19020400,937,100,0
sh513130,09:34:14,1767749656494,5749.45,0.8963,7.1857,0.748,0.747,0.1339,1547200,1157212,0.7479,0.747,66084900,0.746,74432700,0.745,62556600,0.744,34646100,0.743,15116700,0.748,28096400,0.749,37111800,0.75,44927600,0.751,25675600,0.752,19020400,112,100,0
sh513130,09:34:17,1767749659484,5749.54,0.8963,4.7543,0.748,0.747,0.1339,1070300,800464,0.7479,0.747,74608400,0.746,69319400,0.745,62858300,0.744,34666100,0.743,14134100,0.748,22606200,0.749,37100700,0.75,45339500,0.751,30591100,0.752,19022400,894,100,0
sh513130,09:34:20,1767749662509,5748.3,0.8963,2.7021,0.748,0.7463,0.2278,2572400,1923929,0.7479,0.747,68310200,0.746,79036200,0.745,64325600,0.744,35201200,0.743,14172100,0.748,25864900,0.749,39117500,0.75,45354000,0.751,25691100,0.752,19022400,61,100,0
sh513130,09:34:23,1767749664502,5748.26,0.8963,3.5737,0.748,0.7463,0.2278,1736400,1298756,0.748,0.747,66928800,0.746,79397200,0.745,65014600,0.744,35260000,0.743,15373900,0.748,26537500,0.749,39219500,0.75,45354000,0.751,25691100,0.752,19020400,46,100,0
sh513130,09:34:26,1767749668508,5747.37,0.8963,3.8287,0.748,0.7463,0.2278,2965900,2216340,0.7473,0.747,67729900,0.746,78725900,0.745,64793500,0.744,36390900,0.743,15492800,0.748,30257800,0.749,36648000,0.75,47334000,0.751,25791100,0.752,19217600,31,100,0
sh513130,09:34:29,1767749671506,5747.11,0.8963,3.1878,0.748,0.7463,0.2278,1143400,854817,0.7476,0.747,66929100,0.746,79917700,0.745,65010600,0.744,36884400,0.743,15504200,0.748,32829500,0.749,36262200,0.75,47334100,0.751,25991100,0.752,19589400,1078,100,0
sh513130,09:34:32,1767749674512,5746.12,0.8963,3.2734,0.748,0.7463,0.2278,794000,593809,0.7479,0.747,67874200,0.746,66919700,0.745,65162500,0.744,39870800,0.743,25609200,0.748,35221000,0.749,36198200,0.75,46883700,0.751,26091100,0.752,19589400,61,100,0
sh513130,09:34:35,1767749677500,5746.9,0.8963,3.6201,0.747,0.7463,0.0938,68524000,51187639,0.747,0.746,64771300,0.745,68326900,0.744,40455100,0.743,28678800,0.742,12618900,0.747,29246100,0.748,35387300,0.749,37065100,0.75,46979900,0.751,26103400,104,100,0
sh513130,09:34:38,1767749679502,5747.16,0.8963,1.7527,0.748,0.7463,0.2278,33188200,24792639,0.747,0.747,10652200,0.746,77907200,0.745,68399400,0.744,39476100,0.743,16604600,0.748,35329500,0.749,36886600,0.75,45989900,0.751,25896400,0.752,19595400,1048,100,0
sh513130,09:34:41,1767749682514,5746.64,0.8963,1.2203,0.747,0.7463,0.0938,13044900,9744419,0.747,0.746,64094100,0.745,68575900,0.744,39487100,0.743,29623100,0.742,16666200,0.747,11906600,0.748,34431600,0.749,37863200,0.75,47816900,0.751,25934400,77,100,0
sh513130,09:34:44,1767749686520,5745.75,0.8963,2.36,0.747,0.7463,0.0938,2309500,1725196,0.747,0.746,78144200,0.745,69273400,0.744,39617100,0.743,18263100,0.742,16680200,0.747,5369100,0.748,40671300,0.749,37908500,0.75,46528900,0.751,25931500,87,100,0
sh513130,09:34:47,1767749689527,5747.71,0.8963,6.1987,0.747,0.7463,0.0938,7270300,5430809,0.747,0.747,2423000,0.746,77981800,0.745,69402800,0.744,39718900,0.743,18479700,0.748,39234700,0.749,37885700,0.75,46631900,0.751,25618300,0.752,19893000,337,100,0
sh513130,09:34:50,1767749693527,5745.66,0.8963,5.3939,0.747,0.7456,0.1878,12265700,9162536,0.747,0.746,63604900,0.745,69622100,0.744,39771000,0.743,30479600,0.742,17055400,0.747,12465100,0.748,40106100,0.749,37918500,0.75,48195000,0.751,25618300,1103,100,0
sh513130,09:34:53,1767749695519,5746.49,0.8963,4.0525,0.747,0.7456,0.1878,1193400,891463,0.747,0.746,60496500,0.745,70932400,0.744,39841000,0.743,35982000,0.742,16935600,0.747,17089000,0.748,41559000,0.749,38837400,0.75,46807000,0.751,26277600,836,100,0
sh513130,09:34:56,1767749697518,5744.45,0.8963,3.7172,0.747,0.7463,0.0938,2383100,1780153,0.747,0.746,67014300,0.745,71415200,0.744,40841000,0.743,32699700,0.742,17004600,0.747,16750800,0.748,43635600,0.749,38842400,0.75,45808000,0.751,26277600,536,100,0
sh513130,09:34:59,1767749701522,5747.52,0.8963,6.4429,0.747,0.7463,0.0938,3538700,2642982,0.7469,0.746,79943900,0.745,72098000,0.744,39951000,0.743,20724000,0.742,17020700,0.747,9202100,0.748,43836600,0.749,38842400,0.75,46495000,0.751,26277600,667,100,0
sh513130,09:35:02,1767749704514,5746.64,0.8963,5.6403,0.747,0.7463,0.0938,4629800,3458201,0.7469,0.746,73706700,0.745,83742600,0.744,39006100,0.743,22861100,0.742,19161200,0.747,7688700,0.748,48253900,0.749,44091900,0.75,46688000,0.751,24877600,30,100,0
sh513130,09:35:05,1767749706514,5746.43,0.8963,6.4461,0.746,0.7463,-0.0402,1885900,1408443,0.7468,0.746,76688700,0.745,84088800,0.744,39256400,0.743,30217600,0.742,19252600,0.747,33196200,0.748,43620300,0.749,41130700,0.75,35432200,0.751,23877700,77,100,0
sh513130,09:35:08,1767749709523,5746.06,0.8963,4.8863,0.747,0.7463,0.0938,2367800,1768687,0.747,0.746,77438600,0.745,84255300,0.744,40359600,0.743,30228100,0.742,19314400,0.747,13258100,0.748,49138700,0.749,41130700,0.75,43688200,0.751,23877700,1027,100,0
sh513130,09:35:11,1767749713521,5746.11,0.8963,5.0212,0.747,0.7463,0.0938,1024300,764970,0.7468,0.746,78074900,0.745,84229200,0.744,41379800,0.743,30248900,0.742,19603500,0.747,26145100,0.748,48949700,0.749,41120700,0.75,36569100,0.751,23877700,911,100,0
sh513130,09:35:14,1767749716527,5745.74,0.8963,4.1409,0.747,0.7456,0.1878,1667000,1244565,0.7466,0.746,78340100,0.745,86311600,0.744,41909800,0.743,30278900,0.742,19710500,0.747,17008900,0.748,48808600,0.749,41245700,0.75,45625600,0.751,23877700,62,100,0
sh513130,09:35:17,1767749719514,5747.78,0.8963,3.3547,0.747,0.7456,0.1878,938500,700940,0.7469,0.746,90354500,0.745,87167100,0.744,40948000,0.743,20322800,0.742,19798300,0.747,9871800,0.748,48810300,0.749,41275700,0.75,46499500,0.751,23877700,1105,100,0
sh513130,09:35:20,1767749721518,5747.37,0.8963,4.8184,0.747,0.7462,0.1072,9021000,6738630,0.747,0.747,44481300,0.746,90043000,0.745,86423300,0.744,41323400,0.743,19393600,0.748,48917400,0.749,42275700,0.75,47295500,0.751,23877700,0.752,20401200,1107,100,0
sh513130,09:35:23,1767749724526,5752.17,0.8963,7.4835,0.748,0.7462,0.2412,928900,693892,0.747,0.747,62724900,0.746,88996400,0.745,87895900,0.744,32630200,0.743,19401600,0.748,27769200,0.749,50126700,0.75,53454300,0.751,34833700,0.752,19702500,109,100,0
sh513130,09:35:26,1767749728518,5753.33,0.8963,5.4889,0.747,0.7462,0.1072,1622200,1212152,0.7472,0.747,67840400,0.746,89365100,0.745,88102800,0.744,32744900,0.743,19472800,0.748,40632800,0.749,44762900,0.75,53406300,0.751,30077700,0.752,19702500,108,100,0
sh513130,09:35:29,1767749730516,5756.73,0.8963,6.5266,0.748,0.7469,0.1473,1303000,973965,0.7475,0.747,79035600,0.746,89727600,0.745,88354000,0.744,23485100,0.743,19475800,0.748,17556200,0.749,53099300,0.75,53382200,0.751,39833700,0.752,19802500,93,100,0
sh513130,09:35:32,1767749735541,5756.74,0.8963,6.7013,0.748,0.7469,0.1473,33811300,25289773,0.748,0.747,73232000,0.746,90027000,0.745,87371800,0.744,23496600,0.743,19488800,0.748,6079400,0.749,54651500,0.75,57480100,0.751,39873700,0.752,19823500,1102,100,0
sh513130,09:35:35,1767749737530,5754.97,0.8963,5.4197,0.748,0.7476,0.0535,2061400,1541858,0.748,0.747,64392400,0.746,90517200,0.745,88494900,0.744,33812400,0.743,19498800,0.748,28645400,0.749,52435200,0.75,57402200,0.751,39901900,0.752,20773600,1097,100,0
sh513130,09:35:38,1767749739529,5754.75,0.8963,4.5018,0.748,0.7476,0.0535,2001000,1496666,0.748,0.747,67350300,0.746,91035700,0.745,90804200,0.744,33602900,0.743,19673900,0.748,34104400,0.749,50467200,0.75,54960800,0.751,39901900,0.752,21050200,1065,100,0
sh513130,09:35:41,1767749742543,5753.43,0.8963,3.6694,0.748,0.7469,0.1473,2135000,1596898,0.748,0.747,67916000,0.746,95846000,0.745,92612400,0.744,33812900,0.743,19618800,0.748,46489500,0.749,50541100,0.75,53960800,0.751,24745900,0.752,21050200,108,100,0
sh513130,09:35:44,1767749746543,5753.65,0.8963,1.5473,0.748,0.7469,0.1473,1101800,823969,0.7478,0.747,72761100,0.746,101143600,0.745,99620900,0.744,35767500,0.743,19637300,0.748,43596600,0.749,50540800,0.75,53931500,0.751,24117200,0.752,21050200,112,100,0
sh513130,09:35:47,1767749749543,5753.83,0.8963,2.0199,0.748,0.7469,0.1473,1578200,1180407,0.7479,0.747,85531100,0.746,95963200,0.745,98824500,0.744,33770000,0.743,19754800,0.748,42754900,0.749,50784400,0.75,53931500,0.751,24128200,0.752,22050200,1101,100,0
sh513130,09:35:50,1767749752546,5755.36,0.8963,5.5427,0.748,0.7469,0.1473,1383500,1034779,0.7479,0.747,97170300,0.746,96253500,0.745,98851500,0.744,23875800,0.743,19742500,0.748,12616100,0.749,55709000,0.75,53943200,0.751,34284200,0.752,22056800,110,100,0
sh513130,09:35:53,1767749754558,5755.5,0.8963,5.5477,0.748,0.7468,0.1607,3413000,2552543,0.7479,0.747,98844100,0.746,97655800,0.745,97985600,0.744,23959100,0.743,19765200,0.748,8634600,0.749,60861200,0.75,54608300,0.751,34281200,0.752,22418400,141,100,0
sh513130,09:35:56,1767749757559,5755.51,0.8963,6.0037,0.748,0.7469,0.1473,3975500,2973529,0.748,0.747,105716500,0.746,98381200,0.745,98156400,0.744,24149100,0.743,18876200,0.748,16460500,0.749,51157600,0.75,54592300,0.751,40117000,0.752,22418400,423,100,0
sh513130,09:35:59,1767749761559,5756.19,0.8963,4.9048,0.748,0.7475,0.0669,12181600,9111187,0.7479,0.747,106761700,0.746,99736100,0.745,98591700,0.744,24210500,0.743,18909200,0.748,610900,0.749,58887200,0.75,57601700,0.751,40531200,0.752,22418400,1056,100,0
sh513130,09:36:02,1767749764550,5758.11,0.8963,4.4646,0.748,0.7475,0.0669,7027600,5256612,0.748,0.747,114166300,0.746,99892000,0.745,97826200,0.744,24167700,0.743,18920000,0.748,10209500,0.749,58080800,0.75,53364400,0.751,40531200,0.752,23218400,62,100,0
sh513130,09:36:05,1767749768572,5759.79,0.8963,4.4064,0.748,0.7475,0.0669,6057900,4531309,0.748,0.748,31955600,0.747,115087300,0.746,94308400,0.745,88969700,0.744,24168400,0.749,58077100,0.75,56398400,0.751,40531200,0.752,23278400,0.753,16807300,94,100,0
sh513130,09:36:08,1767749769571,5759.79,0.8963,4.8283,0.749,0.7475,0.2007,654400,489493,0.748,0.748,51250900,0.747,110339500,0.746,93473400,0.745,81369100,0.744,24181500,0.749,59259700,0.75,56303400,0.751,40531200,0.752,23278400,0.753,16803300,631,100,0
sh513130,09:36:11,1767749773572,5760.4,0.8963,2.3668,0.749,0.7475,0.2007,1008600,755432,0.749,0.748,60286400,0.747,109681900,0.746,93770100,0.745,76647700,0.744,24781300,0.749,62236500,0.75,57745900,0.751,40581200,0.752,23366200,0.753,16807300,1130,100,0
sh513130,09:36:14,1767749776562,5758.72,0.8963,3.6987,0.749,0.7475,0.2007,960400,718582,0.7482,0.748,29368700,0.747,115399600,0.746,93908800,0.745,89014400,0.744,24996700,0.749,62314700,0.75,57840700,0.751,40581200,0.752,23368700,0.753,16807300,606,100,0
sh513130,09:36:17,1767749778563,5760.41,0.8963,3.5985,0.749,0.7475,0.2007,2341900,1753072,0.7486,0.748,48168800,0.747,115211000,0.746,92907100,0.745,89228400,0.744,24903700,0.749,61467700,0.75,57004100,0.751,40581200,0.752,23406400,0.753,16907300,67,100,0
sh513130,09:36:20,1767749781578,5759.81,0.8963,2.1091,0.749,0.7475,0.2007,1746500,1307129,0.7484,0.748,50109900,0.747,115408300,0.746,92581000,0.745,89269700,0.744,24903800,0.749,60792700,0.75,56984100,0.751,40568100,0.752,23386400,0.753,17190300,968,100,0
sh513130,09:36:23,1767749784583,5761.51,0.8963,5.6848,0.749,0.7475,0.2007,2726100,2041424,0.7488,0.748,62477900,0.747,99305700,0.746,91269400,0.745,81963700,0.744,24913800,0.749,59478900,0.75,57150600,0.751,40555000,0.752,23696200,0.753,17190300,124,100,0
sh513130,09:36:26,1767749787596,5761.28,0.8963,4.825,0.749,0.7475,0.2007,1627000,1218620,0.749,0.748,69717800,0.747,100237900,0.746,92959500,0.745,77074300,0.744,24888800,0.749,57878100,0.75,57241400,0.751,40580000,0.752,23696200,0.753,17190300,1129,100,0
sh513130,09:36:29,1767749791592,5762.82,0.8963,5.5379,0.749,0.7475,0.2007,1869700,1399991,0.7488,0.748,77332700,0.747,95650000,0.746,91975200,0.745,77145400,0.744,23998800,0.749,51551100,0.75,57242400,0.751,40887600,0.752,26790800,0.753,17240300,1108,100,0
sh513130,09:36:32,1767749794595,5762.62,0.8963,4.3475,0.749,0.7475,0.2007,2620000,1962380,0.749,0.748,77874600,0.747,96191900,0.746,91982000,0.745,77341600,0.744,24002800,0.749,43547800,0.75,58254500,0.751,46882000,0.752,26960400,0.753,17255300,173,100,0
sh513130,09:36:35,1767749797602,5763.81,0.8963,4.3709,0.749,0.7481,0.1203,1412100,1057663,0.749,0.748,89287600,0.747,96327400,0.746,92081200,0.745,67473100,0.744,24082200,0.749,28691900,0.75,66693300,0.751,46882000,0.752,37296000,0.753,17255300,640,100,0
sh513130,09:36:38,1767749800594,5763.75,0.8963,4.6207,0.749,0.7481,0.1203,1508800,1130087,0.749,0.748,90670000,0.747,96258500,0.746,91923000,0.745,67558300,0.744,23821400,0.749,27487400,0.75,66712100,0.751,46892000,0.752,37477400,0.753,17507300,172,100,0
sh513130,09:36:41,1767749803599,5761.71,0.8963,6.0773,0.749,0.7481,0.1203,734900,550401,0.7489,0.748,72573900,0.747,100929000,0.746,91902400,0.745,83067300,0.744,23035600,0.749,52064200,0.75,59786700,0.751,44899200,0.752,28807300,0.753,17424300,1153,100,0
sh513130,09:36:44,1767749806579,5761.37,0.8963,3.4222,0.749,0.7481,0.1203,1304800,977181,0.7489,0.748,68596600,0.747,100538600,0.746,91103000,0.745,84241300,0.744,23055600,0.749,56864000,0.75,60438500,0.751,44899200,0.752,23807300,0.753,17419800,109,100,0
sh513130,09:36:47,1767749810559,5760.88,0.8963,3.6232,0.749,0.7481,0.1203,1480300,1108574,0.7489,0.748,69812800,0.747,100500800,0.746,91045200,0.745,84224000,0.744,23056600,0.749,55808100,0.75,61020600,0.751,45099200,0.752,23769700,0.753,17419800,71,100,0
sh513130,09:36:50,1767749812547,5760.12,0.8963,3.2345,0.749,0.7475,0.2007,1641000,1229086,0.749,0.748,69467100,0.747,99682300,0.746,92130500,0.745,84050200,0.744,23064100,0.749,55419500,0.75,61030500,0.751,44939400,0.752,23778700,0.753,17419800,48,100,0
sh513130,09:36:53,1767749815551,5759.75,0.8963,1.8846,0.749,0.7475,0.2007,2324100,1740734,0.749,0.748,59527000,0.747,99646700,0.746,93201000,0.745,84130600,0.744,23091500,0.749,54189900,0.75,60352200,0.751,44960800,0.752,23778700,0.753,17419800,1080,100,0
sh513130,09:36:56,1767749819558,5759.01,0.8963,3.0528,0.749,0.7474,0.2141,1445200,1082444,0.749,0.748,55375600,0.747,99200000,0.746,92237100,0.745,84267500,0.744,23201500,0.749,55027000,0.75,60347900,0.751,45150900,0.752,23770700,0.753,17419800,1095,100,0
sh513130,09:36:59,1767749821554,5759.74,0.8963,2.9964,0.749,0.7474,0.2141,1344900,1007144,0.7489,0.748,72090300,0.747,99419400,0.746,93296700,0.745,84360700,0.744,23271500,0.749,55852800,0.75,60473900,0.751,45150900,0.752,24818800,0.753,17449800,1120,100,0
sh513130,09:37:02,1767749825541,5761.2,0.8963,2.1802,0.749,0.7474,0.2141,1637300,1226328,0.749,0.748,88892500,0.747,94983100,0.746,90970400,0.745,66881400,0.744,23281500,0.749,49215300,0.75,60723900,0.751,45150900,0.752,25231500,0.753,17464800,579,100,0
sh513130,09:37:05,1767749827538,5761.62,0.8963,2.2639,0.749,0.7474,0.2141,697100,522128,0.749,0.748,100432400,0.747,95569500,0.746,91084500,0.745,66920100,0.744,23754300,0.749,48288700,0.75,60936600,0.751,45153000,0.752,30240500,0.753,17564800,216,100,0
sh513130,09:37:08,1767749829531,5762.62,0.8963,1.7071,0.749,0.7474,0.2141,2383800,1785274,0.7489,0.748,91809200,0.747,94672100,0.746,91527000,0.745,76925100,0.744,23768900,0.749,46517500,0.75,60946600,0.751,45153000,0.752,30040700,0.753,17564800,1055,100,0
sh513130,09:37:05,1767749830528,5763.19,0.8963,2.8025,0.749,0.7474,0.2141,0,0,0.749,0.748,100432400,0.747,95569500,0.746,91084500,0.745,66920100,0.744,23754300,0.749,48288700,0.75,60936600,0.751,45153000,0.752,30240500,0.753,17564800,83,100,1
sh513130,09:37:08,1767749831535,5763.19,0.8963,3.4567,0.749,0.7474,0.2141,2383800,1785274,0.7489,0.748,91809200,0.747,94672100,0.746,91527000,0.745,76925100,0.744,23768900,0.749,46517500,0.75,60946600,0.751,45153000,0.752,30040700,0.753,17564800,1090,100,0
sh513130,09:37:11,1767749832526,5762.5,0.8963,3.4567,0.749,0.7474,0.2141,2169000,1624291,0.7489,0.748,93682200,0.747,94695200,0.746,91521500,0.745,76881300,0.744,23768900,0.749,45813400,0.75,61229900,0.751,45153000,0.752,30040700,0.753,17577800,105,100,0
sh513130,09:37:14,1767749836502,5763.96,0.8963,2.4796,0.749,0.7475,0.2007,2651400,1985860,0.749,0.748,93737000,0.747,95186200,0.746,91476700,0.745,67801700,0.744,23784900,0.749,45397700,0.75,61232900,0.751,44953000,0.752,30040700,0.753,17578400,28,100,0
sh513130,09:37:17,1767749839501,5763.88,0.8963,4.4235,0.749,0.7475,0.2007,13311300,9970021,0.749,0.749,49644800,0.748,102905400,0.747,89085800,0.746,87002500,0.745,66801700,0.75,70504400,0.751,46156400,0.752,38537400,0.753,17599400,0.754,25067200,395,100,0
sh513130,09:37:20,1767749841509,5764.23,0.8963,4.2488,0.749,0.7481,0.1203,34114000,25551350,0.749,0.748,104277300,0.747,90235800,0.746,87052300,0.745,66117100,0.744,23852000,0.749,27213800,0.75,71751000,0.751,46157000,0.752,39692800,0.753,17599400,31,100,0
sh513130,09:37:23,1767749845485,5765.05,0.8963,4.4386,0.749,0.7481,0.1203,1249200,935563,0.7489,0.748,104477200,0.747,90397200,0.746,87062300,0.745,67263000,0.744,23863000,0.749,24482300,0.75,72615500,0.751,46157000,0.752,38345600,0.753,17593400,1047,100,0
sh513130,09:37:26,1767749847487,5765.32,0.8963,3.7356,0.749,0.7481,0.1203,1990900,1491159,0.749,0.748,106584900,0.747,89539500,0.746,87177500,0.745,66638600,0.744,23863000,0.749,5239800,0.75,72658200,0.751,45163900,0.752,38067600,0.753,17609400,1045,100,0
sh513130,09:37:29,1767749850471,5766.41,0.8963,4.9166,0.749,0.7481,0.1203,13139700,9841669,0.749,0.749,4339300,0.748,104341600,0.747,88632300,0.746,88768300,0.745,65793100,0.75,74342800,0.751,49133900,0.752,38457600,0.753,17980600,0.754,25102200,13,100,0
sh513130,09:37:32,1767749854477,5768.35,0.8963,4.3119,0.749,0.7481,0.1203,4042900,3028278,0.749,0.749,13805300,0.748,99486100,0.747,88680300,0.746,87810400,0.745,66114000,0.75,77574800,0.751,52111200,0.752,38457600,0.753,17985600,0.754,25102200,77,100,0
sh513130,09:37:35,1767749857454,5766.87,0.8963,6.2854,0.749,0.7481,0.1203,550700,412984,0.7499,0.749,13058700,0.748,105392400,0.747,89438300,0.746,83086100,0.745,66181100,0.75,83420200,0.751,52124200,0.752,38457600,0.753,17995600,0.754,25442400,1001,100,0
sh513130,09:37:38,1767749859458,5766.43,0.8963,5.5759,0.75,0.7481,0.254,490300,367708,0.75,0.749,25156800,0.748,105237000,0.747,89462400,0.746,83185500,0.745,66126400,0.75,83223200,0.751,52124200,0.752,38400600,0.753,17995600,0.754,25467400,1001,100,0
sh513130,09:37:41,1767749862463,5764.32,0.8963,2.5028,0.749,0.7488,0.0267,11362600,8510836,0.749,0.748,107792100,0.747,90326800,0.746,83552700,0.745,66983500,0.744,24021700,0.749,63529200,0.75,73724400,0.751,48442700,0.752,38401600,0.753,17995600,38,100,0
sh513130,09:37:44,1767749865451,5765.69,0.8963,2.2225,0.749,0.7481,0.1203,4780200,3580231,0.749,0.748,110770500,0.747,90475100,0.746,90754300,0.745,67122900,0.744,24148100,0.749,74190000,0.75,72669000,0.751,47452700,0.752,30785700,0.753,18020200,505,100,0
sh513130,09:37:47,1767749868439,5764.3,0.8963,4.1646,0.749,0.7481,0.1203,3084800,2310458,0.749,0.748,110864600,0.747,90315500,0.746,90877800,0.745,67123000,0.744,24179600,0.749,58167300,0.75,72829500,0.751,47452700,0.752,38052800,0.753,18623600,67,100,0
sh513130,09:37:50,1767749872434,5766.56,0.8963,2.3864,0.749,0.7481,0.1203,2055000,1539002,0.7489,0.748,111145600,0.747,90427000,0.746,91201900,0.745,66470200,0.744,24183800,0.749,38239400,0.75,72945300,0.751,47464300,0.752,38052800,0.753,18723600,42,100,0
sh513130,09:37:53,1767749875438,5767.23,0.8963,2.4305,0.749,0.7481,0.1203,9907800,7420949,0.749,0.749,56195300,0.748,103300500,0.747,89555000,0.746,88262200,0.745,65501700,0.75,74644200,0.751,49459300,0.752,38052800,0.753,18723600,0.754,25507500,1014,100,0
sh513130,09:37:56,1767749878434,5767.48,0.8963,3.9781,0.749,0.7481,0.1203,467800,350355,0.7489,0.749,70053600,0.748,104772900,0.747,89592200,0.746,82052400,0.745,65591800,0.75,75750400,0.751,49459300,0.752,38452800,0.753,18873600,0.754,25507500,45,100,0
sh513130,09:37:59,1767749881436,5768.42,0.8963,3.7371,0.75,0.7488,0.1603,205500,153964,0.7492,0.749,68707200,0.748,111050000,0.747,95870000,0.746,87074600,0.745,65746000,0.75,76445600,0.751,49479300,0.752,38457800,0.753,18876300,0.754,25507500,172,100,0
sh513130,09:38:02,1767749883448,5767.59,0.8963,3.5308,0.75,0.7488,0.1603,22022300,16494914,0.749,0.749,2781800,0.748,118952500,0.747,96918000,0.746,89367400,0.745,65748900,0.75,79563700,0.751,49579300,0.752,38457800,0.753,19676300,0.754,25491200,1036,100,0
sh513130,09:37:59,1767749884438,5768.27,0.8963,3.5308,0.75,0.7488,0.1603,0,0,0.75,0.749,68707200,0.748,111050000,0.747,95870000,0.746,87074600,0.745,65746000,0.75,76445600,0.751,49479300,0.752,38457800,0.753,18876300,0.754,25507500,10,100,1
sh513130,09:38:02,1767749886445,5768.45,0.8963,3.4372,0.75,0.7488,0.1603,22022300,16494914,0.749,0.749,2781800,0.748,118952500,0.747,96918000,0.746,89367400,0.745,65748900,0.75,79563700,0.751,49579300,0.752,38457800,0.753,19676300,0.754,25491200,52,100,0
sh513130,09:38:05,1767749888420,5768.45,0.8963,3.3738,0.749,0.7488,0.0267,17973300,13462084,0.749,0.749,1492500,0.748,119368200,0.747,96110200,0.746,94712300,0.745,66656200,0.75,74892400,0.751,48579300,0.752,38519400,0.753,19691300,0.754,25491200,35,100,0
sh513130,09:38:08,1767749890426,5768.11,0.8963,4.0404,0.75,0.7488,0.1603,1774100,1329323,0.7493,0.749,46898800,0.748,114835600,0.747,96212400,0.746,94614700,0.745,65874100,0.75,75270700,0.751,49584300,0.752,38543500,0.753,19691300,0.754,25491200,50,100,0
sh513130,09:38:11,1767749893416,5768.36,0.8963,4.1868,0.75,0.7487,0.1736,532300,398999,0.7496,0.749,47835400,0.748,115196700,0.747,96209200,0.746,94641700,0.745,65892300,0.75,76370200,0.751,49604300,0.752,38543500,0.753,19691300,0.754,25697400,322,100,0
sh513130,09:38:14,1767749895404,5767.9,0.8963,5.0809,0.75,0.7487,0.1736,361000,270617,0.7496,0.749,43954800,0.748,119857600,0.747,97716800,0.746,94614500,0.745,65926400,0.75,78257300,0.751,49604300,0.752,38589100,0.753,19691300,0.754,25697400,979,100,0
sh513130,09:38:17,1767749899394,5768.19,0.8963,4.0516,0.75,0.7487,0.1736,650100,487546,0.75,0.749,29726600,0.748,120738600,0.747,97818900,0.746,94678300,0.745,66080800,0.75,78476700,0.751,50195300,0.752,38609100,0.753,19691300,0.754,25697400,905,100,0
sh513130,09:38:20,1767749902395,5767.72,0.8963,2.5603,0.75,0.7487,0.1736,736100,551958,0.7498,0.749,36298600,0.748,120796200,0.747,97572200,0.746,94895300,0.745,64164500,0.75,77964500,0.751,50295300,0.752,38609100,0.753,22261300,0.754,25697400,46,100,0
sh513130,09:38:23,1767749904395,5768.26,0.8963,2.6951,0.75,0.7487,0.1736,1021900,766409,0.75,0.749,55265300,0.748,116509100,0.747,97709200,0.746,94860500,0.745,64279500,0.75,77981300,0.751,50307400,0.752,38581300,0.753,23252800,0.754,26696400,30,100,0
sh513130,09:38:26,1767749907409,5768.68,0.8963,1.9633,0.75,0.7487,0.1736,515800,386734,0.7498,0.749,62024300,0.748,115953900,0.747,98010400,0.746,87862700,0.745,64582100,0.75,77765000,0.751,50335400,0.752,38581300,0.753,23430700,0.754,26696400,204,100,0
sh513130,09:38:29,1767749911402,5767.4,0.8963,1.7296,0.75,0.7487,0.1736,630700,472777,0.7496,0.749,62503900,0.748,116167700,0.747,97724400,0.746,87867000,0.745,64635700,0.75,77730600,0.751,51348400,0.752,38681300,0.753,23430700,0.754,26643500,968,100,0
sh513130,09:38:32,1767749914398,5767.83,0.8963,2.1692,0.75,0.7487,0.1736,2064900,1548283,0.7498,0.749,58925100,0.748,122232400,0.747,97898800,0.746,87808000,0.745,64722000,0.75,75970800,0.751,51358400,0.752,38681300,0.753,23460700,0.754,26593500,8,100,0
sh513130,09:38:35,1767749918394,5767.95,0.8963,4.3572,0.749,0.7487,0.0401,1674500,1255339,0.7497,0.749,47217900,0.748,122014100,0.747,98095700,0.746,93676700,0.745,64883100,0.75,74760500,0.751,51373000,0.752,38681300,0.753,23493700,0.754,26593500,1786,100,0
sh513130,09:38:38,1767749920387,5767.03,0.8963,4.0364,0.75,0.7487,0.1736,1766900,1325173,0.75,0.749,55811900,0.748,121988100,0.747,98417800,0.746,93819800,0.745,64883100,0.75,73672000,0.751,51511000,0.752,38681400,0.753,23493700,0.754,26603500,10,100,0
sh513130,09:38:41,1767749923395,5767.56,0.8963,3.4008,0.75,0.7487,0.1736,341000,255718,0.7499,0.749,47452000,0.748,121187200,0.747,98437900,0.746,93549100,0.745,64922600,0.75,74186600,0.751,51596000,0.752,38691400,0.753,23495700,0.754,26603500,940,100,0
sh513130,09:38:44,1767749926419,5767.37,0.8963,4.331,0.75,0.7487,0.1736,1427300,1070389,0.7499,0.749,54395900,0.748,121675500,0.747,98306500,0.746,93896900,0.745,64975200,0.75,73190400,0.751,51598800,0.752,38706400,0.753,23495700,0.754,26612000,35,100,0
sh513130,09:38:47,1767749928422,5767.84,0.8963,4.5406,0.749,0.7487,0.0401,1231000,923069,0.7499,0.749,69504600,0.748,116216000,0.747,98540400,0.746,93911100,0.745,65048700,0.75,73170000,0.751,52098800,0.752,38658400,0.753,23495700,0.754,26630000,38,100,0
sh513130,09:38:50,1767749932419,5769.49,0.8963,5.9048,0.75,0.7487,0.1736,509400,381965,0.7498,0.749,77551300,0.748,117818900,0.747,98913700,0.746,86948500,0.745,65020400,0.75,71846000,0.751,52098800,0.752,38688400,0.753,23497700,0.754,26630000,1720,100,0
sh513130,09:38:53,1767749935428,5769.59,0.8963,5.794,0.75,0.7487,0.1736,2191900,1643540,0.7498,0.749,71919700,0.748,118996700,0.747,98906500,0.746,88956900,0.745,65504800,0.75,70259700,0.751,51903300,0.752,38688400,0.753,23497700,0.754,26634200,30,100,0
sh513130,09:38:56,1767749938420,5769.51,0.8963,3.4922,0.75,0.7487,0.1736,424800,318531,0.7498,0.749,76929300,0.748,119780000,0.747,99002800,0.746,88689000,0.745,65554400,0.75,70031700,0.751,51595700,0.752,38717400,0.753,24331000,0.754,26734200,46,100,0
sh513130,09:38:59,1767749940421,5769.75,0.8963,2.7614,0.75,0.7487,0.1736,306900,230115,0.7498,0.749,76798500,0.748,119292600,0.747,98973100,0.746,88877100,0.745,65575000,0.75,69893400,0.751,51595700,0.752,38766600,0.753,24497700,0.754,26734200,66,100,0
sh513130,09:39:02,1767749944449,5769.77,0.8963,3.5257,0.75,0.7487,0.1736,424300,318135,0.7498,0.749,79321000,0.748,119332700,0.747,99130100,0.746,88937900,0.745,65802900,0.75,70010500,0.751,51598700,0.752,38795900,0.753,24497700,0.754,26734200,10,100,0
sh513130,09:39:05,1767749948465,5770.77,0.8963,3.9399,0.75,0.7487,0.1736,1960800,1470511,0.75,0.749,82448900,0.748,119361200,0.747,99187900,0.746,87053900,0.745,65829500,0.75,68409300,0.751,52193800,0.752,38815900,0.753,24505700,0.754,26784200,45,100,0
sh513130,09:39:08,1767749951491,5770.86,0.8963,3.6507,0.75,0.7487,0.1736,1060800,795237,0.7497,0.749,101975900,0.748,120410000,0.747,99187800,0.746,65323100,0.745,65799200,0.75,59554800,0.751,58123900,0.752,39805900,0.753,24505700,0.754,26884200,1002,100,0
sh513130,09:39:11,1767749953488,5771.18,0.8963,3.8949,0.75,0.7487,0.1736,2738300,2053725,0.75,0.749,89231800,0.748,120719500,0.747,98208500,0.746,80720500,0.745,66095800,0.75,55862300,0.751,59110600,0.752,40796900,0.753,29503700,0.754,26895200,1043,100,0
sh513130,09:39:14,1767749955483,5771.69,0.8963,6.7804,0.75,0.7487,0.1736,2800000,2099890,0.75,0.749,105029200,0.748,120796500,0.747,98232600,0.746,65341200,0.745,66110700,0.75,53668100,0.751,59144400,0.752,40762900,0.753,29503700,0.754,26895200,1069,100,0
sh513130,09:39:17,1767749958489,5772.64,0.8963,5.2616,0.75,0.7487,0.1736,6377700,4782920,0.7499,0.749,108725800,0.748,120972800,0.747,97376500,0.746,64456900,0.745,66149700,0.75,51860200,0.751,59141000,0.752,40862900,0.753,29603400,0.754,27090200,46,100,0
sh513130,09:39:20,1767749962476,5770.67,0.8963,3.1028,0.75,0.7486,0.187,2778400,2083779,0.75,0.749,93323200,0.748,120791800,0.747,97223500,0.746,78172200,0.745,66458700,0.75,53318400,0.751,59141300,0.752,40882900,0.753,29703400,0.754,27090200,13,100,0
sh513130,09:39:23,1767749965472,5770.85,0.8963,1.6793,0.75,0.7486,0.187,2479400,1859520,0.75,0.749,94160700,0.748,121076200,0.747,98209100,0.746,78147300,0.745,66443300,0.75,51986600,0.751,59141300,0.752,39895900,0.753,29777100,0.754,27113200,1009,100,0
sh513130,09:39:26,1767749967469,5768.69,0.8963,2.0836,0.75,0.7487,0.1736,2364800,1773564,0.75,0.749,84981800,0.748,120084700,0.747,98355700,0.746,85657000,0.745,66837600,0.75,61898100,0.751,54231200,0.752,39705600,0.753,23777100,0.754,27113200,993,100,0
sh513130,09:39:23,1767749968469,5768.31,0.8963,2.0431,0.75,0.7486,0.187,0,0,0.75,0.749,94160700,0.748,121076200,0.747,98209100,0.746,78147300,0.745,66443300,0.75,51986600,0.751,59141300,0.752,39895900,0.753,29777100,0.754,27113200,13,100,1
sh513130,09:39:26,1767749969477,5768.31,0.8963,1.7896,0.75,0.7487,0.1736,2364800,1773564,0.75,0.749,84981800,0.748,120084700,0.747,98355700,0.746,85657000,0.745,66837600,0.75,61898100,0.751,54231200,0.752,39705600,0.753,23777100,0.754,27113200,1020,100,0
sh513130,09:39:29,1767749971469,5767.84,0.8963,5.8684,0.75,0.7487,0.1736,991400,743550,0.75,0.749,82498500,0.748,119982900,0.747,98418400,0.746,85309100,0.745,69051500,0.75,63760600,0.751,54303200,0.752,38715600,0.753,23527100,0.754,27764500,683,100,0
sh513130,09:39:32,1767749973480,5768.09,0.8963,4.226,0.75,0.7487,0.1736,1543700,1157550,0.7499,0.749,88634600,0.748,119782100,0.747,98350800,0.746,85369800,0.745,68961600,0.75,62542600,0.751,54303200,0.752,38780100,0.753,23597100,0.754,27764500,359,100,0
sh513130,09:39:35,1767749978489,5768.58,0.8963,3.3006,0.749,0.7487,0.0401,2589300,1941746,0.7499,0.749,91304900,0.748,121075200,0.747,98308000,0.746,83238400,0.745,68961600,0.75,59890700,0.751,54333200,0.752,39775100,0.753,24530400,0.754,27764500,9,100,0
sh513130,09:39:38,1767749980485,5769.86,0.8963,2.5115,0.75,0.7487,0.1736,2225400,1668861,0.7499,0.749,89587900,0.748,120638900,0.747,98404000,0.746,85275400,0.745,66991700,0.75,57308200,0.751,54358400,0.752,40906700,0.753,24727100,0.754,27764500,78,100,0
sh513130,09:39:41,1767749982480,5769.42,0.8963,2.0579,0.75,0.7486,0.187,414300,310681,0.7499,0.749,90830000,0.748,120640000,0.747,98315400,0.746,85305700,0.745,67080700,0.75,57308000,0.751,54358400,0.752,41930400,0.753,24727100,0.754,27764500,30,100,0
sh513130,09:39:44,1767749985498,5770.27,0.8963,2.8894,0.75,0.7486,0.187,1811700,1358609,0.7499,0.749,92998000,0.748,121827200,0.747,98201000,0.746,85300800,0.745,67155800,0.75,58655500,0.751,54358400,0.752,40960400,0.753,24718400,0.754,27764500,605,100,0
sh513130,09:39:41,1767749986507,5769.74,0.8963,3.5694,0.75,0.7486,0.187,0,0,0.75,0.749,90830000,0.748,120640000,0.747,98315400,0.746,85305700,0.745,67080700,0.75,57308000,0.751,54358400,0.752,41930400,0.753,24727100,0.754,27764500,7,100,1
sh513130,09:39:44,1767749987506,5769.74,0.8963,3.2288,0.75,0.7486,0.187,1811700,1358609,0.7499,0.749,92998000,0.748,121827200,0.747,98201000,0.746,85300800,0.745,67155800,0.75,58655500,0.751,54358400,0.752,40960400,0.753,24718400,0.754,27764500,230,100,0
sh513130,09:39:47,1767749988507,5770.33,0.8963,3.3071,0.749,0.7486,0.0534,2153200,1613660,0.7494,0.749,95148100,0.748,121916000,0.747,98625200,0.746,83296900,0.745,67112400,0.75,58811400,0.751,54399400,0.752,40943800,0.753,24718400,0.754,27764500,31,100,0
sh513130,09:39:50,1767749992490,5769.57,0.8963,2.8853,0.749,0.7486,0.0534,772100,579047,0.75,0.749,96436500,0.748,122031900,0.747,97678300,0.746,83368900,0.745,67134500,0.75,57986200,0.751,54351900,0.752,41933800,0.753,24623400,0.754,27764500,31,100,0
sh513130,09:39:53,1767749995496,5769.73,0.8963,4.2605,0.75,0.7486,0.187,1243700,932705,0.7499,0.749,96401700,0.748,122139400,0.747,97686100,0.746,85345800,0.745,67158600,0.75,57864500,0.751,54353900,0.752,41933800,0.753,24675400,0.754,27764500,1017,100,0
sh513130,09:39:56,1767749999491,5768.79,0.8963,2.9428,0.749,0.7486,0.0534,424100,317791,0.7493,0.749,89730300,0.748,127762300,0.747,97849500,0.746,85564600,0.745,67172600,0.75,58828700,0.751,54480500,0.752,40943800,0.753,24675400,0.754,27764500,416,100,0
sh513130,09:39:59,1767750000482,5768.67,0.8963,3.5268,0.749,0.7486,0.0534,1467500,1100395,0.7498,0.749,90930900,0.748,127924500,0.747,98149700,0.746,85602100,0.745,67212100,0.75,57674800,0.751,54501200,0.752,40945800,0.753,24775400,0.754,27768500,77,100,0
sh513130,09:40:02,1767750005529,5768.81,0.8963,4.4757,0.749,0.7486,0.0534,2141500,1605922,0.7499,0.749,82329300,0.748,128828600,0.747,98353600,0.746,86024000,0.745,69188100,0.75,56029000,0.751,54641200,0.752,40146900,0.753,24608700,0.754,27773500,1049,100,0
sh513130,09:40:05,1767750007554,5768.71,0.8963,4.4406,0.75,0.7486,0.187,2326900,1744951,0.7499,0.749,91898900,0.748,129947000,0.747,98326200,0.746,85651200,0.745,69187100,0.75,55094700,0.751,55154700,0.752,40079900,0.753,24775400,0.754,27773500,1125,100,0
sh513130,09:40:08,1767750010528,5768.99,0.8963,3.1677,0.75,0.7486,0.187,183200,137320,0.7496,0.749,93117400,0.748,130417900,0.747,98343100,0.746,85794900,0.745,69214900,0.75,55873800,0.751,55191500,0.752,40179900,0.753,24775400,0.754,27871000,49,100,0
sh513130,09:40:11,1767750013525,5769.31,0.8963,2.3091,0.75,0.7486,0.187,689500,517072,0.7499,0.749,93728200,0.748,130720800,0.747,98367000,0.746,85832500,0.745,69241400,0.75,55455400,0.751,55241500,0.752,42230900,0.753,24781400,0.754,27875500,280,100,0
sh513130,09:40:14,1767750017515,5767.81,0.8963,3.0898,0.75,0.7486,0.187,284100,213072,0.75,0.749,88654700,0.748,130877400,0.747,98456500,0.746,85748300,0.745,69340000,0.75,56217600,0.751,55244000,0.752,42230900,0.753,24782400,0.754,27875500,1054,100,0
sh513130,09:40:17,1767750020518,5767.58,0.8963,0.6005,0.75,0.7486,0.187,2112000,1582377,0.7492,0.749,70239300,0.748,130818600,0.747,98503800,0.746,91234800,0.745,69529200,0.75,56989100,0.751,55306100,0.752,41251200,0.753,23784400,0.754,27875500,98,100,0
sh513130,09:40:20,1767750021523,5767.58,0.8963,0.5885,0.75,0.748,0.2674,778100,583438,0.7498,0.749,76738000,0.748,130825400,0.747,98667800,0.746,91247300,0.745,69409200,0.75,56746000,0.751,55316100,0.752,41009900,0.753,24615800,0.754,27875500,1102,100,0
sh513130,09:40:23,1767750025519,5766.37,0.8963,2.3255,0.75,0.748,0.2674,1175300,880831,0.7495,0.749,70059500,0.748,130841100,0.747,97901300,0.746,91350300,0.745,69472200,0.75,56198500,0.751,55326100,0.752,41009900,0.753,24605800,0.754,27875500,546,100,0
sh513130,09:40:26,1767750029519,5766.57,0.8963,3.7891,0.75,0.748,0.2674,818300,613464,0.7497,0.749,62374600,0.748,130744900,0.747,99094300,0.746,91474900,0.745,69621500,0.75,56848400,0.751,55320300,0.752,41009900,0.753,23605800,0.754,27875500,1046,100,0
sh513130,09:40:29,1767750030517,5766.12,0.8963,3.2329,0.75,0.748,0.2674,1143900,857795,0.7499,0.749,92600200,0.748,130736200,0.747,99029300,0.746,91106100,0.745,69682700,0.75,55104300,0.751,55420300,0.752,41009900,0.753,24439100,0.754,27897500,60,100,0
sh513130,09:40:26,1767750031516,5766.12,0.8963,3.1753,0.75,0.748,0.2674,0,0,0.75,0.749,62374600,0.748,130744900,0.747,99094300,0.746,91474900,0.745,69621500,0.75,56848400,0.751,55320300,0.752,41009900,0.753,23605800,0.754,27875500,1059,100,1
sh513130,09:40:29,1767750032517,5767.57,0.8963,3.1629,0.75,0.748,0.2674,1143900,857795,0.7499,0.749,92600200,0.748,130736200,0.747,99029300,0.746,91106100,0.745,69682700,0.75,55104300,0.751,55420300,0.752,41009900,0.753,24439100,0.754,27897500,39,100,0
sh513130,09:40:32,1767750033526,5767.57,0.8963,3.3731,0.75,0.748,0.2674,339800,254734,0.7497,0.749,92708200,0.748,130828300,0.747,98952000,0.746,91104300,0.745,69792700,0.75,55270200,0.751,55420300,0.752,41013500,0.753,24605800,0.754,27897500,1047,100,0
sh513130,09:40:35,1767750036525,5769.42,0.8963,7.2153,0.75,0.748,0.2674,1342100,1006391,0.7499,0.749,106513500,0.748,125326500,0.747,97767500,0.746,84113400,0.745,67897400,0.75,54132200,0.751,55447300,0.752,41016200,0.753,24605800,0.754,27897500,29,100,0
sh513130,09:40:38,1767750039512,5769.8,0.8963,6.1522,0.75,0.748,0.2674,2071300,1553287,0.7499,0.749,112679400,0.748,126421400,0.747,97731900,0.746,78727500,0.745,67866100,0.75,38405800,0.751,60270100,0.752,42989200,0.753,24605800,0.754,27897500,465,100,0
sh513130,09:40:41,1767750042527,5770.54,0.8963,5.5019,0.75,0.7486,0.187,1104000,827787,0.7498,0.749,113533600,0.748,126669500,0.747,97750000,0.746,78900600,0.745,67838300,0.75,33578600,0.751,60290200,0.752,43010400,0.753,24605800,0.754,27897500,93,100,0
sh513130,09:40:44,1767750046543,5769.95,0.8963,6.4893,0.75,0.7486,0.187,7360500,5520339,0.75,0.749,129868200,0.748,126686300,0.747,96923400,0.746,63746700,0.745,67667400,0.75,25987900,0.751,60239100,0.752,43010400,0.753,24605800,0.754,27998900,117,100,0
sh513130,09:40:47,1767750048555,5771.41,0.8963,4.9294,0.75,0.7486,0.187,3639200,2729357,0.75,0.749,133040600,0.748,126693600,0.747,97073900,0.746,63738800,0.745,67668400,0.75,16797000,0.751,60268100,0.752,50884000,0.753,29605800,0.754,27998900,105,100,0
sh513130,09:40:50,1767750051549,5771.16,0.8963,5.2692,0.75,0.7486,0.187,42032600,31524450,0.75,0.749,131001400,0.748,124405600,0.747,96145500,0.746,62703800,0.745,67697700,0.75,1879300,0.751,64852600,0.752,53174000,0.753,30055800,0.754,28219900,847,100,0
sh513130,09:40:47,1767750052544,5771.23,0.8963,4.4368,0.75,0.7486,0.187,0,0,0.75,0.749,133040600,0.748,126693600,0.747,97073900,0.746,63738800,0.745,67668400,0.75,16797000,0.751,60268100,0.752,50884000,0.753,29605800,0.754,27998900,125,100,1
sh513130,09:40:50,1767750053548,5771.23,0.8963,3.4433,0.75,0.7486,0.187,42032600,31524450,0.75,0.749,131001400,0.748,124405600,0.747,96145500,0.746,62703800,0.745,67697700,0.75,1879300,0.751,64852600,0.752,53174000,0.753,30055800,0.754,28219900,456,100,0
sh513130,09:40:53,1767750055559,5771.16,0.8963,3.4929,0.75,0.7486,0.187,5002600,3751838,0.75,0.749,131334500,0.748,124095400,0.747,96235500,0.746,63527100,0.745,67686400,0.75,13948900,0.751,64955900,0.752,53397100,0.753,30055800,0.754,28219900,127,100,0
sh513130,09:40:56,1767750058547,5770.77,0.8963,2.349,0.75,0.7486,0.187,1832700,1374360,0.7499,0.749,116594900,0.748,124476700,0.747,96440300,0.746,78727200,0.745,67716300,0.75,34325900,0.751,59106300,0.752,46608800,0.753,30145800,0.754,28219900,61,100,0
sh513130,09:40:59,1767750061552,5770.79,0.8963,2.1546,0.75,0.7486,0.187,1691400,1267792,0.7496,0.749,116153600,0.748,124896400,0.747,96307800,0.746,78695900,0.745,67762300,0.75,29309200,0.751,64596400,0.752,45606800,0.753,30145800,0.754,28219900,1085,100,0
sh513130,09:41:02,1767750064548,5771.66,0.8963,5.2177,0.75,0.7486,0.187,940900,705673,0.75,0.749,131066000,0.748,124926400,0.747,97833100,0.746,63776600,0.745,67766600,0.75,12126000,0.751,64702600,0.752,46606500,0.753,30145800,0.754,28219900,140,100,0
sh513130,09:41:05,1767750066558,5771.3,0.8963,5.4777,0.75,0.7493,0.0934,16115400,12085496,0.7499,0.749,115859800,0.748,125148900,0.747,97063400,0.746,78685100,0.745,67741600,0.75,17787700,0.751,65302600,0.752,47706500,0.753,30235800,0.754,28222500,126,100,0
sh513130,09:41:08,1767750070543,5772.12,0.8963,3.4981,0.75,0.7493,0.0934,2310100,1732537,0.75,0.749,130486400,0.748,125400900,0.747,98072700,0.746,63739400,0.745,67207900,0.75,4617500,0.751,66316000,0.752,53692700,0.753,30365800,0.754,30221100,42,100,0
sh513130,09:41:11,1767750073556,5772.16,0.8963,3.089,0.75,0.7493,0.0934,3533700,2650248,0.75,0.749,130776900,0.748,125913700,0.747,98025800,0.746,63775400,0.745,67207900,0.75,2929800,0.751,66316000,0.752,53645700,0.753,30365800,0.754,30891100,1085,100,0
sh513130,09:41:14,1767750075544,5772.04,0.8963,2.0742,0.75,0.7493,0.0934,3652600,2739450,0.75,0.749,131067300,0.748,124995600,0.747,97995200,0.746,63904400,0.745,67331500,0.75,3989100,0.751,66366100,0.752,52645700,0.753,30365800,0.754,30891100,1135,100,0
sh513130,09:41:17,1767750078552,5774.7,0.8963,6.6892,0.75,0.7493,0.0934,5858300,4393725,0.75,0.75,29557800,0.749,130709700,0.748,118360800,0.747,90257700,0.746,61990400,0.751,65563000,0.752,53644700,0.753,30365800,0.754,30884100,0.755,30241000,62,100,0
sh513130,09:41:20,1767750082547,5777.51,0.8963,5.742,0.75,0.7493,0.0934,254800,191100,0.75,0.75,57146300,0.749,125447800,0.748,118341500,0.747,84875700,0.746,62124900,0.751,65671200,0.752,53856100,0.753,31360800,0.754,31722000,0.755,30291000,63,100,0
sh513130,09:41:23,1767750084550,5779.03,0.8963,5.7789,0.75,0.7493,0.0934,184400,138343,0.7502,0.75,83295100,0.749,125156100,0.748,115393000,0.747,61583000,0.746,60656700,0.751,49906100,0.752,58786200,0.753,36350800,0.754,32128800,0.755,30291100,109,100,0
sh513130,09:41:26,1767750088543,5780.73,0.8963,5.5996,0.751,0.7493,0.2269,352800,264936,0.751,0.75,74866700,0.749,126016300,0.748,115455700,0.747,76645500,0.746,60547200,0.751,49645100,0.752,58837300,0.753,36350800,0.754,37128800,0.755,30291100,108,100,0
sh513130,09:41:29,1767750091557,5781.89,0.8963,4.9161,0.751,0.75,0.1333,377600,283298,0.7503,0.75,91494500,0.749,126235600,0.748,114208400,0.747,61662400,0.746,60687700,0.751,40230000,0.752,57944400,0.753,40607900,0.754,41770500,0.755,31961100,781,100,0
sh513130,09:41:32,1767750093549,5780.83,0.8963,3.826,0.751,0.75,0.1333,243000,182489,0.751,0.75,77280400,0.749,126469200,0.748,114166300,0.747,76991400,0.746,60788800,0.751,40708900,0.752,58891800,0.753,40607900,0.754,41821900,0.755,31961100,432,100,0
sh513130,09:41:35,1767750097554,5780.44,0.8963,5.356,0.751,0.75,0.1333,402700,302405,0.7509,0.75,92372200,0.749,126178800,0.748,114289300,0.747,61692300,0.746,60855900,0.751,40810500,0.752,59678500,0.753,40607900,0.754,39330800,0.755,31969500,1121,100,0
sh513130,09:41:38,1767750100556,5782.87,0.8963,2.9091,0.751,0.75,0.1333,1776900,1334442,0.751,0.75,94786100,0.749,127164000,0.748,114225800,0.747,61625100,0.746,60709500,0.751,31544900,0.752,59668900,0.753,45710400,0.754,41824700,0.755,31974500,140,100,0
sh513130,09:41:41,1767750102553,5781.72,0.8963,3.507,0.751,0.75,0.1333,859700,645617,0.751,0.75,96155700,0.749,126159800,0.748,114203200,0.747,60638800,0.746,60596800,0.751,39365200,0.752,56967600,0.753,41007900,0.754,42273300,0.755,31963900,64,100,0
sh513130,09:41:44,1767750106561,5781.73,0.8963,5.6209,0.751,0.75,0.1333,1333100,1001107,0.751,0.75,97745400,0.749,126004100,0.748,113156900,0.747,59661800,0.746,60401400,0.751,39538700,0.752,56780800,0.753,41007900,0.754,42273300,0.755,31973900,117,100,0
sh513130,09:41:47,1767750108561,5782.14,0.8963,5.1362,0.751,0.75,0.1333,4701200,3529602,0.7508,0.75,99051500,0.749,124623300,0.748,113035000,0.747,59654700,0.746,60159700,0.751,37080000,0.752,56446900,0.753,41491600,0.754,42323300,0.755,32023900,68,100,0
sh513130,09:41:50,1767750111561,5782.49,0.8963,5.1729,0.751,0.75,0.1333,3552400,2667590,0.7509,0.75,84286000,0.749,124683300,0.748,113047700,0.747,74635800,0.746,60508200,0.751,36636700,0.752,57350500,0.753,42491600,0.754,39892100,0.755,32050500,1146,100,0
sh513130,09:41:53,1767750115574,5781.85,0.8963,5.8529,0.751,0.75,0.1333,2589000,1944203,0.7509,0.75,85513100,0.749,123733800,0.748,113037300,0.747,74632900,0.746,60414200,0.751,32032600,0.752,57568100,0.753,42593900,0.754,42406000,0.755,32104500,1074,100,0
sh513130,09:41:56,1767750117569,5781.93,0.8963,4.8412,0.751,0.75,0.1333,2097500,1575147,0.751,0.75,88037300,0.749,122844600,0.748,113239900,0.747,74600400,0.746,60400000,0.751,34735400,0.752,57568100,0.753,42621800,0.754,40162100,0.755,32219000,1085,100,0
sh513130,09:41:59,1767750120574,5781.18,0.8963,4.3085,0.751,0.75,0.1333,3467000,2603074,0.7508,0.75,88490500,0.749,122173900,0.748,113305100,0.747,74431500,0.746,60464800,0.751,37064800,0.752,52679700,0.753,42439700,0.754,39762100,0.755,32164000,1725,100,0
sh513130,09:42:02,1767750123563,5780.23,0.8963,4.8621,0.751,0.75,0.1333,1435700,1077909,0.7508,0.75,81392600,0.749,121041500,0.748,107971600,0.747,81796100,0.746,60529800,0.751,36713700,0.752,52636600,0.753,42490000,0.754,39762100,0.755,32448100,1116,100,0
sh513130,09:42:05,1767750128582,5776.55,0.8963,4.2691,0.751,0.75,0.1333,3937400,2955908,0.7507,0.75,74937000,0.749,121110900,0.748,109022000,0.747,81796100,0.746,60404100,0.751,40531500,0.752,52682400,0.753,42598100,0.754,34762100,0.755,32507200,97,100,0
sh513130,09:42:08,1767750130588,5776.79,0.8963,2.8424,0.751,0.75,0.1333,1119800,840707,0.7508,0.75,48376300,0.749,126060200,0.748,110030600,0.747,81783700,0.746,62399800,0.751,42708200,0.752,52693700,0.753,41630900,0.754,34752200,0.755,32667200,157,100,0
sh513130,09:42:11,1767750133576,5776.96,0.8963,2.9268,0.75,0.75,0.0,63088500,47316394,0.75,0.749,125751000,0.748,112097300,0.747,83936400,0.746,62389900,0.745,67176900,0.75,1764900,0.751,46411500,0.752,52666700,0.753,40690900,0.754,33752200,564,100,0
sh513130,09:42:14,1767750135580,5776.49,0.8963,2.5883,0.751,0.7493,0.2269,9384600,7038748,0.75,0.75,30577300,0.749,122924600,0.748,108928300,0.747,81955600,0.746,61344500,0.751,49982300,0.752,52726700,0.753,40752200,0.754,33702200,0.755,32020800,220,100,0
sh513130,09:42:17,1767750138596,5777.46,0.8963,3.7126,0.751,0.7493,0.2269,375500,281921,0.7508,0.75,34710700,0.749,122936200,0.748,110870900,0.747,81566100,0.746,61346500,0.751,49614100,0.752,54606000,0.753,42632200,0.754,34534400,0.755,32020800,187,100,0
sh513130,09:42:14,1767750139600,5777.46,0.8963,3.6452,0.751,0.7493,0.2269,0,0,0.751,0.75,30577300,0.749,122924600,0.748,108928300,0.747,81955600,0.746,61344500,0.751,49982300,0.752,52726700,0.753,40752200,0.754,33702200,0.755,32020800,1191,100,1
sh513130,09:42:17,1767750140600,5777.97,0.8963,3.2936,0.751,0.7493,0.2269,375500,281921,0.7508,0.75,34710700,0.749,122936200,0.748,110870900,0.747,81566100,0.746,61346500,0.751,49614100,0.752,54606000,0.753,42632200,0.754,34534400,0.755,32020800,134,100,0
sh513130,09:42:20,1767750142593,5777.91,0.8963,3.4269,0.751,0.7493,0.2269,1359100,1020684,0.751,0.75,47095500,0.749,119578100,0.748,109785000,0.747,75186100,0.746,61347700,0.751,53381800,0.752,55106000,0.753,42819000,0.754,34702200,0.755,32080800,172,100,0
sh513130,09:42:23,1767750144595,5777.51,0.8963,3.4785,0.751,0.7493,0.2269,2189000,1641937,0.7501,0.75,40995700,0.749,127498200,0.748,110695300,0.747,81578100,0.746,61345700,0.751,55812400,0.752,55126000,0.753,42700400,0.754,34702200,0.755,32122500,139,100,0
sh513130,09:42:26,1767750147603,5777.49,0.8963,2.7877,0.751,0.7493,0.2269,1810300,1359023,0.7507,0.75,41870300,0.749,127372600,0.748,110698700,0.747,81589500,0.746,61295400,0.751,55009900,0.752,55804400,0.753,42715500,0.754,36023100,0.755,32154800,522,100,0
sh513130,09:42:29,1767750151604,5777.78,0.8963,5.8847,0.751,0.7493,0.2269,633900,475993,0.7509,0.75,42787200,0.749,124337700,0.748,110711700,0.747,80660500,0.746,61471700,0.751,55462400,0.752,55355800,0.753,42715600,0.754,36023100,0.755,31642900,1173,100,0
sh513130,09:42:32,1767750154617,5777.28,0.8963,4.2053,0.751,0.7493,0.2269,1166900,876341,0.751,0.75,46186000,0.749,124439100,0.748,110840700,0.747,80731200,0.746,61287200,0.751,54615700,0.752,55555800,0.753,42715600,0.754,36023100,0.755,31673600,173,100,0
sh513130,09:42:35,1767750156606,5777.59,0.8963,3.3494,0.75,0.7493,0.0934,696600,522831,0.7505,0.75,62697400,0.749,124393800,0.748,110882200,0.747,80707800,0.746,61283400,0.751,51095800,0.752,50769800,0.753,42715600,0.754,36037400,0.755,31675200,124,100,0
sh513130,09:42:38,1767750160618,5777.28,0.8963,3.8715,0.751,0.7493,0.2269,458700,344362,0.7507,0.75,66639400,0.749,124680600,0.748,109944500,0.747,77591000,0.746,61300900,0.751,51932900,0.752,51267900,0.753,42771600,0.754,36037400,0.755,31575200,194,100,0
sh513130,09:42:41,1767750162618,5777.63,0.8963,3.3605,0.75,0.7493,0.0934,491800,369238,0.7508,0.75,37353400,0.749,127318200,0.748,110413800,0.747,80627900,0.746,61372300,0.751,51808300,0.752,51310900,0.753,42778400,0.754,36311200,0.755,31575200,187,100,0
sh513130,09:42:44,1767750165618,5777.34,0.8963,3.713,0.751,0.75,0.1333,688800,517242,0.7509,0.75,67030200,0.749,124682000,0.748,109246300,0.747,80738300,0.746,61391300,0.751,48584100,0.752,51360900,0.753,42778400,0.754,37101200,0.755,31576200,1117,100,0
sh513130,09:42:47,1767750169617,5777.24,0.8963,4.1266,0.751,0.75,0.1333,340400,255505,0.7506,0.75,70096600,0.749,125385200,0.748,109199000,0.747,78759300,0.746,60739100,0.751,48454800,0.752,53408500,0.753,43768400,0.754,37102200,0.755,31683200,1121,100,0
sh513130,09:42:50,1767750172606,5776.19,0.8963,3.7088,0.751,0.75,0.1333,422400,317177,0.7509,0.75,34622400,0.749,129105200,0.748,109149200,0.747,81350000,0.746,61064400,0.751,48400200,0.752,54168500,0.753,43774000,0.754,37143300,0.755,31643200,187,100,0
sh513130,09:42:53,1767750175614,5775.41,0.8963,6.1694,0.751,0.75,0.1333,1264300,949453,0.751,0.75,20619600,0.749,129174200,0.748,122980000,0.747,81750300,0.746,60965700,0.751,48980100,0.752,54168500,0.753,42784100,0.754,37155300,0.755,31643200,379,100,0
sh513130,09:42:56,1767750178610,5774.47,0.8963,4.8422,0.751,0.75,0.1333,4537900,3403674,0.7501,0.75,17289000,0.749,129547600,0.748,122866800,0.747,88730100,0.746,62172700,0.751,51227700,0.752,54203600,0.753,41907000,0.754,37156300,0.755,31718100,195,100,0
sh513130,09:42:59,1767750182612,5774.86,0.8963,3.1801,0.75,0.7493,0.0934,2746000,2061136,0.7506,0.75,27532200,0.749,129738300,0.748,122876500,0.747,88541700,0.746,62222800,0.751,50977300,0.752,54145700,0.753,41919000,0.754,37216300,0.755,31818100,32,100,0
sh513130,09:43:02,1767750183612,5774.86,0.8963,2.3953,0.75,0.7493,0.0934,20444400,15333326,0.75,0.749,129550800,0.748,123887700,0.747,88524900,0.746,63141700,0.745,67153000,0.75,32876800,0.751,49209900,0.752,50924300,0.753,37470300,0.754,36216300,1032,100,0
sh513130,09:43:05,1767750187632,5774.97,0.8963,5.5036,0.75,0.7493,0.0934,6398000,4798502,0.75,0.75,6067400,0.749,129752200,0.748,123929600,0.747,87921500,0.746,62351600,0.751,60165900,0.752,54819700,0.753,41996300,0.754,36229700,0.755,31910400,668,100,0
sh513130,09:43:08,1767750191634,5774.2,0.8963,3.2614,0.75,0.7493,0.0934,8701800,6526428,0.75,0.749,129977700,0.748,123899100,0.747,86913900,0.746,62374600,0.745,67051300,0.75,2867800,0.751,63211300,0.752,54742500,0.753,42986300,0.754,36218700,1193,100,0
sh513130,09:43:11,1767750193627,5775.14,0.8963,1.5414,0.75,0.7493,0.0934,646300,484725,0.75,0.749,129966100,0.748,124010300,0.747,86960000,0.746,63196000,0.745,67067100,0.75,12760300,0.751,64067200,0.752,55740500,0.753,41596300,0.754,36218700,1172,100,0
sh513130,09:43:14,1767750196632,5772.42,0.8963,1.6392,0.75,0.7493,0.0934,1829100,1371825,0.75,0.749,129981200,0.748,123977900,0.747,87763000,0.746,63360900,0.745,67046600,0.75,30352000,0.751,58806200,0.752,52891600,0.753,37096300,0.754,38838600,46,100,0
sh513130,09:43:17,1767750198633,5772.02,0.8963,1.7952,0.75,0.7493,0.0934,596700,447509,0.75,0.749,130075600,0.748,124011400,0.747,87834600,0.746,63846800,0.745,67055100,0.75,40466000,0.751,55493900,0.752,51891600,0.753,34630600,0.754,38738600,146,100,0
sh513130,09:43:20,1767750202636,5771.63,0.8963,5.4783,0.75,0.7493,0.0934,336400,252300,0.75,0.749,130770900,0.748,124109800,0.747,88915800,0.746,64080800,0.745,67991100,0.75,45625800,0.751,55975500,0.752,51941600,0.753,29630600,0.754,38738600,148,100,0
sh513130,09:43:23,1767750205637,5771.88,0.8963,4.7691,0.75,0.7493,0.0934,264800,198577,0.7499,0.749,132179800,0.748,124221200,0.747,88869500,0.746,64089800,0.745,67888100,0.75,45158500,0.751,55990200,0.752,51961600,0.753,29630600,0.754,38780100,1180,100,0
sh513130,09:43:26,1767750208652,5772.62,0.8963,5.9497,0.75,0.7493,0.0934,3360800,2519370,0.7496,0.749,130882100,0.748,124253300,0.747,88842300,0.746,65288900,0.745,67682400,0.75,33791600,0.751,59474700,0.752,51961100,0.753,34808200,0.754,38780100,209,100,0
sh513130,09:43:29,1767750211663,5772.14,0.8963,5.6721,0.75,0.7493,0.0934,7612000,5709000,0.75,0.749,132274200,0.748,124585500,0.747,87698200,0.746,65335800,0.745,67679400,0.75,16291300,0.751,63723200,0.752,54826500,0.753,35238200,0.754,38780100,1151,100,0
sh513130,09:43:32,1767750213664,5772.68,0.8963,3.3639,0.749,0.7493,-0.04,1682800,1262030,0.75,0.749,132953600,0.748,124637900,0.747,87788200,0.746,65321300,0.745,67488500,0.75,1883100,0.751,64001900,0.752,54925700,0.753,41000300,0.754,38780100,956,100,0
sh513130,09:43:35,1767750217675,5772.61,0.8963,2.5505,0.75,0.7493,0.0934,6596100,4947061,0.75,0.749,133210200,0.748,124440300,0.747,87803200,0.746,65328100,0.745,67846400,0.75,4765000,0.751,63625800,0.752,54975700,0.753,40632400,0.754,38780100,276,100,0
sh513130,09:43:38,1767750219674,5772.6,0.8963,2.0453,0.75,0.7493,0.0934,728700,546486,0.7499,0.749,133362000,0.748,124923900,0.747,87854700,0.746,65468000,0.745,67851400,0.75,19908600,0.751,57783800,0.752,51611600,0.753,37632400,0.754,38880100,1242,100,0
sh513130,09:43:41,1767750223679,5773.18,0.8963,6.72,0.75,0.7493,0.0934,3410000,2557419,0.75,0.749,133395700,0.748,124839400,0.747,87774700,0.746,65304900,0.745,67839400,0.75,5157300,0.751,63650200,0.752,55643100,0.753,40582100,0.754,38893100,1222,100,0
sh513130,09:43:44,1767750225668,5774.93,0.8963,5.0263,0.75,0.7493,0.0934,2047200,1535100,0.7499,0.75,32767400,0.749,135019900,0.748,124924900,0.747,87819700,0.746,64443800,0.751,63413700,0.752,55523700,0.753,40576300,0.754,38893100,0.755,29226000,1088,100,0
sh513130,09:43:47,1767750229682,5775.79,0.8963,3.6959,0.75,0.7493,0.0934,478500,358875,0.75,0.75,52662600,0.749,135082100,0.748,124991900,0.747,85314300,0.746,64501200,0.751,64189900,0.752,55526700,0.753,41561300,0.754,39758600,0.755,29227000,377,100,0
sh513130,09:43:50,1767750231665,5775.07,0.8963,3.6218,0.75,0.7493,0.0934,194300,145731,0.75,0.75,23361700,0.749,135028800,0.748,124205700,0.747,87448800,0.746,64523200,0.751,65433600,0.752,55676700,0.753,41561300,0.754,39926400,0.755,29427000,11,100,0
sh513130,09:43:53,1767750234664,5775.46,0.8963,2.8644,0.75,0.7493,0.0934,22348200,16761150,0.75,0.749,135168200,0.748,125343000,0.747,88010000,0.746,65378300,0.745,67485400,0.75,24239700,0.751,66572200,0.752,54716700,0.753,41721900,0.754,38926400,204,100,0
sh513130,09:43:56,1767750239657,5775.7,0.8963,2.0286,0.75,0.7493,0.0934,3912200,2934178,0.75,0.75,3462400,0.749,135356700,0.748,125511300,0.747,86204200,0.746,64556800,0.751,75618500,0.752,61447300,0.753,40729900,0.754,38906400,0.755,29518000,924,100,0
sh513130,09:43:59,1767750241671,5776.14,0.8963,1.5026,0.751,0.7493,0.2269,62000,46521,0.7503,0.75,7633800,0.749,136567600,0.748,125373200,0.747,92225200,0.746,64712600,0.751,74834900,0.752,61450300,0.753,41719900,0.754,39738600,0.755,29396500,565,100,0
sh513130,09:44:02,1767750243667,5776.61,0.8963,1.411,0.75,0.7493,0.0934,4402200,3301685,0.75,0.749,136639200,0.748,125464300,0.747,92624200,0.746,69152600,0.745,67480300,0.75,1649100,0.751,74892200,0.752,61450300,0.753,41719900,0.754,39074200,178,100,0
sh513130,09:44:05,1767750247674,5776.98,0.8963,3.0408,0.75,0.7493,0.0934,713600,535153,0.7499,0.749,136876300,0.748,125735400,0.747,92690900,0.746,70042500,0.745,67480300,0.75,5856500,0.751,75143200,0.752,61460300,0.753,40329900,0.754,38906400,1219,100,0
sh513130,09:44:08,1767750250669,5777.4,0.8963,4.7425,0.75,0.7493,0.0934,5175500,3881625,0.75,0.75,70158500,0.749,135878300,0.748,125429000,0.747,87294800,0.746,69297400,0.751,75037600,0.752,62646900,0.753,40329900,0.754,38906400,0.755,29476500,125,100,0
sh513130,09:44:11,1767750252682,5777.54,0.8963,4.1505,0.75,0.7493,0.0934,10276500,7707440,0.75,0.749,136859300,0.748,125600300,0.747,87310800,0.746,69407400,0.745,67655000,0.75,6762500,0.751,76156300,0.752,62641300,0.753,40743500,0.754,38906400,267,100,0
sh513130,09:44:08,1767750253700,5777.54,0.8963,3.5901,0.75,0.7493,0.0934,0,0,0.75,0.75,70158500,0.749,135878300,0.748,125429000,0.747,87294800,0.746,69297400,0.751,75037600,0.752,62646900,0.753,40329900,0.754,38906400,0.755,29476500,823,100,1
sh513130,09:44:11,1767750254706,5777.41,0.8963,3.5289,0.75,0.7493,0.0934,10276500,7707440,0.75,0.749,136859300,0.748,125600300,0.747,87310800,0.746,69407400,0.745,67655000,0.75,6762500,0.751,76156300,0.752,62641300,0.753,40743500,0.754,38906400,294,100,0
sh513130,09:44:14,1767750255706,5777.41,0.8963,3.7139,0.75,0.7493,0.0934,1293000,969750,0.75,0.749,137128100,0.748,125924800,0.747,88017500,0.746,70427700,0.745,67676700,0.75,2079900,0.751,75091100,0.752,62631300,0.753,40793500,0.754,38904900,485,100,0
sh513130,09:44:11,1767750256714,5777.36,0.8963,3.4096,0.75,0.7493,0.0934,0,0,0.75,0.749,136859300,0.748,125600300,0.747,87310800,0.746,69407400,0.745,67655000,0.75,6762500,0.751,76156300,0.752,62641300,0.753,40743500,0.754,38906400,269,100,1
sh513130,09:44:14,1767750257729,5777.36,0.8963,3.1061,0.75,0.7493,0.0934,1293000,969750,0.75,0.749,137128100,0.748,125924800,0.747,88017500,0.746,70427700,0.745,67676700,0.75,2079900,0.751,75091100,0.752,62631300,0.753,40793500,0.754,38904900,172,100,0
sh513130,09:44:17,1767750258742,5777.77,0.8963,3.583,0.75,0.7493,0.0934,3824400,2867839,0.7499,0.75,65479500,0.749,136887600,0.748,124968700,0.747,91392200,0.746,69447700,0.751,75338000,0.752,62631300,0.753,40788500,0.754,39763800,0.755,29544000,281,100,0
sh513130,09:44:20,1767750262737,5778.62,0.8963,6.2273,0.75,0.7493,0.0934,45300,33998,0.7505,0.75,66173500,0.749,137042400,0.748,124492600,0.747,80701900,0.746,69081700,0.751,76308600,0.752,65626700,0.753,40788500,0.754,39981600,0.755,29541800,284,100,0
sh513130,09:44:23,1767750265744,5776.49,0.8963,5.3336,0.75,0.7493,0.0934,422800,317109,0.75,0.75,25624700,0.749,138251400,0.748,124596400,0.747,88001300,0.746,69123800,0.751,76434400,0.752,65795000,0.753,42288500,0.754,40103700,0.755,29585100,1167,100,0
sh513130,09:44:26,1767750267743,5776.74,0.8963,4.125,0.75,0.7493,0.0934,124600,93563,0.7509,0.75,4908300,0.749,138254600,0.748,124593400,0.747,92967000,0.746,69163800,0.751,76719300,0.752,65608400,0.753,42288500,0.754,40103000,0.755,28585100,831,100,0
sh513130,09:44:29,1767750271731,5776.89,0.8963,2.5658,0.751,0.7493,0.2269,430000,322869,0.7509,0.75,10351100,0.749,138222400,0.748,124815500,0.747,93006000,0.746,69109700,0.751,76182100,0.752,65497500,0.753,42288500,0.754,40303000,0.755,27605100,156,100,0
sh513130,09:44:32,1767750273743,5776.41,0.8963,3.1076,0.75,0.7493,0.0934,6300500,4725435,0.75,0.749,138415800,0.748,126146100,0.747,93105700,0.746,70085300,0.745,67929300,0.75,4518500,0.751,76443600,0.752,64502000,0.753,42268500,0.754,39303000,1270,100,0
sh513130,09:44:35,1767750276736,5777.23,0.8963,3.9302,0.75,0.7493,0.0934,2353000,1764750,0.75,0.749,137487800,0.748,126183100,0.747,93825700,0.746,70315400,0.745,68179400,0.75,4929000,0.751,75546600,0.752,64532500,0.753,41868000,0.754,39303000,328,100,0
sh513130,09:44:38,1767750279742,5777.21,0.8963,3.8437,0.75,0.7493,0.0934,5954400,4465901,0.75,0.75,61776200,0.749,138503300,0.748,125799600,0.747,91261100,0.746,69415400,0.751,76010700,0.752,65532500,0.753,42275000,0.754,40164000,0.755,27763700,1151,100,0
sh513130,09:44:41,1767750283742,5778.72,0.8963,4.0006,0.751,0.7493,0.2269,17400,13051,0.7501,0.75,77154000,0.749,139576000,0.748,125764900,0.747,80544400,0.746,69521000,0.751,77301600,0.752,65632500,0.753,43275000,0.754,40742700,0.755,27845400,454,100,0
sh513130,09:44:44,1767750286732,5778.12,0.8963,1.7462,0.751,0.7493,0.2269,1325200,993900,0.75,0.75,41968200,0.749,139802600,0.748,124875100,0.747,85925300,0.746,69525800,0.751,77445200,0.752,65554300,0.753,43275000,0.754,40742700,0.755,27865400,312,100,0
sh513130,09:44:47,1767750288731,5777.05,0.8963,2.406,0.75,0.7493,0.0934,3534400,2650819,0.75,0.749,140440700,0.748,126122400,0.747,93330300,0.746,70339700,0.745,68285500,0.75,44979600,0.751,63738200,0.752,52992900,0.753,40512900,0.754,39721700,311,100,0
sh513130,09:44:50,1767750292734,5776.32,0.8963,0.8562,0.75,0.7493,0.0934,715600,536700,0.75,0.749,139375000,0.748,126082100,0.747,94298300,0.746,70497900,0.745,68297500,0.75,54527700,0.751,62860200,0.752,53058900,0.753,35622900,0.754,39741700,93,100,0
sh513130,09:44:53,1767750295730,5776.48,0.8963,2.3265,0.75,0.7493,0.0934,1959900,1469900,0.75,0.749,139525800,0.748,125995300,0.747,94178400,0.746,70499900,0.745,68395400,0.75,24911300,0.751,68621200,0.752,54934300,0.753,42885000,0.754,39741700,737,100,0
sh513130,09:44:56,1767750298741,5777.21,0.8963,2.6809,0.75,0.7493,0.0934,1158900,869027,0.7499,0.749,139415600,0.748,126035100,0.747,94213700,0.746,70598600,0.745,68375400,0.75,33483000,0.751,68667300,0.752,54939300,0.753,42885000,0.754,39741700,299,100,0
sh513130,09:44:59,1767750300742,5777.11,0.8963,2.3814,0.75,0.7493,0.0934,1465700,1099275,0.75,0.749,139518300,0.748,125983700,0.747,94235100,0.746,70696000,0.745,68383800,0.75,6839400,0.751,76669700,0.752,64817700,0.753,42880000,0.754,39741700,318,100,0
sh513130,09:45:02,1767750304747,5776.2,0.8963,3.3854,0.75,0.7493,0.0934,2741200,2054871,0.7496,0.749,138879100,0.748,125859800,0.747,94332100,0.746,70739700,0.745,70412800,0.75,37155300,0.751,62824500,0.752,53074900,0.753,38637900,0.754,39549700,289,100,0
sh513130,09:45:05,1767750306753,5775.95,0.8963,3.7843,0.75,0.7493,0.0934,448100,336064,0.75,0.749,138113700,0.748,126352300,0.747,95339900,0.746,70750400,0.745,70329500,0.75,37057700,0.751,68310700,0.752,54940300,0.753,42900000,0.754,39549700,336,100,0
sh513130,09:45:08,1767750310749,5775.42,0.8963,2.2434,0.75,0.7493,0.0934,223000,167197,0.7498,0.749,138343500,0.748,126384400,0.747,94372300,0.746,70905400,0.745,70206600,0.75,10140900,0.751,76324300,0.752,63828700,0.753,42900000,0.754,36906000,315,100,0
sh513130,09:45:11,1767750313750,5776.3,0.8963,0.0776,0.75,0.7494,0.0801,600600,450162,0.7495,0.749,138225300,0.748,126531400,0.747,94372300,0.746,71326200,0.745,70250600,0.75,9130400,0.751,77777500,0.752,65208100,0.753,42900000,0.754,36938200,9,100,0
sh513130,09:45:14,1767750316751,5776.27,0.8963,5.2106,0.75,0.7494,0.0801,7467200,5600391,0.75,0.75,48823700,0.749,137827800,0.748,125625400,0.747,92372300,0.746,70481100,0.751,78047200,0.752,66708100,0.753,42900300,0.754,37770400,0.755,27793700,255,100,0
sh513130,09:45:17,1767750318755,5775.88,0.8963,4.2667,0.749,0.7494,-0.0534,5209800,3907129,0.75,0.749,138663100,0.748,126750800,0.747,93467300,0.746,70486000,0.745,70309700,0.75,2984800,0.751,79077700,0.752,66708100,0.753,43310300,0.754,37094000,332,100,0
sh513130,09:45:20,1767750321748,5776.51,0.8963,3.2856,0.751,0.7493,0.2269,462400,346806,0.75,0.75,53716100,0.749,135071600,0.748,126767100,0.747,92445100,0.746,70500500,0.751,80737400,0.752,66900100,0.753,43310300,0.754,37808400,0.755,27863700,994,100,0
sh513130,09:45:23,1767750324747,5776.61,0.8963,2.2214,0.75,0.7493,0.0934,3568200,2676126,0.75,0.749,138864100,0.748,127620600,0.747,93494700,0.746,71025200,0.745,70342900,0.75,6837300,0.751,81586400,0.752,66100100,0.753,44310300,0.754,36976200,253,100,0
sh513130,09:45:26,1767750327751,5776.82,0.8963,1.8447,0.75,0.7493,0.0934,415700,311773,0.75,0.749,138624800,0.748,128457200,0.747,94482700,0.746,70960600,0.745,70645700,0.75,7677900,0.751,80874000,0.752,66994600,0.753,43910300,0.754,37577200,1309,100,0
sh513130,09:45:29,1767750330744,5777.11,0.8963,2.1207,0.75,0.7494,0.0801,146800,110100,0.75,0.749,138762000,0.748,129280500,0.747,94478100,0.746,70963600,0.745,70705100,0.75,6242300,0.751,80909800,0.752,67532900,0.753,43910800,0.754,37577200,298,100,0
sh513130,09:45:32,1767750334746,5773.12,0.8963,2.2023,0.75,0.7494,0.0801,491000,368163,0.7498,0.749,139382800,0.748,129948300,0.747,94461100,0.746,71066600,0.745,70705100,0.75,60277100,0.751,63515200,0.752,56963800,0.753,36648200,0.754,37577200,307,100,0
sh513130,09:45:35,1767750337747,5774.09,0.8963,1.8763,0.749,0.7494,-0.0534,704700,527994,0.7492,0.749,137957600,0.748,130878200,0.747,95592600,0.746,71206600,0.745,70607100,0.75,61228000,0.751,62601600,0.752,54993500,0.753,36648200,0.754,37577200,616,100,0
sh513130,09:45:38,1767750339744,5773.77,0.8963,1.3845,0.75,0.7494,0.0801,195600,146699,0.75,0.749,138120700,0.748,132201400,0.747,95623500,0.746,71217600,0.745,70623100,0.75,62132500,0.751,62627400,0.752,55177500,0.753,31658200,0.754,37577200,233,100,0
sh513130,09:45:41,1767750342762,5773.28,0.8963,2.2655,0.75,0.7494,0.0801,1239700,928666,0.7491,0.749,137631300,0.748,132253200,0.747,95947400,0.746,71227600,0.745,70627100,0.75,55411100,0.751,67527200,0.752,56176500,0.753,36658200,0.754,37576200,314,100,0
sh513130,09:45:44,1767750346787,5772.9,0.8963,3.9241,0.75,0.7494,0.0801,1182400,886799,0.75,0.749,136693500,0.748,133049000,0.747,96969300,0.746,71230500,0.745,70679100,0.75,56003400,0.751,70972800,0.752,55186100,0.753,36658200,0.754,37576200,252,100,0
sh513130,09:45:47,1767750348783,5773.03,0.8963,5.533,0.749,0.7494,-0.0534,204500,153210,0.7492,0.749,137746300,0.748,133999200,0.747,96000300,0.746,71028600,0.745,70699200,0.75,44696700,0.751,77157300,0.752,58011500,0.753,41151700,0.754,37576200,364,100,0
sh513130,09:45:50,1767750350791,5773.84,0.8963,6.4882,0.75,0.7494,0.0801,111100,83325,0.75,0.749,138141200,0.748,134918200,0.747,96048700,0.746,71038600,0.745,70637600,0.75,45139700,0.751,77158400,0.752,58868900,0.753,39656700,0.754,37576200,358,100,0
sh513130,09:45:53,1767750354809,5772.82,0.8963,4.1511,0.75,0.7494,0.0801,231500,173466,0.7493,0.749,138950600,0.748,135836000,0.747,96060700,0.746,70976700,0.745,70621600,0.75,40492900,0.751,77585400,0.752,58822900,0.753,44318800,0.754,37576200,372,100,0
sh513130,09:45:56,1767750357825,5772.38,0.8963,2.4233,0.75,0.7494,0.0801,312700,234515,0.75,0.749,139036200,0.748,136891200,0.747,96171900,0.746,71032000,0.745,70581600,0.75,42606300,0.751,77223400,0.752,58822900,0.753,42418800,0.754,37576200,1408,100,0
sh513130,09:45:59,1767750360836,5771.54,0.8963,3.5344,0.75,0.7494,0.0801,135800,101818,0.7498,0.749,123720800,0.748,138324600,0.747,96162100,0.746,86082500,0.745,70582100,0.75,63422400,0.751,65578300,0.752,55993500,0.753,35626700,0.754,37596200,332,100,0
sh513130,09:46:02,1767750363823,5771.65,0.8963,4.4336,0.75,0.7494,0.0801,2070800,1552076,0.7495,0.749,121213000,0.748,139318000,0.747,97694600,0.746,86096400,0.745,70584700,0.75,70533300,0.751,65584000,0.752,54023500,0.753,30636700,0.754,37596200,991,100,0
sh513130,09:46:05,1767750367825,5772.53,0.8963,3.9363,0.749,0.7494,-0.0534,238800,178982,0.7495,0.749,120712600,0.748,139371200,0.747,97681600,0.746,86043400,0.745,70585400,0.75,72520200,0.751,66419700,0.752,54023500,0.753,30475100,0.754,37597200,348,100,0
sh513130,09:46:08,1767750369823,5771.51,0.8963,6.3214,0.749,0.7494,-0.0534,1157500,867142,0.7492,0.749,134734200,0.748,139959800,0.747,98537500,0.746,71055200,0.745,70649200,0.75,62086500,0.751,71337600,0.752,55013500,0.753,30475100,0.754,37466600,13,100,0
sh513130,09:46:11,1767750373836,5771.53,0.8963,4.4459,0.749,0.7494,-0.0534,447000,334823,0.749,0.749,119506500,0.748,140448700,0.747,99382600,0.746,86045200,0.745,70654200,0.75,72094700,0.751,66387500,0.752,54953100,0.753,30475100,0.754,37466600,1382,100,0
sh513130,09:46:14,1767750376822,5772.41,0.8963,4.5409,0.749,0.7494,-0.0534,165200,123869,0.7498,0.749,119543500,0.748,140941500,0.747,100227700,0.746,86055100,0.745,70810800,0.75,72048100,0.751,67248200,0.752,54953100,0.753,30456100,0.754,37416600,352,100,0
sh513130,09:46:17,1767750379823,5773.26,0.8963,4.356,0.75,0.7494,0.0801,759500,569564,0.7499,0.749,134661100,0.748,140988800,0.747,101062800,0.746,71075200,0.745,70874100,0.75,72051400,0.751,68336000,0.752,54953100,0.753,30456100,0.754,37416600,622,100,0
sh513130,09:46:20,1767750381826,5773.21,0.8963,4.0519,0.75,0.7494,0.0801,2238700,1677891,0.7495,0.749,134597700,0.748,141563800,0.747,100917900,0.746,71087000,0.745,63878200,0.75,65739100,0.751,69350700,0.752,55943100,0.753,30536700,0.754,37399500,266,100,0
sh513130,09:46:23,1767750385824,5773.2,0.8963,4.4332,0.75,0.7494,0.0801,579500,434091,0.7491,0.749,133410800,0.748,141643700,0.747,102816200,0.746,71189000,0.745,63900200,0.75,62418500,0.751,75316500,0.752,54780000,0.753,30475700,0.754,37399500,1400,100,0
sh513130,09:46:26,1767750387831,5772.29,0.8963,3.4593,0.75,0.7494,0.0801,459000,343862,0.7492,0.749,134322900,0.748,141776700,0.747,102746300,0.746,71172100,0.745,63960200,0.75,71614500,0.751,71390800,0.752,55770000,0.753,30477400,0.754,37399500,1371,100,0
sh513130,09:46:29,1767750391832,5771.76,0.8963,2.7073,0.75,0.7494,0.0801,256500,192218,0.7494,0.749,118406500,0.748,141885500,0.747,104631200,0.746,86366400,0.745,63957300,0.75,72528400,0.751,72225000,0.752,54770000,0.753,30477400,0.754,37399600,859,100,0
sh513130,09:46:32,1767750393829,5771.97,0.8963,2.2695,0.749,0.7494,-0.0534,603900,452553,0.7494,0.749,118258000,0.748,141999500,0.747,105509900,0.746,86443800,0.745,63962300,0.75,72923300,0.751,73060700,0.752,54770000,0.753,30477400,0.754,37399600,529,100,0
sh513130,09:46:35,1767750397824,5770.87,0.8963,2.3165,0.749,0.7495,-0.0667,2012700,1508518,0.7495,0.749,117137400,0.748,142122700,0.747,106561000,0.746,86543800,0.745,63960600,0.75,67480000,0.751,73921500,0.752,54720000,0.753,30477400,0.754,37399600,1350,100,0
sh513130,09:46:38,1767750399822,5771.29,0.8963,2.794,0.75,0.7495,0.0667,1015600,761700,0.75,0.749,117417800,0.748,142115900,0.747,107774800,0.746,86543800,0.745,63963600,0.75,71554900,0.751,74068900,0.752,54732500,0.753,30477400,0.754,37399600,1341,100,0
sh513130,09:46:41,1767750403824,5772.47,0.8963,3.7228,0.75,0.7495,0.0667,1116700,837525,0.75,0.749,117772900,0.748,142468900,0.747,108635200,0.746,86545800,0.745,64015600,0.75,71072300,0.751,74941300,0.752,54732500,0.753,30894000,0.754,37399600,1123,100,0
sh513130,09:46:44,1767750405833,5771.79,0.8963,4.0945,0.75,0.7495,0.0667,437600,328116,0.7498,0.749,135489400,0.748,142427100,0.747,108769300,0.746,71511000,0.745,64150600,0.75,70802900,0.751,76600100,0.752,54802500,0.753,30894300,0.754,37399600,783,100,0
sh513130,09:46:47,1767750408836,5772.28,0.8963,3.4201,0.75,0.7495,0.0667,2342100,1755568,0.7496,0.749,134925900,0.748,142367600,0.747,108899300,0.746,73509200,0.745,64100600,0.75,52750100,0.751,87527900,0.752,57671900,0.753,38894300,0.754,37412900,424,100,0
sh513130,09:46:50,1767750411835,5771.35,0.8963,3.9886,0.75,0.7495,0.0667,433200,324889,0.75,0.749,135189100,0.748,142435600,0.747,109304300,0.746,73509200,0.745,64065100,0.75,69322500,0.751,77029900,0.752,54816500,0.753,35899300,0.754,37439900,1353,100,0
sh513130,09:46:47,1767750412833,5771.76,0.8963,3.3562,0.75,0.7495,0.0667,0,0,0.75,0.749,134925900,0.748,142367600,0.747,108899300,0.746,73509200,0.745,64100600,0.75,52750100,0.751,87527900,0.752,57671900,0.753,38894300,0.754,37412900,393,100,1
sh513130,09:46:50,1767750413823,5771.76,0.8963,4.2457,0.75,0.7495,0.0667,433200,324889,0.75,0.749,135189100,0.748,142435600,0.747,109304300,0.746,73509200,0.745,64065100,0.75,69322500,0.751,77029900,0.752,54816500,0.753,35899300,0.754,37439900,1383,100,0
sh513130,09:46:53,1767750414824,5771.13,0.8963,3.6206,0.75,0.7495,0.0667,252000,188935,0.7497,0.749,135334700,0.748,141345100,0.747,109313300,0.746,73361200,0.745,64222000,0.75,64494800,0.751,81892100,0.752,56490000,0.753,35901300,0.754,37439900,316,100,0
sh513130,09:46:56,1767750418834,5771.99,0.8963,3.5811,0.75,0.7488,0.1603,771000,578236,0.75,0.749,135451800,0.748,141420500,0.747,109818400,0.746,73466300,0.745,64280500,0.75,26758500,0.751,92910200,0.752,71198500,0.753,43163400,0.754,37439900,386,100,0
sh513130,09:46:59,1767750421831,5772.14,0.8963,2.2534,0.75,0.7495,0.0667,321600,241089,0.7497,0.749,136807300,0.748,141458000,0.747,108881400,0.746,73488600,0.745,64290500,0.75,61492200,0.751,80273500,0.752,58188600,0.753,35901300,0.754,37439900,236,100,0
sh513130,09:47:02,1767750424797,5772.59,0.8963,3.8153,0.749,0.7495,-0.0667,2177900,1632370,0.7495,0.749,137694700,0.748,141193600,0.747,109808500,0.746,73458500,0.745,63965400,0.75,62730500,0.751,81273500,0.752,59073200,0.753,35903300,0.754,37439900,353,100,0
sh513130,09:47:05,1767750427799,5772.17,0.8963,4.0749,0.75,0.7495,0.0667,491300,368185,0.7494,0.749,137679700,0.748,141214700,0.747,110999200,0.746,73459500,0.745,64219900,0.75,68425400,0.751,77092100,0.752,58887100,0.753,35903300,0.754,37439900,1341,100,0
sh513130,09:47:08,1767750429791,5772.94,0.8963,6.4985,0.75,0.7495,0.0667,14368600,10776388,0.75,0.75,19748400,0.749,136891800,0.748,141223700,0.747,111004200,0.746,73459500,0.751,95371000,0.752,73576000,0.753,43165400,0.754,37439900,0.755,24273400,1168,100,0
sh513130,09:47:05,1767750430800,5773.59,0.8963,6.425,0.75,0.7495,0.0667,0,0,0.75,0.749,137679700,0.748,141214700,0.747,110999200,0.746,73459500,0.745,64219900,0.75,68425400,0.751,77092100,0.752,58887100,0.753,35903300,0.754,37439900,395,100,1
sh513130,09:47:08,1767750431790,5773.59,0.8963,6.4575,0.75,0.7495,0.0667,14368600,10776388,0.75,0.75,19748400,0.749,136891800,0.748,141223700,0.747,111004200,0.746,73459500,0.751,95371000,0.752,73576000,0.753,43165400,0.754,37439900,0.755,24273400,837,100,0
sh513130,09:47:11,1767750433798,5774.66,0.8963,4.7001,0.75,0.7495,0.0667,8612800,6459521,0.75,0.749,142003100,0.748,141240700,0.747,107644100,0.746,73459500,0.745,64230600,0.75,3804900,0.751,96250300,0.752,77386300,0.753,44655500,0.754,37455100,507,100,0
sh513130,09:47:14,1767750436797,5775.32,0.8963,3.3166,0.75,0.7495,0.0667,4847300,3634528,0.7498,0.75,55463800,0.749,139625800,0.748,141439300,0.747,100732500,0.746,73464500,0.751,96222400,0.752,78220900,0.753,43665500,0.754,37397300,0.755,24263500,297,100,0
sh513130,09:47:17,1767750439790,5774.46,0.8963,5.0742,0.75,0.7495,0.0667,623000,467275,0.75,0.75,2397100,0.749,143338900,0.748,141469500,0.747,107741200,0.746,73436100,0.751,96206900,0.752,81962400,0.753,44635500,0.754,37364500,0.755,24263500,1355,100,0
sh513130,09:47:20,1767750441786,5775.42,0.8963,3.8023,0.749,0.7495,-0.0667,3550500,2662827,0.75,0.749,143685400,0.748,141496100,0.747,108105000,0.746,73436300,0.745,64388100,0.75,319000,0.751,97040800,0.752,80962400,0.753,44635500,0.754,37364500,1316,100,0
sh513130,09:47:23,1767750444788,5775.83,0.8963,3.9403,0.75,0.7495,0.0667,2267300,1700465,0.75,0.749,144775100,0.748,141499400,0.747,108125000,0.746,74385400,0.745,64393100,0.75,845100,0.751,96861300,0.752,79962400,0.753,43645500,0.754,37364500,323,100,0
sh513130,09:47:26,1767750448779,5778.46,0.8963,4.7858,0.75,0.7495,0.0667,9693200,7269701,0.75,0.75,44180700,0.749,142010300,0.748,141649400,0.747,100668000,0.746,74422400,0.751,96852400,0.752,81023900,0.753,43826600,0.754,37364500,0.755,24266500,164,100,0
sh513130,09:47:29,1767750451769,5779.73,0.8963,3.895,0.751,0.7495,0.2001,57300,43033,0.751,0.75,66810800,0.749,139790200,0.748,139673500,0.747,84477800,0.746,73297400,0.751,67018700,0.752,85957000,0.753,46796600,0.754,44123200,0.755,24272600,1284,100,0
sh513130,09:47:32,1767750453774,5780.17,0.8963,3.8665,0.75,0.7495,0.0667,34300,25731,0.7502,0.75,73544300,0.749,142257200,0.748,137641100,0.747,69196400,0.746,73413400,0.751,84895900,0.752,81031900,0.753,46796600,0.754,37367200,0.755,24272600,1330,100,0
sh513130,09:47:35,1767750457777,5779.62,0.8963,3.0871,0.75,0.7501,-0.0133,568200,426250,0.7502,0.75,77049500,0.749,143254400,0.748,137728000,0.747,69172600,0.746,73424300,0.751,79867500,0.752,85963300,0.753,46796600,0.754,37367200,0.755,24272600,944,100,0
sh513130,09:47:38,1767750459777,5780.59,0.8963,3.7719,0.75,0.7501,-0.0133,1131200,848425,0.75,0.75,76928400,0.749,145180900,0.748,137746300,0.747,69184400,0.746,73445300,0.751,84755100,0.752,81035100,0.753,46801600,0.754,37367200,0.755,24266500,587,100,0
sh513130,09:47:41,1767750463767,5782.15,0.8963,2.8975,0.751,0.7501,0.12,1415800,1062868,0.7507,0.75,76828800,0.749,145320900,0.748,137823100,0.747,69184400,0.746,73549900,0.751,65044500,0.752,86004300,0.753,46801600,0.754,47123200,0.755,24286500,1312,100,0
sh513130,09:47:44,1767750465767,5782.49,0.8963,3.5299,0.751,0.7501,0.12,451000,338600,0.7508,0.75,78091800,0.749,146335400,0.748,138384000,0.747,69184400,0.746,73628800,0.751,79765500,0.752,81074200,0.753,46801600,0.754,37371300,0.755,24348500,1343,100,0
sh513130,09:47:47,1767750468756,5782.27,0.8963,2.5071,0.751,0.7501,0.12,1338400,1004876,0.7508,0.75,78136200,0.749,147402800,0.748,138385600,0.747,69198000,0.746,74063800,0.751,72897700,0.752,86044300,0.753,46881600,0.754,37431300,0.755,23926400,181,100,0
sh513130,09:47:44,1767750469751,5782.27,0.8963,2.998,0.751,0.7501,0.12,0,0,0.751,0.75,78091800,0.749,146335400,0.748,138384000,0.747,69184400,0.746,73628800,0.751,79765500,0.752,81074200,0.753,46801600,0.754,37371300,0.755,24348500,1176,100,1
sh513130,09:47:47,1767750470748,5781.86,0.8963,2.5897,0.751,0.7501,0.12,1338400,1004876,0.7508,0.75,78136200,0.749,147402800,0.748,138385600,0.747,69198000,0.746,74063800,0.751,72897700,0.752,86044300,0.753,46881600,0.754,37431300,0.755,23926400,303,100,0
sh513130,09:47:50,1767750471745,5781.86,0.8963,3.1934,0.751,0.7501,0.12,542400,407324,0.751,0.75,78427400,0.749,148389900,0.748,138123600,0.747,69201000,0.746,74043100,0.751,72512600,0.752,86744300,0.753,46941600,0.754,37416300,0.755,23946400,841,100,0
sh513130,09:47:53,1767750475720,5781.97,0.8963,3.0356,0.751,0.7501,0.12,2284500,1714658,0.7506,0.75,89859900,0.749,149480800,0.748,138528600,0.747,69209100,0.746,74037600,0.751,81732800,0.752,81964700,0.753,46971600,0.754,37416300,0.755,24006400,120,100,0
sh513130,09:47:56,1767750477725,5781.83,0.8963,4.8143,0.751,0.7501,0.12,601600,451648,0.7507,0.75,90951400,0.749,150123000,0.748,138477800,0.747,69199900,0.746,74082200,0.751,76010200,0.752,86954900,0.753,46971600,0.754,37416300,0.755,24007100,1222,100,0
sh513130,09:47:59,1767750480707,5780.6,0.8963,5.0515,0.751,0.7501,0.12,257000,193007,0.751,0.75,91438300,0.749,151198000,0.748,137492200,0.747,69157300,0.746,74073200,0.751,74252800,0.752,86954900,0.753,46971700,0.754,37436300,0.755,24024100,274,100,0
sh513130,09:48:02,1767750484694,5780.52,0.8963,4.9089,0.751,0.7501,0.12,476600,357917,0.751,0.75,91035700,0.749,152144800,0.748,138512600,0.747,69159300,0.746,74197400,0.751,78793700,0.752,82224800,0.753,47825200,0.754,37436400,0.755,24024200,250,100,0
sh513130,09:48:05,1767750486698,5780.03,0.8963,4.3806,0.75,0.7501,-0.0133,2834400,2127496,0.7506,0.75,91418900,0.749,152950600,0.748,138512600,0.747,68149300,0.746,74213400,0.751,77232500,0.752,82279000,0.753,48658700,0.754,37436400,0.755,24046200,252,100,0
sh513130,09:48:08,1767750490695,5779.89,0.8963,3.37,0.751,0.7501,0.12,600100,450554,0.7508,0.75,91895800,0.749,154058300,0.748,138447900,0.747,67245700,0.746,74242400,0.751,76670200,0.752,82280500,0.753,49492200,0.754,37436500,0.755,24066200,77,100,0
