symbol,tx_server_time,tx_local_time,index_price,fx_rate,sentiment,price,iopv,premium_rate,tick_vol,tick_amt,tick_vwap,bp1,bv1,bp2,bv2,bp3,bv3,bp4,bv4,bp5,bv5,sp1,sv1,sp2,sv2,sp3,sv3,sp4,sv4,sp5,sv5,idx_delay_ms,fut_delay_ms,data_flags
sh513130,09:29:44,1769736590281,,0.8898,0.0,0.745,0.7447,0.0403,0,0,0.745,0.745,6824100,0.744,21450300,0.743,23814100,0.742,29873100,0.741,32016900,0.746,11384400,0.747,10174200,0.748,18587400,0.749,21762100,0.750,29370100,99999,99999,1
sh513130,09:29:50,1769736593266,,0.8898,0.0,0.745,0.7447,0.0403,0,0,0.745,0.745,6824100,0.744,21450300,0.743,23814100,0.742,29873100,0.741,32016900,0.746,11384400,0.747,10174200,0.748,18587400,0.749,21762100,0.750,29370100,99999,99999,0
sh513130,09:29:56,1769736599284,,0.8898,0.0,0.745,0.7447,0.0403,0,0,0.745,0.745,6824100,0.744,21450300,0.743,23814100,0.742,29873100,0.741,32016900,0.746,11384400,0.747,10174200,0.748,18587400,0.749,21762100,0.750,29370100,99999,99999,0
sh513130,09:29:59,1769736602282,,0.8898,0.0,0.745,0.7447,0.0403,0,0,0.745,0.745,6824100,0.744,21450300,0.743,23814100,0.742,29873100,0.741,32016900,0.746,11384400,0.747,10174200,0.748,18587400,0.749,21762100,0.750,29370100,99999,99999,0
sh513130,09:30:02,1769736606298,,0.8898,5.2873,0.746,0.7447,0.1746,39800,29681,0.7458,0.745,13019300,0.744,21513600,0.743,24342700,0.742,33223400,0.741,30051000,0.746,26256000,0.747,25319600,0.748,23963000,0.749,21828000,0.750,29368100,99999,99999,0
sh513130,09:30:05,1769736609298,,0.8898,3.0081,0.745,0.7453,-0.0403,13880500,10341229,0.745,0.744,21730000,0.743,25082100,0.742,35240800,0.741,30225900,0.740,50333800,0.745,6038500,0.746,27714000,0.747,28543600,0.748,27117000,0.749,22139200,99999,99999,0
sh513130,09:30:08,1769736611309,,0.8898,3.9198,0.745,0.7453,-0.0403,3346000,2492718,0.745,0.744,23678300,0.743,25951900,0.742,35376800,0.741,30936200,0.740,50717600,0.745,9385500,0.746,27776900,0.747,29657000,0.748,27113700,0.749,23437900,99999,99999,0
sh513130,09:30:11,1769736616301,,0.8898,1.8865,0.745,0.7447,0.0403,720100,536383,0.7449,0.744,24568200,0.743,26762400,0.742,35734100,0.741,36910500,0.740,50963200,0.745,19630200,0.746,34823300,0.747,35078300,0.748,24226300,0.749,23438200,99999,99999,0
sh513130,09:30:14,1769736618320,,0.8898,5.0361,0.745,0.7453,-0.0403,1506500,1122222,0.7449,0.744,26563200,0.743,32049800,0.742,36435600,0.741,37622500,0.740,51151400,0.745,16280100,0.746,32495700,0.747,35488300,0.748,24476300,0.749,23088600,99999,99999,0
sh513130,09:30:17,1769736622322,,0.8898,2.8392,0.745,0.7453,-0.0403,1918900,1429378,0.7449,0.744,28202100,0.743,32239000,0.742,36872800,0.741,37858000,0.740,51811000,0.745,13436900,0.746,32606300,0.747,35498300,0.748,24968200,0.749,23648000,99999,99999,0
sh513130,09:30:20,1769736623315,,0.8898,2.5635,0.745,0.7453,-0.0403,1682500,1253033,0.7447,0.744,26376000,0.743,33378800,0.742,38051700,0.741,38127300,0.740,52067400,0.745,10306300,0.746,34931100,0.747,35570300,0.748,25900400,0.749,24151000,99999,99999,0
sh513130,09:30:23,1769736627323,,0.8898,3.2292,0.745,0.7453,-0.0403,1741900,1297608,0.7449,0.744,26947400,0.743,30998800,0.742,38434400,0.741,38214600,0.740,52508500,0.745,13292800,0.746,38300200,0.747,35576000,0.748,26093700,0.749,24251000,99999,99999,0
sh513130,09:30:26,1769736630315,,0.8898,2.3243,0.744,0.7447,-0.094,829700,617771,0.7446,0.744,24013300,0.743,36303900,0.742,43635100,0.741,43229700,0.740,53446900,0.745,16190800,0.746,38325800,0.747,40553500,0.748,26940100,0.749,24424200,99999,99999,0
sh513130,09:30:29,1769736633343,,0.8898,3.8179,0.744,0.7453,-0.1744,1321800,984396,0.7447,0.744,23780800,0.743,35516800,0.742,43819400,0.741,43318200,0.740,53788100,0.745,16039700,0.746,38578000,0.747,40554200,0.748,28604900,0.749,26609900,99999,99999,0
sh513130,09:30:32,1769736635346,,0.8898,3.9915,0.745,0.7453,-0.0403,1174200,874722,0.745,0.744,24358500,0.743,35564100,0.742,44660500,0.741,43457700,0.740,55098400,0.745,18527200,0.746,38607000,0.747,40554800,0.748,29445300,0.749,29755500,99999,99999,0
sh513130,09:30:35,1769736640347,,0.8898,0.8891,0.745,0.7453,-0.0403,1741000,1296299,0.7446,0.744,22159100,0.743,35896000,0.742,45830900,0.741,43571800,0.740,56166600,0.745,18483500,0.746,37837800,0.747,40600900,0.748,30214100,0.749,29769500,99999,99999,0
sh513130,09:30:38,1769736642356,,0.8898,1.9414,0.745,0.7453,-0.0403,6923400,5157795,0.745,0.744,25277500,0.743,50109100,0.742,59746100,0.741,44843500,0.740,56378100,0.745,9604300,0.746,49737300,0.747,40616900,0.748,32280200,0.749,29767600,99999,99999,0
sh513130,09:30:41,1769736645349,,0.8898,7.4276,0.744,0.746,-0.2681,7331800,5461481,0.7449,0.744,26228700,0.743,50248400,0.742,62220700,0.741,44827200,0.740,56328200,0.745,2056300,0.746,47751000,0.747,49543200,0.748,36535500,0.749,29818900,99999,99999,0
sh513130,09:30:44,1769736648360,,0.8898,5.1377,0.745,0.746,-0.134,5448900,4059193,0.745,0.745,29474700,0.744,32556300,0.743,52417000,0.742,62310500,0.741,44874900,0.746,48094100,0.747,49545200,0.748,36543000,0.749,29932500,0.750,34143800,99999,99999,0
sh513130,09:30:47,1769736652359,,0.8898,3.466,0.745,0.746,-0.134,2177800,1622620,0.7451,0.745,52826800,0.744,35184200,0.743,59085300,0.742,68856800,0.741,51367300,0.746,39659800,0.747,52759200,0.748,41118600,0.749,38272000,0.750,34166900,99999,99999,0
sh513130,09:30:50,1769736654363,,0.8898,1.5508,0.745,0.746,-0.134,720000,536632,0.7453,0.745,16526900,0.744,36605500,0.743,56083300,0.742,65955900,0.741,46172300,0.746,39252500,0.747,51774200,0.748,43121700,0.749,40273700,0.750,37766000,99999,99999,0
sh513130,09:30:53,1769736657364,,0.8898,5.375,0.746,0.746,0.0,2103700,1567351,0.745,0.745,27912900,0.744,37694300,0.743,56443100,0.742,65782200,0.741,45411500,0.746,35560500,0.747,46780700,0.748,43928700,0.749,40307600,0.750,42794200,99999,99999,0
sh513130,09:30:56,1769736661375,,0.8898,7.186,0.746,0.746,0.0,2265000,1687742,0.7451,0.745,27800400,0.744,38192600,0.743,56740300,0.742,66006400,0.741,45718000,0.746,35890100,0.747,54833700,0.748,44902400,0.749,40309600,0.750,34844200,99999,99999,0
sh513130,09:30:59,1769736663386,,0.8898,5.9621,0.745,0.746,-0.134,1373600,1023600,0.7452,0.745,56370000,0.744,38502000,0.743,56370000,0.742,62783100,0.741,40562200,0.746,14908300,0.747,50094700,0.748,47176900,0.749,40309600,0.750,39894200,99999,99999,0
sh513130,09:31:02,1769736667382,,0.8898,5.5231,0.745,0.746,-0.134,1327400,989987,0.7458,0.745,41271200,0.744,38853000,0.743,57462500,0.742,63800100,0.741,40577200,0.746,26838400,0.747,46115200,0.748,49851700,0.749,40334300,0.750,44894200,99999,99999,0
sh513130,09:31:05,1769736668381,,0.8898,3.3781,0.745,0.746,-0.134,1443800,1076125,0.7453,0.745,41334100,0.744,39878400,0.743,57490400,0.742,63834500,0.741,40651600,0.746,27115300,0.747,49117900,0.748,50794200,0.749,40534300,0.750,41944200,99999,99999,0
sh513130,09:31:08,1769736671388,,0.8898,2.0393,0.745,0.746,-0.134,1269100,945661,0.7451,0.745,30350900,0.744,40196000,0.743,57512700,0.742,63847900,0.741,40665600,0.746,28090000,0.747,49519100,0.748,51627300,0.749,40534300,0.750,39944200,99999,99999,0
sh513130,09:31:05,1769736672381,,0.8898,1.902,0.745,0.746,-0.134,0,0,0.745,0.745,41334100,0.744,39878400,0.743,57490400,0.742,63834500,0.741,40651600,0.746,27115300,0.747,49117900,0.748,50794200,0.749,40534300,0.750,41944200,99999,99999,2
sh513130,09:31:08,1769736673381,,0.8898,2.0776,0.745,0.746,-0.134,0,0,0.745,0.745,30350900,0.744,40196000,0.743,57512700,0.742,63847900,0.741,40665600,0.746,28090000,0.747,49519100,0.748,51627300,0.749,40534300,0.750,39944200,99999,99999,0
sh513130,09:31:11,1769736675404,,0.8898,1.9919,0.746,0.7467,-0.0937,1013500,755696,0.7456,0.745,29830600,0.744,38253000,0.743,57627200,0.742,63847900,0.741,43680300,0.746,27542800,0.747,51659100,0.748,52449500,0.749,40534300,0.750,39934200,99999,99999,0
sh513130,09:31:14,1769736678419,,0.8898,3.7012,0.745,0.7467,-0.2277,623200,464412,0.7452,0.745,30275700,0.744,38566400,0.743,57600400,0.742,64378700,0.741,43692100,0.746,28779700,0.747,51632700,0.748,52292700,0.749,40534300,0.750,39993200,99999,99999,0
sh513130,09:31:17,1769736681410,,0.8898,3.9745,0.745,0.7467,-0.2277,244600,182353,0.7455,0.745,30566000,0.744,41587400,0.743,56620400,0.742,64428700,0.741,40792600,0.746,39339400,0.747,66632800,0.748,62299700,0.749,40557300,0.750,34993200,99999,99999,0
sh513130,09:31:20,1769736684423,,0.8898,3.2401,0.746,0.7467,-0.0937,414200,308829,0.7456,0.745,49957200,0.744,41925500,0.743,56676600,0.742,64246600,0.741,40892600,0.746,30355200,0.747,67201800,0.748,62299700,0.749,46133700,0.750,35043200,99999,99999,0
sh513130,09:31:23,1769736686425,,0.8898,3.6013,0.745,0.7467,-0.2277,190300,141834,0.7453,0.745,50739000,0.744,42321300,0.743,57667200,0.742,64260100,0.741,41048500,0.746,25254800,0.747,67631800,0.748,62299700,0.749,46971200,0.750,40348300,99999,99999,0
sh513130,09:31:26,1769736691423,,0.8898,4.9839,0.746,0.7473,-0.174,1538300,1146828,0.7455,0.745,50324600,0.744,42633800,0.743,57712300,0.742,64364500,0.741,41065500,0.746,28523800,0.747,67637800,0.748,62299700,0.749,47803300,0.750,40384300,99999,99999,0
sh513130,09:31:29,1769736692423,,0.8898,3.8959,0.746,0.7467,-0.0937,12688300,9465448,0.746,0.746,2254200,0.745,53759900,0.744,42539600,0.743,57832200,0.742,61364500,0.747,67637800,0.748,63289700,0.749,48635400,0.750,40384300,0.751,29502000,99999,99999,0
sh513130,09:31:32,1769736695425,,0.8898,3.1937,0.746,0.7467,-0.0937,4308100,3213848,0.746,0.745,51093900,0.744,44523000,0.743,57834200,0.742,64377500,0.741,40958400,0.746,30187000,0.747,68040200,0.748,62628900,0.749,49470100,0.750,40384300,99999,99999,0
sh513130,09:31:35,1769736699437,,0.8898,2.8214,0.746,0.7467,-0.0937,847800,632225,0.7457,0.745,51074800,0.744,44189700,0.743,57871700,0.742,65377500,0.741,40958400,0.746,32409400,0.747,68131200,0.748,62628900,0.749,49470100,0.750,40384300,99999,99999,0
sh513130,09:31:38,1769736703439,,0.8898,4.5221,0.745,0.7467,-0.2277,1304800,973364,0.746,0.745,51445500,0.744,44290900,0.743,57861200,0.742,65377500,0.741,40958400,0.746,23554900,0.747,83352200,0.748,76643900,0.749,49470100,0.750,40384300,99999,99999,0
sh513130,09:31:41,1769736705448,,0.8898,3.0803,0.745,0.7467,-0.2277,1516600,1131257,0.7459,0.745,52664700,0.744,44327500,0.743,57886200,0.742,65427500,0.741,40958400,0.746,27949700,0.747,83312200,0.748,76642700,0.749,49470100,0.750,40420300,99999,99999,0
sh513130,09:31:44,1769736707450,,0.8898,3.7954,0.746,0.7467,-0.0937,601800,448586,0.7454,0.745,54063300,0.744,44509800,0.743,57936200,0.742,65489500,0.741,40968400,0.746,28271500,0.747,83379300,0.748,75846300,0.749,49470100,0.750,40433300,99999,99999,0
sh513130,09:31:41,1769736708440,,0.8898,3.7268,0.745,0.7467,-0.2277,0,0,0.745,0.745,52664700,0.744,44327500,0.743,57886200,0.742,65427500,0.741,40958400,0.746,27949700,0.747,83312200,0.748,76642700,0.749,49470100,0.750,40420300,99999,99999,2
sh513130,09:31:44,1769736709442,,0.8898,5.9514,0.746,0.7467,-0.0937,0,0,0.746,0.745,54063300,0.744,44509800,0.743,57936200,0.742,65489500,0.741,40968400,0.746,28271500,0.747,83379300,0.748,75846300,0.749,49470100,0.750,40433300,99999,99999,0
sh513130,09:31:47,1769736710451,,0.8898,4.1464,0.746,0.7467,-0.0937,785200,585652,0.7459,0.745,58086400,0.744,44736100,0.743,57987000,0.742,62490100,0.741,41003800,0.746,2781900,0.747,83379300,0.748,89711300,0.749,49480100,0.750,40971000,99999,99999,0
sh513130,09:31:50,1769736714451,,0.8898,3.6082,0.746,0.7467,-0.0937,415200,309460,0.7453,0.745,54938600,0.744,44784100,0.743,58002000,0.742,65487300,0.741,41003800,0.746,28031900,0.747,83379300,0.748,76678700,0.749,49480100,0.750,40971000,99999,99999,0
sh513130,09:31:53,1769736717443,,0.8898,4.0008,0.746,0.7467,-0.0937,2401900,1791773,0.746,0.745,55784600,0.744,44935300,0.743,57941000,0.742,65421800,0.741,40865400,0.746,27077400,0.747,83379300,0.748,76678700,0.749,49359900,0.750,40993700,99999,99999,0
sh513130,09:31:56,1769736720450,,0.8898,3.093,0.746,0.7473,-0.174,635600,474053,0.7458,0.745,57234100,0.744,45256400,0.743,57947900,0.742,65439300,0.741,41095400,0.746,27142100,0.747,83359300,0.748,76678700,0.749,49376100,0.750,40993700,99999,99999,0
sh513130,09:31:59,1769736723467,,0.8898,0.8432,0.746,0.7467,-0.0937,867300,646466,0.7454,0.745,56874900,0.744,45724900,0.743,57920300,0.742,65415300,0.741,41130400,0.746,26900200,0.747,83359300,0.748,76678700,0.749,49409500,0.750,40993700,99999,99999,0
sh513130,09:32:02,1769736725455,,0.8898,1.4938,0.746,0.7467,-0.0937,670200,499708,0.7456,0.745,56135800,0.744,46847900,0.743,57936800,0.742,65415200,0.741,41224400,0.746,27577900,0.747,83359300,0.748,75688700,0.749,49409500,0.750,40993700,99999,99999,0
sh513130,09:32:05,1769736728463,,0.8898,0.5782,0.746,0.7467,-0.0937,382400,285264,0.746,0.745,38741700,0.744,47339200,0.743,58006800,0.742,65388700,0.741,41230400,0.746,52694600,0.747,83429300,0.748,60708700,0.749,35249000,0.750,40994700,99999,99999,0
sh513130,09:32:08,1769736731464,,0.8898,1.6902,0.746,0.7467,-0.0937,688200,513325,0.7459,0.745,38936000,0.744,47888300,0.743,58041600,0.742,65388800,0.741,41230400,0.746,58260300,0.747,88579300,0.748,55703100,0.749,30228900,0.750,36162700,99999,99999,0
sh513130,09:32:11,1769736735458,,0.8898,4.3649,0.746,0.7467,-0.0937,1689100,1259417,0.7456,0.745,25504700,0.744,45945600,0.743,58156700,0.742,65409800,0.741,43229900,0.746,61026800,0.747,81745100,0.748,53720700,0.749,30218900,0.750,36162700,99999,99999,0
sh513130,09:32:14,1769736738444,,0.8898,3.6583,0.746,0.746,0.0,1065100,794100,0.7456,0.745,25744400,0.744,48084800,0.743,58110600,0.742,65416800,0.741,41279900,0.746,61765600,0.747,81957100,0.748,53760700,0.749,30232200,0.750,36262700,99999,99999,0
sh513130,09:32:17,1769736740441,,0.8898,3.5122,0.745,0.746,-0.134,1400800,1044352,0.7455,0.745,24487800,0.744,46148300,0.743,58112800,0.742,65417800,0.741,43279900,0.746,62029800,0.747,81884600,0.748,53760700,0.749,30218100,0.750,36262700,99999,99999,0
sh513130,09:32:14,1769736741446,,0.8898,4.7336,0.746,0.746,0.0,0,0,0.746,0.745,25744400,0.744,48084800,0.743,58110600,0.742,65416800,0.741,41279900,0.746,61765600,0.747,81957100,0.748,53760700,0.749,30232200,0.750,36262700,99999,99999,2
sh513130,09:32:17,1769736742422,,0.8898,4.2991,0.745,0.746,-0.134,0,0,0.745,0.745,24487800,0.744,46148300,0.743,58112800,0.742,65417800,0.741,43279900,0.746,62029800,0.747,81884600,0.748,53760700,0.749,30218100,0.750,36262700,99999,99999,0
sh513130,09:32:20,1769736743440,,0.8898,4.3613,0.745,0.746,-0.134,1261200,940303,0.7456,0.745,21813500,0.744,48170200,0.743,58123100,0.742,65438200,0.741,41348700,0.746,62344200,0.747,82894600,0.748,54770700,0.749,31218100,0.750,37262700,99999,99999,0
sh513130,09:32:23,1769736748427,,0.8898,6.0631,0.745,0.746,-0.134,8171900,6088148,0.745,0.745,32824000,0.744,48152500,0.743,58124100,0.742,65554300,0.741,41349100,0.746,63621100,0.747,81877700,0.748,54770700,0.749,31218100,0.750,37262700,99999,99999,0
sh513130,09:32:26,1769736750429,,0.8898,5.3098,0.746,0.7453,0.0939,231900,172941,0.7458,0.745,13802000,0.744,48481000,0.743,58144100,0.742,65563300,0.741,41349100,0.746,64210000,0.747,82914800,0.748,54770700,0.749,31218100,0.750,37269200,99999,99999,0
sh513130,09:32:29,1769736753427,,0.8898,3.9559,0.746,0.746,0.0,883500,658612,0.7455,0.745,13643500,0.744,48621300,0.743,58054900,0.742,65606600,0.741,41331500,0.746,64996100,0.747,82914800,0.748,54780700,0.749,31218100,0.750,37342300,99999,99999,0
sh513130,09:32:32,1769736756409,,0.8898,2.4274,0.745,0.746,-0.134,1005300,749117,0.7452,0.745,13422100,0.744,49097900,0.743,58144900,0.742,65616600,0.741,41331500,0.746,71678800,0.747,82947000,0.748,54780700,0.749,31275400,0.750,37362000,99999,99999,0
sh513130,09:32:35,1769736759418,,0.8898,3.8224,0.745,0.746,-0.134,679800,506744,0.7454,0.745,13542700,0.744,50000000,0.743,58357400,0.742,65616600,0.741,41331500,0.746,73519100,0.747,81962200,0.748,54780700,0.749,31275400,0.750,37362000,99999,99999,0
sh513130,09:32:38,1769736762398,,0.8898,4.133,0.745,0.746,-0.134,253700,189038,0.7451,0.745,14625400,0.744,50263600,0.743,58417900,0.742,65616600,0.741,41355200,0.746,75513500,0.747,81981200,0.748,54790700,0.749,31204500,0.750,38362000,99999,99999,0
sh513130,09:32:41,1769736764394,,0.8898,2.6872,0.746,0.746,0.0,756300,563490,0.7451,0.745,39858200,0.744,50161700,0.743,59409700,0.742,65626600,0.741,41356200,0.746,71194100,0.747,77048100,0.748,54790700,0.749,36204500,0.750,38362000,99999,99999,0
sh513130,09:32:44,1769736768361,,0.8898,4.2786,0.746,0.746,0.0,368100,274402,0.7455,0.745,36900400,0.744,49969500,0.743,59682700,0.742,65728400,0.741,41357200,0.746,71804300,0.747,82169800,0.748,54790700,0.749,36204500,0.750,39463600,99999,99999,0
sh513130,09:32:47,1769736770361,,0.8898,4.6911,0.746,0.746,0.0,1458300,1086511,0.7451,0.745,38766700,0.744,50068900,0.743,59965800,0.742,65681500,0.741,41105400,0.746,72367300,0.747,77199800,0.748,54790700,0.749,36204500,0.750,44464600,99999,99999,0
sh513130,09:32:50,1769736773361,,0.8898,4.6644,0.746,0.7467,-0.0937,118800,88524,0.7452,0.745,37531400,0.744,50181600,0.743,59988800,0.742,65681500,0.741,41315500,0.746,73079200,0.747,77189800,0.748,54790700,0.749,36204500,0.750,44562500,99999,99999,0
sh513130,09:32:53,1769736777363,,0.8898,3.0234,0.745,0.7467,-0.2277,299600,223408,0.7457,0.745,37722000,0.744,50473300,0.743,59994800,0.742,65735400,0.741,41265500,0.746,74103000,0.747,82189800,0.748,54790700,0.749,34204500,0.750,39562500,99999,99999,0
sh513130,09:32:56,1769736780365,,0.8898,3.4487,0.745,0.7467,-0.2277,115500,86088,0.7454,0.745,38149900,0.744,50494100,0.743,59995000,0.742,65742200,0.741,41365500,0.746,76406200,0.747,82189800,0.748,54800700,0.749,34204500,0.750,40603400,99999,99999,0
sh513130,09:32:59,1769736783370,,0.8898,3.7716,0.746,0.7467,-0.0937,77000,57432,0.7459,0.745,16886000,0.744,50505600,0.743,60019400,0.742,65735200,0.741,41415500,0.746,79364200,0.747,82189800,0.748,54808700,0.749,31204500,0.750,40703400,99999,99999,0
sh513130,09:33:02,1769736786376,,0.8898,5.2498,0.746,0.7467,-0.0937,393100,293094,0.7456,0.745,40542400,0.744,50572700,0.743,60011400,0.742,65725200,0.741,41418500,0.746,54493200,0.747,83189800,0.748,69808700,0.749,41604500,0.750,40773400,99999,99999,0
sh513130,09:33:05,1769736789385,,0.8898,4.6761,0.745,0.7467,-0.2277,291400,217359,0.7459,0.745,43473500,0.744,50574600,0.743,60011400,0.742,65748300,0.741,41418500,0.746,75295200,0.747,84189800,0.748,54808700,0.749,36604500,0.750,40773400,99999,99999,0
sh513130,09:33:08,1769736793388,,0.8898,4.1751,0.745,0.7467,-0.2277,691500,515235,0.7451,0.745,42847900,0.744,50701600,0.743,60034200,0.742,65698600,0.741,41422500,0.746,72678700,0.747,84294800,0.748,54818700,0.749,39604500,0.750,40773400,99999,99999,0
sh513130,09:33:11,1769736796380,,0.8898,4.7304,0.746,0.7467,-0.0937,6051400,4508328,0.745,0.745,13694600,0.744,50765900,0.743,60034200,0.742,65678600,0.741,41722500,0.746,86078800,0.747,84313500,0.748,53813700,0.749,25604500,0.750,39781000,99999,99999,0
sh513130,09:33:14,1769736798385,,0.8898,4.7304,0.745,0.7459,-0.1207,418700,312066,0.7453,0.745,33401000,0.744,51157800,0.743,60338000,0.742,65678900,0.741,41735100,0.746,86957400,0.747,84330400,0.748,53813700,0.749,25604500,0.750,39801000,99999,99999,0
sh513130,09:33:17,1769736801378,,0.8898,4.0252,0.746,0.7459,0.0134,156100,116332,0.7452,0.745,34215800,0.744,51185400,0.743,60625500,0.742,65801900,0.741,41808500,0.746,84188900,0.747,84330500,0.748,53813700,0.749,28604500,0.750,39801000,99999,99999,0
sh513130,09:33:20,1769736804378,,0.8898,3.3077,0.746,0.7459,0.0134,61700,45997,0.7455,0.745,35684300,0.744,51308400,0.743,60660100,0.742,65851900,0.741,41809500,0.746,87201400,0.747,84427500,0.748,54134200,0.749,25624500,0.750,39974900,99999,99999,0
sh513130,09:33:23,1769736806386,,0.8898,3.6085,0.746,0.7459,0.0134,550300,410051,0.7451,0.745,35917300,0.744,51218400,0.743,60663600,0.742,65851900,0.741,41828600,0.746,87245400,0.747,84348100,0.748,54134200,0.749,25628800,0.750,39974900,99999,99999,0
sh513130,09:33:26,1769736810384,,0.8898,4.4974,0.746,0.7459,0.0134,340500,253788,0.7453,0.745,35642300,0.744,51532900,0.743,60663600,0.742,65862400,0.741,41828600,0.746,87388600,0.747,84337100,0.748,55005200,0.749,26638800,0.750,40976600,99999,99999,0
sh513130,09:33:29,1769736813404,,0.8898,3.7995,0.745,0.7466,-0.2143,322100,240188,0.7457,0.745,29387200,0.744,51673900,0.743,60664900,0.742,65862400,0.741,41828600,0.746,87602900,0.747,84347100,0.748,55005200,0.749,26638800,0.750,41068600,99999,99999,0
sh513130,09:33:32,1769736816415,,0.8898,2.0982,0.746,0.7466,-0.0804,864300,644071,0.7452,0.745,28788100,0.744,51772500,0.743,60665900,0.742,65862400,0.741,41878600,0.746,87778900,0.747,84348000,0.748,55015200,0.749,26637900,0.750,41489000,99999,99999,0
sh513130,09:33:35,1769736818429,,0.8898,3.7078,0.746,0.7466,-0.0804,948900,707073,0.7452,0.745,28110400,0.744,51772400,0.743,60732500,0.742,65931500,0.741,41898600,0.746,87776700,0.747,84348000,0.748,55015200,0.749,26637900,0.750,41481200,99999,99999,0
sh513130,09:33:38,1769736821428,,0.8898,2.9379,0.746,0.7466,-0.0804,146400,109157,0.7456,0.745,34703000,0.744,51731900,0.743,60732500,0.742,65993200,0.741,41888600,0.746,88460300,0.747,84394900,0.748,55021200,0.749,26737900,0.750,41481200,99999,99999,0
sh513130,09:33:41,1769736824424,,0.8898,0.7275,0.745,0.7459,-0.1207,2183600,1626889,0.745,0.745,12056800,0.744,51716400,0.743,60932500,0.742,66063200,0.741,41888600,0.746,88779800,0.747,85394900,0.748,55021200,0.749,26757900,0.750,41545000,99999,99999,0
sh513130,09:33:44,1769736828430,,0.8898,1.5145,0.745,0.7459,-0.1207,2611400,1945527,0.745,0.745,34714900,0.744,51723100,0.743,61023000,0.742,66053200,0.741,41934000,0.746,88908000,0.747,84719200,0.748,55021200,0.749,26757900,0.750,41595000,99999,99999,0
sh513130,09:33:47,1769736832452,,0.8898,2.4219,0.745,0.7459,-0.1207,74400,55498,0.7459,0.745,28758400,0.744,51773600,0.743,61023000,0.742,66063200,0.741,41985000,0.746,89772700,0.747,84697100,0.748,55011200,0.749,26757900,0.750,41607800,99999,99999,0
sh513130,09:33:50,1769736833464,,0.8898,2.8963,0.745,0.7459,-0.1207,692800,516513,0.7455,0.745,34568500,0.744,52130200,0.743,61036800,0.742,66073200,0.741,41985000,0.746,89825700,0.747,84697100,0.748,55011200,0.749,26757900,0.750,41637800,99999,99999,0
sh513130,09:33:53,1769736836461,,0.8898,4.2017,0.746,0.7459,0.0134,3330800,2482066,0.7452,0.745,7912600,0.744,52157900,0.743,61127500,0.742,66073300,0.741,41985000,0.746,89248700,0.747,85762100,0.748,55011200,0.749,26757900,0.750,41637800,99999,99999,0
sh513130,09:33:56,1769736840462,,0.8898,4.5826,0.745,0.7459,-0.1207,8650800,6444837,0.745,0.744,52193000,0.743,61127500,0.742,66071300,0.741,42004500,0.740,60340800,0.745,6189800,0.746,90947300,0.747,84875100,0.748,53430800,0.749,26757900,99999,99999,0
sh513130,09:33:59,1769736843479,,0.8898,6.1667,0.745,0.7459,-0.1207,498700,371522,0.745,0.744,53098400,0.743,61147500,0.742,66121300,0.741,42054800,0.740,60364300,0.745,5253800,0.746,89306800,0.747,85875100,0.748,53430800,0.749,26757900,99999,99999,0
sh513130,09:34:02,1769736846478,,0.8898,4.2953,0.745,0.7459,-0.1207,933200,695214,0.745,0.744,50149900,0.743,61147500,0.742,66134700,0.741,45154800,0.740,60453500,0.745,5497200,0.746,88734800,0.747,84885100,0.748,53430800,0.749,26757900,99999,99999,0
sh513130,09:34:05,1769736848475,,0.8898,3.1532,0.745,0.7459,-0.1207,450500,335616,0.745,0.744,51228200,0.743,61244100,0.742,66134700,0.741,45177000,0.740,60573400,0.745,20617800,0.746,96847900,0.747,74574400,0.748,49599300,0.749,26757900,99999,99999,0
sh513130,09:34:02,1769736849472,,0.8898,3.0943,0.745,0.7459,-0.1207,0,0,0.745,0.744,50149900,0.743,61147500,0.742,66134700,0.741,45154800,0.740,60453500,0.745,5497200,0.746,88734800,0.747,84885100,0.748,53430800,0.749,26757900,99999,99999,2
sh513130,09:34:05,1769736850473,,0.8898,3.2724,0.745,0.7459,-0.1207,0,0,0.745,0.744,51228200,0.743,61244100,0.742,66134700,0.741,45177000,0.740,60573400,0.745,20617800,0.746,96847900,0.747,74574400,0.748,49599300,0.749,26757900,99999,99999,0
sh513130,09:34:08,1769736851481,,0.8898,3.2116,0.745,0.7459,-0.1207,1133900,844539,0.7448,0.744,51247200,0.743,60297400,0.742,66114700,0.741,46167000,0.740,61123400,0.745,35887500,0.746,93629200,0.747,69579000,0.748,35436700,0.749,26715400,99999,99999,0
sh513130,09:34:11,1769736855477,,0.8898,3.5625,0.745,0.7452,-0.0268,1283000,954785,0.7442,0.744,48387100,0.743,61307800,0.742,66114700,0.741,45227000,0.740,61105500,0.745,32760800,0.746,90767800,0.747,69641600,0.748,40436700,0.749,26715400,99999,99999,0
sh513130,09:34:14,1769736857471,,0.8898,3.1189,0.744,0.7458,-0.2414,501000,373098,0.7447,0.744,48234700,0.743,61310300,0.742,66114700,0.741,45228900,0.740,62105500,0.745,64915100,0.746,90453100,0.747,54742600,0.748,25708100,0.749,26715400,99999,99999,0
sh513130,09:34:17,1769736861470,,0.8898,1.9142,0.745,0.7458,-0.1073,1871100,1393297,0.7446,0.744,47295100,0.743,61275700,0.742,66132700,0.741,45418900,0.740,62272700,0.745,64961700,0.746,90868200,0.747,54742600,0.748,25709100,0.749,26605800,99999,99999,0
sh513130,09:34:20,1769736864482,,0.8898,3.1445,0.744,0.7452,-0.161,253900,189026,0.7445,0.744,47169100,0.743,60292900,0.742,66106700,0.741,46598900,0.740,62352700,0.745,70837500,0.746,83539500,0.747,54742600,0.748,25782200,0.749,26606800,99999,99999,0
sh513130,09:34:23,1769736868468,,0.8898,5.0002,0.745,0.7452,-0.0268,735400,547248,0.7442,0.744,46455600,0.743,60450900,0.742,66127200,0.741,46581900,0.740,63353700,0.745,71571500,0.746,78802400,0.747,49729300,0.748,25782200,0.749,26606800,99999,99999,0
sh513130,09:34:26,1769736870472,,0.8898,6.0238,0.744,0.7452,-0.161,540900,402434,0.744,0.744,40062000,0.743,60568400,0.742,66139100,0.741,46598900,0.740,63383500,0.745,74483700,0.746,79605700,0.747,50538700,0.748,25782200,0.749,26606800,99999,99999,0
sh513130,09:34:29,1769736873470,,0.8898,3.9371,0.745,0.7452,-0.0268,1053800,784164,0.7441,0.744,34952300,0.743,61365500,0.742,66139600,0.741,46599100,0.740,63398600,0.745,76898600,0.746,79474200,0.747,50538700,0.748,25461800,0.749,26604800,99999,99999,0
sh513130,09:34:32,1769736876484,,0.8898,3.4033,0.744,0.7452,-0.161,1697800,1263171,0.744,0.744,33462100,0.743,61751900,0.742,66136400,0.741,46704100,0.740,63474600,0.745,78412000,0.746,79405700,0.747,50493400,0.748,25461800,0.749,26613800,99999,99999,0
sh513130,09:34:35,1769736878490,,0.8898,1.7426,0.744,0.7445,-0.0672,7991500,5945983,0.744,0.744,25280400,0.743,58971300,0.742,66136400,0.741,46704100,0.740,66485700,0.745,79543400,0.746,79401800,0.747,50493400,0.748,25462600,0.749,26613800,99999,99999,0
sh513130,09:34:38,1769736882489,,0.8898,3.1325,0.744,0.7445,-0.0672,25366100,18872370,0.744,0.743,62090600,0.742,66181500,0.741,46775900,0.740,63510900,0.739,33773600,0.744,7413300,0.745,82567900,0.746,79392300,0.747,46400100,0.748,25465000,99999,99999,0
sh513130,09:34:41,1769736885488,,0.8898,3.093,0.744,0.7445,-0.0672,315900,235020,0.744,0.743,62944800,0.742,66241800,0.741,46828700,0.740,63513000,0.739,33773600,0.744,8824400,0.745,84821700,0.746,80667400,0.747,46400100,0.748,25465000,99999,99999,0
sh513130,09:34:44,1769736888486,,0.8898,2.3641,0.743,0.7445,-0.2015,6721400,5000677,0.744,0.743,63172800,0.742,67243800,0.741,46934600,0.740,63580100,0.739,33788700,0.744,12383500,0.745,89996800,0.746,85623700,0.747,47239200,0.748,25665000,99999,99999,0
sh513130,09:34:47,1769736891491,,0.8898,2.5021,0.743,0.7445,-0.2015,1698100,1263190,0.7439,0.743,58795100,0.742,67447000,0.741,46995200,0.740,66634100,0.739,34789200,0.744,17214400,0.745,95760800,0.746,80679500,0.747,40396600,0.748,25665000,99999,99999,0
sh513130,09:34:50,1769736893495,,0.8898,2.1075,0.743,0.7445,-0.2015,1578000,1173196,0.7435,0.743,58168600,0.742,67448000,0.741,47084400,0.740,66635700,0.739,34580100,0.744,29118300,0.745,96266600,0.746,80712000,0.747,30396600,0.748,25665000,99999,99999,0
sh513130,09:34:53,1769736896492,,0.8898,3.0133,0.744,0.7445,-0.0672,867200,644542,0.7432,0.743,57906700,0.742,67444000,0.741,47617800,0.740,66720200,0.739,34595100,0.744,42335700,0.745,93579500,0.746,53206500,0.747,28396600,0.748,25666800,99999,99999,0
sh513130,09:34:56,1769736899482,,0.8898,6.767,0.743,0.7445,-0.2015,623400,463368,0.7433,0.743,56779400,0.742,67440000,0.741,47619600,0.740,66946500,0.739,34595100,0.744,66516300,0.745,92955300,0.746,51223100,0.747,25476100,0.748,25666800,99999,99999,0
sh513130,09:34:59,1769736903472,,0.8898,3.3565,0.743,0.7445,-0.2015,1741200,1294324,0.7434,0.743,56131800,0.742,67495000,0.741,47619800,0.740,67042000,0.739,34617100,0.744,69028500,0.745,92688600,0.746,51288200,0.747,25476100,0.748,25716800,99999,99999,0
sh513130,09:35:02,1769736905459,,0.8898,4.8586,0.743,0.7445,-0.2015,652200,484867,0.7434,0.743,81214600,0.742,81647200,0.741,47620100,0.740,67191900,0.739,34617200,0.744,92501200,0.745,109017100,0.746,51510000,0.747,25525000,0.748,25716800,99999,99999,0
sh513130,09:34:59,1769736907462,,0.8898,3.6741,0.743,0.7445,-0.2015,0,0,0.743,0.743,56131800,0.742,67495000,0.741,47619800,0.740,67042000,0.739,34617100,0.744,69028500,0.745,92688600,0.746,51288200,0.747,25476100,0.748,25716800,99999,99999,2
sh513130,09:35:02,1769736908460,,0.8898,3.02,0.743,0.7445,-0.2015,0,0,0.743,0.743,81214600,0.742,81647200,0.741,47620100,0.740,67191900,0.739,34617200,0.744,92501200,0.745,109017100,0.746,51510000,0.747,25525000,0.748,25716800,99999,99999,0
sh513130,09:35:05,1769736910454,,0.8898,2.648,0.744,0.7445,-0.0672,364100,270706,0.7435,0.743,68399600,0.742,91990400,0.741,76668200,0.740,67280400,0.739,34734100,0.744,95878700,0.745,107410200,0.746,51522000,0.747,25023800,0.748,25716800,99999,99999,0
sh513130,09:35:08,1769736912465,,0.8898,2.1002,0.744,0.7445,-0.0672,1273900,947670,0.7439,0.743,36286700,0.742,91995100,0.741,76754600,0.740,67272900,0.739,34744100,0.744,96789100,0.745,106986000,0.746,51522000,0.747,25023800,0.748,25716800,99999,99999,0
sh513130,09:35:11,1769736914444,,0.8898,2.9478,0.744,0.7439,0.0134,1531300,1137921,0.7431,0.743,53256400,0.742,92413700,0.741,76997000,0.740,67324200,0.739,34839100,0.744,98728300,0.745,106701600,0.746,51102000,0.747,25023800,0.748,25817800,99999,99999,0
sh513130,09:35:14,1769736919461,,0.8898,4.9541,0.744,0.7439,0.0134,256500,190783,0.7438,0.743,34080500,0.742,92740700,0.741,77275300,0.740,67346600,0.739,34859100,0.744,102358000,0.745,106508000,0.746,51157500,0.747,25083800,0.748,25817800,99999,99999,0
sh513130,09:35:17,1769736921467,,0.8898,5.8737,0.743,0.7439,-0.121,3217500,2390722,0.743,0.743,30797800,0.742,91934400,0.741,77226400,0.740,68355700,0.739,34869100,0.744,105444100,0.745,106525400,0.746,51159500,0.747,25103800,0.748,25817800,99999,99999,0
sh513130,09:35:20,1769736923461,,0.8898,6.0182,0.743,0.7432,-0.0269,31255400,23222821,0.743,0.742,92012900,0.741,77282200,0.740,68473000,0.739,35215200,0.738,28117600,0.743,3155700,0.744,105856500,0.745,105885900,0.746,51256400,0.747,25116500,99999,99999,0
sh513130,09:35:23,1769736927456,,0.8898,3.7926,0.743,0.7432,-0.0269,2084000,1548412,0.743,0.742,92751200,0.741,77282200,0.740,68598500,0.739,35223000,0.738,28193600,0.743,13537200,0.744,105004300,0.745,106066600,0.746,39730300,0.747,25091300,99999,99999,0
sh513130,09:35:26,1769736930466,,0.8898,2.8509,0.743,0.7432,-0.0269,1454400,1079252,0.7421,0.742,91893900,0.741,77442200,0.740,68648600,0.739,35229000,0.738,28193600,0.743,21025500,0.744,104696800,0.745,106036800,0.746,40551100,0.747,25091300,99999,99999,0
sh513130,09:35:29,1769736933439,,0.8898,3.1186,0.742,0.7439,-0.2554,288500,214313,0.7429,0.742,92239300,0.741,77485200,0.740,68795200,0.739,35329000,0.738,28851900,0.743,25109700,0.744,103316700,0.745,106172500,0.746,45576300,0.747,25091300,99999,99999,0
sh513130,09:35:32,1769736936438,,0.8898,3.2067,0.742,0.7439,-0.2554,3343000,2482326,0.7425,0.742,91204400,0.741,77500200,0.740,68987500,0.739,35342400,0.738,28856000,0.743,24632000,0.744,103633900,0.745,106272500,0.746,44246600,0.747,25190900,99999,99999,0
sh513130,09:35:35,1769736939434,,0.8898,1.5952,0.742,0.7439,-0.2554,2954700,2194711,0.7428,0.742,87938700,0.741,78672700,0.740,69155000,0.739,36343900,0.738,28937500,0.743,72721700,0.744,99815300,0.745,66981900,0.746,27411400,0.747,25192200,99999,99999,0
sh513130,09:35:38,1769736943434,,0.8898,4.0236,0.742,0.7439,-0.2554,1125300,835046,0.7421,0.742,57571900,0.741,92225500,0.740,101391000,0.739,38345500,0.738,29009500,0.743,85823000,0.744,99257300,0.745,66969600,0.746,27403400,0.747,26142300,99999,99999,0
sh513130,09:35:41,1769736945424,,0.8898,2.3639,0.743,0.7432,-0.0269,1577400,1171355,0.7426,0.742,37641000,0.741,92242600,0.740,102458900,0.739,38442300,0.738,29065000,0.743,86163100,0.744,98855500,0.745,66974600,0.746,27403400,0.747,26191800,99999,99999,0
sh513130,09:35:44,1769736948425,,0.8898,5.5722,0.743,0.7432,-0.0269,1057600,784953,0.7422,0.742,34873400,0.741,92807400,0.740,102417200,0.739,38457500,0.738,29095700,0.743,87542000,0.744,98025200,0.745,68187100,0.746,27440300,0.747,26192000,99999,99999,0
sh513130,09:35:47,1769736950432,,0.8898,7.2293,0.742,0.7432,-0.1615,33141500,24591239,0.742,0.741,92874800,0.740,102707400,0.739,38677100,0.738,29263500,0.737,21150300,0.742,8999600,0.743,90949900,0.744,96545500,0.745,62691200,0.746,27577800,99999,99999,0
sh513130,09:35:50,1769736954422,,0.8898,5.4649,0.742,0.7426,-0.0808,1486200,1102452,0.7418,0.741,93515300,0.740,104094500,0.739,38566500,0.738,32109700,0.737,22119100,0.742,12847500,0.743,94539400,0.744,98148800,0.745,53310500,0.746,27588800,99999,99999,0
sh513130,09:35:53,1769736956419,,0.8898,4.3626,0.742,0.7426,-0.0808,10759100,7982377,0.7419,0.741,101121500,0.740,112645100,0.739,46591700,0.738,32314700,0.737,22118700,0.742,6059100,0.743,95589700,0.744,98042000,0.745,55374300,0.746,27751600,99999,99999,0
sh513130,09:35:50,1769736957411,,0.8898,3.8578,0.742,0.7426,-0.0808,0,0,0.742,0.741,93515300,0.740,104094500,0.739,38566500,0.738,32109700,0.737,22119100,0.742,12847500,0.743,94539400,0.744,98148800,0.745,53310500,0.746,27588800,99999,99999,2
sh513130,09:35:53,1769736958409,,0.8898,3.7371,0.742,0.7426,-0.0808,0,0,0.742,0.741,101121500,0.740,112645100,0.739,46591700,0.738,32314700,0.737,22118700,0.742,6059100,0.743,95589700,0.744,98042000,0.745,55374300,0.746,27751600,99999,99999,0
sh513130,09:35:56,1769736959412,,0.8898,3.2348,0.742,0.7426,-0.0808,7540300,5594907,0.742,0.742,34604600,0.741,102178300,0.740,112297500,0.739,46591700,0.738,32386700,0.743,94987500,0.744,97846700,0.745,55382300,0.746,27561600,0.747,26045000,99999,99999,0
sh513130,09:35:59,1769736963421,,0.8898,6.9089,0.743,0.7426,0.0539,2415900,1792599,0.742,0.742,75821700,0.741,102750600,0.740,110818700,0.739,35656700,0.738,32431700,0.743,68741200,0.744,95769200,0.745,70527100,0.746,37515600,0.747,26045000,99999,99999,0
sh513130,09:36:02,1769736966429,,0.8898,5.0232,0.742,0.7426,-0.0808,1316200,976622,0.742,0.742,63745500,0.741,104926000,0.740,113048900,0.739,36762300,0.738,32822300,0.743,85483900,0.744,97564800,0.745,57518400,0.746,27663700,0.747,26045000,99999,99999,0
sh513130,09:36:05,1769736968424,,0.8898,3.6215,0.742,0.7432,-0.1615,704000,522506,0.7422,0.742,69629800,0.741,105102000,0.740,113104400,0.739,35770300,0.738,32882300,0.743,73905900,0.744,98096900,0.745,72553400,0.746,37647700,0.747,26045000,99999,99999,0
sh513130,09:36:08,1769736972411,,0.8898,4.075,0.742,0.7432,-0.1615,1274000,946169,0.7427,0.742,70404300,0.741,105322700,0.740,112165400,0.739,36173100,0.738,33349100,0.743,76749200,0.744,98129900,0.745,72557400,0.746,39646300,0.747,26065000,99999,99999,0
sh513130,09:36:11,1769736975405,,0.8898,2.7237,0.742,0.7432,-0.1615,1247300,925503,0.742,0.742,70693800,0.741,105606800,0.740,112263100,0.739,36193100,0.738,33696100,0.743,96026000,0.744,97999400,0.745,57707500,0.746,39646300,0.747,28063600,99999,99999,0
sh513130,09:36:14,1769736979394,,0.8898,2.8449,0.743,0.7432,-0.0269,1967700,1460164,0.7421,0.742,17978400,0.741,105702700,0.740,112313900,0.739,48610500,0.738,33676100,0.743,104530500,0.744,99401400,0.745,57711200,0.746,29601300,0.747,28073600,99999,99999,0
sh513130,09:36:17,1769736981403,,0.8898,5.3936,0.742,0.7432,-0.1615,788300,584941,0.742,0.742,36330300,0.741,105771200,0.740,112647600,0.739,40706900,0.738,33696100,0.743,104601600,0.744,99751400,0.745,59991300,0.746,29601300,0.747,28401800,99999,99999,0
sh513130,09:36:20,1769736984375,,0.8898,4.5258,0.742,0.7432,-0.1615,1464900,1087023,0.742,0.742,17614500,0.741,105796300,0.740,113295800,0.739,40733900,0.738,33712300,0.743,106119500,0.744,99797100,0.745,59844700,0.746,29704300,0.747,28101800,99999,99999,0
sh513130,09:36:23,1769736988376,,0.8898,2.3469,0.743,0.7432,-0.0269,4296300,3187949,0.742,0.742,5824300,0.741,106054700,0.740,113327200,0.739,48747100,0.738,33940100,0.743,109367400,0.744,99801800,0.745,60691000,0.746,30621000,0.747,28281200,99999,99999,0
sh513130,09:36:26,1769736991378,,0.8898,3.8078,0.742,0.7426,-0.0808,5742500,4260955,0.742,0.741,106615400,0.740,113679700,0.739,48875100,0.738,33966300,0.737,22610900,0.742,1375800,0.743,109749000,0.744,99802300,0.745,62452200,0.746,30601000,99999,99999,0
sh513130,09:36:29,1769736993378,,0.8898,3.815,0.742,0.7425,-0.0673,2761700,2048172,0.7416,0.741,103774300,0.740,113733300,0.739,50865100,0.738,33999900,0.737,23217600,0.742,19780100,0.743,104709700,0.744,100017800,0.745,63088500,0.746,30601000,99999,99999,0
sh513130,09:36:32,1769736996353,,0.8898,4.9073,0.741,0.7425,-0.202,3435000,2547760,0.7417,0.741,113829000,0.740,125275500,0.739,49954200,0.738,34365100,0.737,23746200,0.742,45936500,0.743,104605000,0.744,95048200,0.745,62887000,0.746,30606000,99999,99999,0
sh513130,09:36:35,1769736998333,,0.8898,5.9839,0.742,0.7425,-0.0673,2149200,1594322,0.7418,0.741,114469800,0.740,125522100,0.739,51115200,0.738,34369200,0.737,23767300,0.742,53391100,0.743,104730600,0.744,95053200,0.745,60075000,0.746,30606000,99999,99999,0
sh513130,09:36:32,1769736999334,,0.8898,6.3116,0.741,0.7425,-0.202,0,0,0.741,0.741,113829000,0.740,125275500,0.739,49954200,0.738,34365100,0.737,23746200,0.742,45936500,0.743,104605000,0.744,95048200,0.745,62887000,0.746,30606000,99999,99999,2
sh513130,09:36:35,1769737000333,,0.8898,5.6382,0.742,0.7425,-0.0673,0,0,0.742,0.741,114469800,0.740,125522100,0.739,51115200,0.738,34369200,0.737,23767300,0.742,53391100,0.743,104730600,0.744,95053200,0.745,60075000,0.746,30606000,99999,99999,0
sh513130,09:36:38,1769737002329,,0.8898,7.0614,0.742,0.7425,-0.0673,1536500,1139019,0.7413,0.741,114430900,0.740,125674500,0.739,51252400,0.738,34382700,0.737,23779300,0.742,54181800,0.743,106285200,0.744,95053200,0.745,58095000,0.746,30837500,99999,99999,0
sh513130,09:36:41,1769737006315,,0.8898,7.354,0.742,0.7425,-0.0673,347100,257270,0.7412,0.741,114242000,0.740,125921000,0.739,51347400,0.738,35011500,0.737,23791500,0.742,42788200,0.743,101558800,0.744,96251700,0.745,60198100,0.746,30837500,99999,99999,0
sh513130,09:36:44,1769737008313,,0.8898,5.9597,0.742,0.7425,-0.0673,312400,231717,0.7417,0.741,114485100,0.740,126318300,0.739,51527400,0.738,35012400,0.737,23801500,0.742,28557200,0.743,97611700,0.744,103514600,0.745,58193100,0.746,31387800,99999,99999,0
sh513130,09:36:47,1769737011300,,0.8898,6.8906,0.742,0.7425,-0.0673,16207900,12026314,0.742,0.742,52582700,0.741,115437700,0.740,123536000,0.739,49641100,0.738,36113900,0.743,71138500,0.744,103269700,0.745,75143100,0.746,41389000,0.747,28472200,99999,99999,0
sh513130,09:36:50,1769737014309,,0.8898,4.8683,0.742,0.7432,-0.1615,2172300,1611846,0.742,0.742,70769700,0.741,116645100,0.740,112352500,0.739,38775200,0.738,36146900,0.743,67770400,0.744,103969700,0.745,76148100,0.746,41385700,0.747,28472200,99999,99999,0
sh513130,09:36:53,1769737017307,,0.8898,5.3938,0.742,0.7432,-0.1615,554100,411146,0.742,0.742,71740100,0.741,117182200,0.740,112897500,0.739,38845400,0.738,36154200,0.743,67941300,0.744,103716500,0.745,77124800,0.746,41420700,0.747,28472200,99999,99999,0
sh513130,09:36:56,1769737020301,,0.8898,7.2889,0.742,0.7432,-0.1615,608000,451191,0.7421,0.742,73899200,0.741,117475600,0.740,113663800,0.739,38855400,0.738,36154200,0.743,61681000,0.744,103996600,0.745,77057100,0.746,41420700,0.747,28472200,99999,99999,0
sh513130,09:36:59,1769737023281,,0.8898,7.5481,0.742,0.7432,-0.1615,247700,183831,0.7422,0.742,74910100,0.741,117759400,0.740,113850600,0.739,38871300,0.738,36429800,0.743,38121100,0.744,104051600,0.745,105805000,0.746,41491600,0.747,28457200,99999,99999,0
sh513130,09:37:02,1769737026272,,0.8898,7.0744,0.743,0.7432,-0.0269,288900,214379,0.7421,0.742,76236300,0.741,117980900,0.740,112665000,0.739,38938600,0.738,35942600,0.743,83409300,0.744,100579600,0.745,86310800,0.746,41491600,0.747,28457200,99999,99999,0
sh513130,09:37:05,1769737029275,,0.8898,5.4731,0.743,0.7432,-0.0269,1761800,1307706,0.7423,0.742,76783200,0.741,118446200,0.740,112703600,0.739,38950600,0.738,35967500,0.743,96351100,0.744,100299500,0.745,85937000,0.746,41491600,0.747,28491900,99999,99999,0
sh513130,09:37:08,1769737031262,,0.8898,7.158,0.743,0.7432,-0.0269,272600,202516,0.7429,0.742,46233500,0.741,118833400,0.740,124224200,0.739,42359000,0.738,35977500,0.743,122315000,0.744,100299500,0.745,69717000,0.746,31491700,0.747,28491900,99999,99999,0
sh513130,09:37:11,1769737035252,,0.8898,4.3574,0.742,0.7432,-0.1615,166400,123578,0.7427,0.742,72022800,0.741,119187400,0.740,114232100,0.739,40366000,0.738,35997500,0.743,112666400,0.744,101370000,0.745,69718100,0.746,41639700,0.747,28491900,99999,99999,0
sh513130,09:37:14,1769737037253,,0.8898,2.3722,0.742,0.7432,-0.1615,220000,163444,0.7429,0.742,40982700,0.741,119047700,0.740,114282900,0.739,42412100,0.738,36116300,0.743,96932500,0.744,101396900,0.745,68645100,0.746,31720500,0.747,28491900,99999,99999,0
sh513130,09:37:17,1769737041235,,0.8898,4.4654,0.742,0.7432,-0.1615,1572200,1166601,0.742,0.742,32797700,0.741,119435300,0.740,114472500,0.739,42412100,0.738,36151200,0.743,116678300,0.744,103210000,0.745,68640100,0.746,31730500,0.747,28550900,99999,99999,0
sh513130,09:37:20,1769737044224,,0.8898,4.752,0.742,0.7432,-0.1615,10330000,7664881,0.742,0.741,119740600,0.740,124494800,0.739,50346700,0.738,36374700,0.737,24551300,0.742,13033000,0.743,115819600,0.744,98324400,0.745,59650900,0.746,31730500,99999,99999,0
sh513130,09:37:23,1769737046216,,0.8898,5.7309,0.742,0.7432,-0.1615,827200,613769,0.742,0.741,119844600,0.740,125865700,0.739,51287800,0.738,36387400,0.737,24552300,0.742,6482800,0.743,119515300,0.744,109268500,0.745,61650900,0.746,31996200,99999,99999,0
sh513130,09:37:26,1769737050205,,0.8898,4.3227,0.742,0.7432,-0.1615,1408900,1045386,0.742,0.741,122226500,0.740,125983100,0.739,51294900,0.738,36489400,0.737,24552300,0.742,48151000,0.743,112415500,0.744,86161700,0.745,61658900,0.746,31996200,99999,99999,0
sh513130,09:37:29,1769737053214,,0.8898,3.6701,0.742,0.7425,-0.0673,1343300,996642,0.7419,0.741,121417000,0.740,126064100,0.739,52197600,0.738,36515400,0.737,24569300,0.742,63844400,0.743,112548300,0.744,86148700,0.745,61552600,0.746,32112700,99999,99999,0
sh513130,09:37:32,1769737055214,,0.8898,4.3263,0.742,0.7425,-0.0673,1479600,1097285,0.7416,0.741,121084900,0.740,126205100,0.739,52274400,0.738,36942400,0.737,24639900,0.742,64943900,0.743,112562100,0.744,80183300,0.745,56187100,0.746,32122300,99999,99999,0
sh513130,09:37:29,1769737056206,,0.8898,3.2107,0.742,0.7425,-0.0673,0,0,0.742,0.741,121417000,0.740,126064100,0.739,52197600,0.738,36515400,0.737,24569300,0.742,63844400,0.743,112548300,0.744,86148700,0.745,61552600,0.746,32112700,99999,99999,2
sh513130,09:37:32,1769737057200,,0.8898,2.8519,0.742,0.7425,-0.0673,0,0,0.742,0.741,121084900,0.740,126205100,0.739,52274400,0.738,36942400,0.737,24639900,0.742,64943900,0.743,112562100,0.744,80183300,0.745,56187100,0.746,32122300,99999,99999,0
sh513130,09:37:35,1769737059188,,0.8898,2.4475,0.742,0.7425,-0.0673,1011200,749809,0.7415,0.741,86850700,0.740,139437500,0.739,94304800,0.738,40008800,0.737,24712600,0.742,91240600,0.743,111638400,0.744,65193300,0.745,46447100,0.746,32122300,99999,99999,0
sh513130,09:37:38,1769737062184,,0.8898,3.2774,0.742,0.7425,-0.0673,676200,501717,0.742,0.741,116402400,0.740,139756700,0.739,85464800,0.738,37034500,0.737,24691200,0.742,66795400,0.743,108721400,0.744,80293300,0.745,56447100,0.746,31487300,99999,99999,0
sh513130,09:37:41,1769737065175,,0.8898,3.0753,0.742,0.7419,0.0135,344900,255911,0.742,0.741,116629900,0.740,139791500,0.739,85515900,0.738,37224600,0.737,24691200,0.742,71511100,0.743,105230400,0.744,80613700,0.745,56447100,0.746,31487300,99999,99999,0
sh513130,09:37:44,1769737068162,,0.8898,5.7206,0.741,0.7426,-0.2155,1493800,1107164,0.7412,0.741,115428700,0.740,137878900,0.739,85596100,0.738,37224600,0.737,24725900,0.742,62951400,0.743,103387500,0.744,81298100,0.745,56497100,0.746,31588600,99999,99999,0
sh513130,09:37:47,1769737072126,,0.8898,4.9177,0.742,0.7426,-0.0808,511100,379030,0.7416,0.741,115389500,0.740,137963600,0.739,85587100,0.738,37284600,0.737,24893700,0.742,64713800,0.743,102889400,0.744,80998100,0.745,56497100,0.746,31591600,99999,99999,0
sh513130,09:37:50,1769737075114,,0.8898,3.5514,0.742,0.7426,-0.0808,1043500,773311,0.7411,0.741,119470000,0.740,143606600,0.739,90650700,0.738,37323700,0.737,24893700,0.742,70308700,0.743,102030900,0.744,80298100,0.745,51497100,0.746,31574700,99999,99999,0
sh513130,09:37:53,1769737078107,,0.8898,2.6108,0.742,0.7426,-0.0808,1646400,1220080,0.7411,0.741,117949700,0.740,143617800,0.739,90343700,0.738,37329100,0.737,24908700,0.742,65678500,0.743,102598800,0.744,83290500,0.745,51497100,0.746,31574700,99999,99999,0
sh513130,09:37:56,1769737080094,,0.8898,0.5486,0.741,0.7419,-0.1213,996000,738108,0.7411,0.741,118275000,0.740,144670200,0.739,89649400,0.738,37464800,0.737,24922200,0.742,56335500,0.743,102140100,0.744,83330800,0.745,51511300,0.746,31574700,99999,99999,0
sh513130,09:37:59,1769737082087,,0.8898,3.5183,0.741,0.7425,-0.202,332200,246290,0.7414,0.741,119483900,0.740,144819500,0.739,89735200,0.738,37484800,0.737,24924200,0.742,31009000,0.743,100606100,0.744,93963700,0.745,51511300,0.746,31503800,99999,99999,0
sh513130,09:37:56,1769737083078,,0.8898,3.4018,0.741,0.7419,-0.1213,0,0,0.741,0.741,118275000,0.740,144670200,0.739,89649400,0.738,37464800,0.737,24922200,0.742,56335500,0.743,102140100,0.744,83330800,0.745,51511300,0.746,31574700,99999,99999,2
sh513130,09:37:59,1769737084073,,0.8898,4.2496,0.741,0.7425,-0.202,0,0,0.741,0.741,119483900,0.740,144819500,0.739,89735200,0.738,37484800,0.737,24924200,0.742,31009000,0.743,100606100,0.744,93963700,0.745,51511300,0.746,31503800,99999,99999,0
sh513130,09:38:02,1769737086076,,0.8898,3.7368,0.742,0.7425,-0.0673,37467000,27799618,0.742,0.742,18451800,0.741,121442900,0.740,144017900,0.739,87819400,0.738,37559800,0.743,100321100,0.744,114791500,0.745,51531300,0.746,31514100,0.747,29680900,99999,99999,0
sh513130,09:38:05,1769737088060,,0.8898,2.5802,0.742,0.7432,-0.1615,955200,708759,0.742,0.742,12379600,0.741,124768900,0.740,144079800,0.739,88116900,0.738,37668500,0.743,102152100,0.744,115619000,0.745,51531300,0.746,31514100,0.747,29680900,99999,99999,0
sh513130,09:38:08,1769737092047,,0.8898,1.9244,0.742,0.7432,-0.1615,4887800,3626732,0.742,0.741,124827000,0.740,145392200,0.739,88279100,0.738,37749800,0.737,25003800,0.742,418000,0.743,102594200,0.744,116455000,0.745,51528300,0.746,31511100,99999,99999,0
sh513130,09:38:11,1769737095060,,0.8898,6.1785,0.742,0.7425,-0.0673,2290900,1699903,0.742,0.742,28237200,0.741,124885500,0.740,145886300,0.739,80449100,0.738,38438900,0.743,102489000,0.744,117302500,0.745,51533300,0.746,31514200,0.747,29680900,99999,99999,0
sh513130,09:38:14,1769737098058,,0.8898,2.6346,0.742,0.7425,-0.0673,6304300,4677804,0.742,0.741,125511800,0.740,145710700,0.739,88469900,0.738,38677100,0.737,25513700,0.742,64538100,0.743,102503600,0.744,87622400,0.745,51527900,0.746,31514200,99999,99999,0
sh513130,09:38:17,1769737101059,,0.8898,1.0394,0.742,0.7425,-0.0673,954900,708482,0.7419,0.741,124614800,0.740,146139100,0.739,90450000,0.738,38680100,0.737,25513700,0.742,80685300,0.743,103739800,0.744,83972400,0.745,51598800,0.746,31507800,99999,99999,0
sh513130,09:38:20,1769737104046,,0.8898,3.2096,0.742,0.7425,-0.0673,5778800,4287869,0.742,0.742,18185000,0.741,126583100,0.740,146092000,0.739,88543000,0.738,38765600,0.743,104039800,0.744,112785500,0.745,51598800,0.746,31517800,0.747,29680900,99999,99999,0
sh513130,09:38:23,1769737107048,,0.8898,3.2721,0.742,0.7425,-0.0673,880900,653628,0.742,0.742,53921000,0.741,125063100,0.740,145497600,0.739,80482200,0.738,38982600,0.743,104039800,0.744,112863900,0.745,50594800,0.746,30517800,0.747,28680900,99999,99999,0
sh513130,09:38:26,1769737111041,,0.8898,4.9813,0.742,0.7432,-0.1615,1598000,1185728,0.742,0.742,78270000,0.741,115416300,0.740,135712200,0.739,72510500,0.738,38982600,0.743,80374800,0.744,113846200,0.745,65594800,0.746,30517800,0.747,28695900,99999,99999,0
sh513130,09:38:29,1769737114037,,0.8898,4.7826,0.742,0.7432,-0.1615,74800,55523,0.7423,0.742,84133400,0.741,120599500,0.740,134737800,0.739,72518500,0.738,37003600,0.743,77777100,0.744,114683600,0.745,68211600,0.746,40517800,0.747,28695900,99999,99999,0
sh513130,09:38:32,1769737116032,,0.8898,3.7511,0.743,0.7432,-0.0269,353200,262260,0.7425,0.742,85333200,0.741,121274100,0.740,134360700,0.739,53530400,0.738,37410100,0.743,87438800,0.744,102122500,0.745,69038600,0.746,31799500,0.747,29696500,99999,99999,0
sh513130,09:38:35,1769737118047,,0.8898,4.9367,0.742,0.7432,-0.1615,443100,328801,0.742,0.742,69602200,0.741,122525200,0.740,121608300,0.739,54529800,0.738,39390100,0.743,109313500,0.744,102959900,0.745,54048600,0.746,31860000,0.747,29696500,99999,99999,0
sh513130,09:38:38,1769737123046,,0.8898,4.7219,0.742,0.7432,-0.1615,9440900,7005221,0.742,0.741,122508600,0.740,129029200,0.739,64529800,0.738,39409400,0.737,25604700,0.742,8960200,0.743,108575700,0.744,105789800,0.745,53038600,0.746,31860000,99999,99999,0
sh513130,09:38:41,1769737124054,,0.8898,4.2554,0.742,0.7431,-0.148,1409000,1045459,0.742,0.741,123002200,0.740,129502400,0.739,69636500,0.738,39509400,0.737,27635100,0.742,28487800,0.743,106265000,0.744,101159900,0.745,52048600,0.746,31860000,99999,99999,0
sh513130,09:38:44,1769737128051,,0.8898,5.419,0.742,0.7431,-0.148,5285600,3921935,0.742,0.742,3435800,0.741,123769800,0.740,130788500,0.739,69636500,0.738,39715000,0.743,106622300,0.744,122248800,0.745,52128800,0.746,32095300,0.747,29696500,99999,99999,0
sh513130,09:38:41,1769737129057,,0.8898,4.7088,0.742,0.7431,-0.148,0,0,0.742,0.741,123002200,0.740,129502400,0.739,69636500,0.738,39509400,0.737,27635100,0.742,28487800,0.743,106265000,0.744,101159900,0.745,52048600,0.746,31860000,99999,99999,2
sh513130,09:38:44,1769737130062,,0.8898,3.9275,0.742,0.7431,-0.148,0,0,0.742,0.742,3435800,0.741,123769800,0.740,130788500,0.739,69636500,0.738,39715000,0.743,106622300,0.744,122248800,0.745,52128800,0.746,32095300,0.747,29696500,99999,99999,0
sh513130,09:38:47,1769737131078,,0.8898,2.7396,0.741,0.7431,-0.2826,6983800,5182474,0.7421,0.741,123938900,0.740,130518500,0.739,69658500,0.738,39903200,0.737,26645100,0.742,1771900,0.743,105088000,0.744,122593500,0.745,53963600,0.746,32100500,99999,99999,0
sh513130,09:38:50,1769737134090,,0.8898,2.7943,0.742,0.7431,-0.148,2336400,1733609,0.742,0.742,31598200,0.741,124406300,0.740,132963700,0.739,69726300,0.738,39905200,0.743,107759100,0.744,122593500,0.745,52809900,0.746,32108800,0.747,29711500,99999,99999,0
sh513130,09:38:53,1769737137086,,0.8898,4.5825,0.742,0.7431,-0.148,1668600,1238132,0.742,0.742,5406100,0.741,124538000,0.740,132699300,0.739,69656300,0.738,40155400,0.743,107208200,0.744,122553500,0.745,54636200,0.746,32108800,0.747,29711500,99999,99999,0
sh513130,09:38:56,1769737140087,,0.8898,5.1393,0.742,0.7431,-0.148,1621500,1203173,0.742,0.742,3902200,0.741,124325900,0.740,134009100,0.739,71686300,0.738,40185500,0.743,109669000,0.744,121553500,0.745,54482500,0.746,32108000,0.747,29711500,99999,99999,0
sh513130,09:38:59,1769737143093,,0.8898,5.8829,0.743,0.7431,-0.0135,238200,176818,0.7423,0.742,59631200,0.741,124723800,0.740,134110400,0.739,67787500,0.738,40327500,0.743,111302500,0.744,122553500,0.745,57308800,0.746,32108000,0.747,29711500,99999,99999,0
sh513130,09:38:56,1769737144107,,0.8898,4.9292,0.742,0.7431,-0.148,0,0,0.742,0.742,3902200,0.741,124325900,0.740,134009100,0.739,71686300,0.738,40185500,0.743,109669000,0.744,121553500,0.745,54482500,0.746,32108000,0.747,29711500,99999,99999,2
sh513130,09:38:59,1769737145096,,0.8898,4.3953,0.743,0.7431,-0.0135,0,0,0.743,0.742,59631200,0.741,124723800,0.740,134110400,0.739,67787500,0.738,40327500,0.743,111302500,0.744,122553500,0.745,57308800,0.746,32108000,0.747,29711500,99999,99999,0
sh513130,09:39:02,1769737146103,,0.8898,4.1431,0.742,0.7431,-0.148,317200,235488,0.7424,0.742,57580400,0.741,126066600,0.740,134283800,0.739,68072000,0.738,40435800,0.743,112274900,0.744,122553500,0.745,58158500,0.746,32128000,0.747,29711500,99999,99999,0
sh513130,09:39:05,1769737148107,,0.8898,4.3259,0.743,0.7431,-0.0135,8203300,6086911,0.742,0.742,20795900,0.741,125699800,0.740,133048500,0.739,73087000,0.738,40455000,0.743,112740700,0.744,122974200,0.745,58208500,0.746,32128000,0.747,29718500,99999,99999,0
sh513130,09:39:08,1769737152102,,0.8898,3.6162,0.742,0.7431,-0.148,1773000,1315585,0.742,0.742,1489300,0.741,125972900,0.740,134405600,0.739,73087000,0.738,40460000,0.743,113764800,0.744,122976000,0.745,57315800,0.746,32128000,0.747,29718500,99999,99999,0
sh513130,09:39:11,1769737156099,,0.8898,7.881,0.742,0.7424,-0.0539,2227100,1652624,0.7421,0.741,125859500,0.740,134305800,0.739,73189200,0.738,40491700,0.737,31390000,0.742,2269200,0.743,113770800,0.744,122986000,0.745,57315800,0.746,32188000,99999,99999,0
sh513130,09:39:14,1769737158097,,0.8898,7.359,0.742,0.7424,-0.0539,685500,508641,0.742,0.741,126714200,0.740,134373900,0.739,73196200,0.738,40541700,0.737,31464800,0.742,5826500,0.743,112774300,0.744,122686000,0.745,57275400,0.746,32188000,99999,99999,0
sh513130,09:39:17,1769737161096,,0.8898,5.5803,0.741,0.7424,-0.1886,8377800,6216285,0.742,0.741,127101000,0.740,134575200,0.739,73206200,0.738,40544400,0.737,31479800,0.742,7710800,0.743,111118000,0.744,123086000,0.745,57365400,0.746,33188000,99999,99999,0
sh513130,09:39:20,1769737164104,,0.8898,3.5687,0.742,0.7424,-0.0539,1546100,1147201,0.742,0.741,126225300,0.740,134656300,0.739,73226500,0.738,40545400,0.737,31479800,0.742,59478000,0.743,110817900,0.744,85813600,0.745,56529100,0.746,33234900,99999,99999,0
sh513130,09:39:23,1769737167134,,0.8898,5.633,0.742,0.7424,-0.0539,557200,413279,0.7417,0.741,125237100,0.740,134733800,0.739,75226500,0.738,40597400,0.737,31489800,0.742,62074700,0.743,112013900,0.744,85813600,0.745,52339600,0.746,33234900,99999,99999,0
sh513130,09:39:26,1769737170126,,0.8898,5.4511,0.742,0.7424,-0.0539,877500,650681,0.7415,0.741,125298700,0.740,134817500,0.739,75226500,0.738,40586500,0.737,31489800,0.742,63566700,0.743,112516400,0.744,86181000,0.745,52342600,0.746,33274900,99999,99999,0
sh513130,09:39:29,1769737173141,,0.8898,4.6418,0.741,0.7424,-0.1886,1463400,1085801,0.742,0.741,126637800,0.740,135457600,0.739,75286500,0.738,40588500,0.737,31539800,0.742,65555300,0.743,112240500,0.744,84910700,0.745,52352600,0.746,33274900,99999,99999,0
sh513130,09:39:32,1769737176154,,0.8898,4.1578,0.742,0.7424,-0.0539,1309100,971182,0.7419,0.741,126690000,0.740,135572600,0.739,75376500,0.738,40589500,0.737,31761800,0.742,44039300,0.743,112439400,0.744,97167500,0.745,52352600,0.746,33274900,99999,99999,0
sh513130,09:39:35,1769737180146,,0.8898,4.8092,0.741,0.7424,-0.1886,305600,226677,0.7417,0.741,127076600,0.740,136148300,0.739,75455700,0.738,40601000,0.737,31761800,0.742,60692000,0.743,111403900,0.744,87073500,0.745,53265500,0.746,33274900,99999,99999,0
sh513130,09:39:38,1769737183142,,0.8898,5.2035,0.742,0.7424,-0.0539,181300,134466,0.7417,0.741,127579700,0.740,136250000,0.739,75475700,0.738,40942500,0.737,31771800,0.742,61091300,0.743,111309600,0.744,88063500,0.745,53265500,0.746,33310900,99999,99999,0
sh513130,09:39:41,1769737185141,,0.8898,5.6955,0.742,0.7424,-0.0539,6512500,4832137,0.742,0.741,128924900,0.740,136421900,0.739,74496700,0.738,40942500,0.737,31771800,0.742,6851500,0.743,110833100,0.744,118224200,0.745,53265500,0.746,33310900,99999,99999,0
sh513130,09:39:44,1769737188148,,0.8898,6.5617,0.742,0.7424,-0.0539,13842500,10271135,0.742,0.742,55153800,0.741,126914300,0.740,130978100,0.739,65507700,0.738,41024700,0.743,110533100,0.744,119024200,0.745,54065500,0.746,33060900,0.747,29895700,99999,99999,0
sh513130,09:39:47,1769737190174,,0.8898,5.8284,0.742,0.7424,-0.0539,420200,311796,0.742,0.742,29162000,0.741,128646700,0.740,135928400,0.739,73816400,0.738,41049700,0.743,108753600,0.744,119024200,0.745,55055500,0.746,33060900,0.747,29895700,99999,99999,0
sh513130,09:39:44,1769737191169,,0.8898,4.1314,0.742,0.7424,-0.0539,0,0,0.742,0.742,55153800,0.741,126914300,0.740,130978100,0.739,65507700,0.738,41024700,0.743,110533100,0.744,119024200,0.745,54065500,0.746,33060900,0.747,29895700,99999,99999,2
sh513130,09:39:47,1769737192172,,0.8898,5.4746,0.742,0.7424,-0.0539,0,0,0.742,0.742,29162000,0.741,128646700,0.740,135928400,0.739,73816400,0.738,41049700,0.743,108753600,0.744,119024200,0.745,55055500,0.746,33060900,0.747,29895700,99999,99999,0
sh513130,09:39:50,1769737193173,,0.8898,5.1493,0.742,0.7431,-0.148,5492900,4075707,0.742,0.741,131289000,0.740,137225000,0.739,74411600,0.738,41059700,0.737,32031800,0.742,66970400,0.743,110684900,0.744,89287800,0.745,54125500,0.746,33080900,99999,99999,0
sh513130,09:39:53,1769737197170,,0.8898,4.4096,0.742,0.7431,-0.148,372900,276667,0.7419,0.741,130588800,0.740,138238800,0.739,76329600,0.738,41807200,0.737,32960600,0.742,73418400,0.743,111551900,0.744,88560600,0.745,54725500,0.746,33681900,99999,99999,0
sh513130,09:39:56,1769737200171,,0.8898,3.6166,0.742,0.7424,-0.0539,446300,331112,0.7419,0.741,128463900,0.740,138505600,0.739,77264600,0.738,41921800,0.737,32965600,0.742,99718300,0.743,111644400,0.744,73560600,0.745,44728700,0.746,33681900,99999,99999,0
sh513130,09:39:59,1769737203188,,0.8898,3.3802,0.742,0.7424,-0.0539,413300,306583,0.7418,0.741,128713700,0.740,138629600,0.739,77210900,0.738,41932800,0.737,33035600,0.742,86971700,0.743,111631200,0.744,87571900,0.745,44178700,0.746,33681900,99999,99999,0
sh513130,09:40:02,1769737206195,,0.8898,3.2555,0.741,0.7424,-0.1886,667500,494921,0.7415,0.741,129055800,0.740,139492800,0.739,80295300,0.738,42089100,0.737,33237600,0.742,101600500,0.743,112131700,0.744,71571900,0.745,43178700,0.746,32681900,99999,99999,0
sh513130,09:40:05,1769737208191,,0.8898,2.2126,0.742,0.7424,-0.0539,598300,443859,0.7419,0.741,134705100,0.740,153320600,0.739,100695100,0.738,43119800,0.737,33239600,0.742,103227600,0.743,112278100,0.744,70748100,0.745,43178700,0.746,32682900,99999,99999,0
sh513130,09:40:02,1769737209201,,0.8898,0.2862,0.741,0.7424,-0.1886,0,0,0.741,0.741,129055800,0.740,139492800,0.739,80295300,0.738,42089100,0.737,33237600,0.742,101600500,0.743,112131700,0.744,71571900,0.745,43178700,0.746,32681900,99999,99999,2
sh513130,09:40:05,1769737210190,,0.8898,2.5669,0.742,0.7424,-0.0539,0,0,0.742,0.741,134705100,0.740,153320600,0.739,100695100,0.738,43119800,0.737,33239600,0.742,103227600,0.743,112278100,0.744,70748100,0.745,43178700,0.746,32682900,99999,99999,0
sh513130,09:40:08,1769737212175,,0.8898,3.943,0.742,0.7424,-0.0539,166900,123719,0.7413,0.741,134882700,0.740,154266500,0.739,100758500,0.738,43328900,0.737,33252600,0.742,97289500,0.743,112125200,0.744,70748100,0.745,43178700,0.746,32682900,99999,99999,0
sh513130,09:40:11,1769737214178,,0.8898,3.7371,0.742,0.7424,-0.0539,269700,200014,0.7416,0.741,134861900,0.740,155189700,0.739,100777000,0.738,43862300,0.737,33272600,0.742,103939100,0.743,114113800,0.744,71748100,0.745,43872600,0.746,33582900,99999,99999,0
sh513130,09:40:14,1769737219177,,0.8898,4.3595,0.742,0.7424,-0.0539,338800,251122,0.7412,0.741,74301800,0.740,156194500,0.739,105871500,0.738,58830400,0.737,33356100,0.742,105942300,0.743,115103800,0.744,71848100,0.745,43872600,0.746,33582900,99999,99999,0
sh513130,09:40:17,1769737221186,,0.8898,4.2643,0.742,0.7424,-0.0539,125100,92763,0.7415,0.741,69599200,0.740,156958200,0.739,105883000,0.738,58839700,0.737,33357100,0.742,106989100,0.743,116099700,0.744,71848100,0.745,43872600,0.746,33586900,99999,99999,0
sh513130,09:40:20,1769737224181,,0.8898,3.1377,0.741,0.7417,-0.0944,1210000,896710,0.7411,0.741,66564000,0.740,157895700,0.739,105903000,0.738,58867700,0.737,33362100,0.742,107644600,0.743,116099700,0.744,71848100,0.745,43872600,0.746,33586900,99999,99999,0
sh513130,09:40:23,1769737227173,,0.8898,4.7367,0.741,0.7417,-0.0944,2387500,1769263,0.7411,0.741,119440900,0.740,158974700,0.739,105817000,0.738,50873500,0.737,33424000,0.742,111552100,0.743,117107700,0.744,70858100,0.745,43877400,0.746,33605400,99999,99999,0
sh513130,09:40:26,1769737229179,,0.8898,4.1761,0.741,0.7417,-0.0944,144800,107330,0.7412,0.741,66403200,0.740,159795700,0.739,105836900,0.738,58893500,0.737,33449000,0.742,111190200,0.743,117000500,0.744,70858100,0.745,43877400,0.746,33670400,99999,99999,0
sh513130,09:40:29,1769737233181,,0.8898,2.8297,0.742,0.7417,0.0404,831300,616010,0.741,0.741,65604000,0.740,160830900,0.739,105868900,0.738,58998000,0.737,33449000,0.742,112570400,0.743,116586500,0.744,70858100,0.745,43877400,0.746,33650400,99999,99999,0
sh513130,09:40:32,1769737236176,,0.8898,3.6577,0.741,0.7417,-0.0944,2174800,1611535,0.741,0.741,59008700,0.740,161820600,0.739,105870100,0.738,59011700,0.737,33574000,0.742,117825700,0.743,116599500,0.744,70949500,0.745,43874400,0.746,33661200,99999,99999,0
sh513130,09:40:35,1769737239179,,0.8898,3.3489,0.741,0.7417,-0.0944,7560200,5602123,0.741,0.741,49729900,0.740,162684900,0.739,106328100,0.738,59062500,0.737,33627800,0.742,118391100,0.743,116599500,0.744,70949500,0.745,43874600,0.746,33661200,99999,99999,0
sh513130,09:40:38,1769737242179,,0.8898,2.5587,0.742,0.7417,0.0404,5818100,4311256,0.741,0.741,51047500,0.740,162670300,0.739,107226000,0.738,59068500,0.737,33637600,0.742,118632900,0.743,116589500,0.744,70724100,0.745,43887300,0.746,33661200,99999,99999,0
sh513130,09:40:41,1769737246184,,0.8898,3.6226,0.741,0.7417,-0.0944,9644400,7146537,0.741,0.741,34249900,0.740,162788600,0.739,108111800,0.738,59140700,0.737,33738500,0.742,119683500,0.743,115733900,0.744,65769800,0.745,43851400,0.746,33746400,99999,99999,0
sh513130,09:40:44,1769737247171,,0.8898,3.9997,0.742,0.7417,0.0404,3505800,2597910,0.741,0.741,32552400,0.740,153013000,0.739,108124100,0.738,59173400,0.737,33738500,0.742,120827900,0.743,111077300,0.744,64769800,0.745,42841400,0.746,32746400,99999,99999,0
sh513130,09:40:41,1769737248173,,0.8898,5.0148,0.741,0.7417,-0.0944,0,0,0.741,0.741,34249900,0.740,162788600,0.739,108111800,0.738,59140700,0.737,33738500,0.742,119683500,0.743,115733900,0.744,65769800,0.745,43851400,0.746,33746400,99999,99999,2
sh513130,09:40:44,1769737249171,,0.8898,4.0404,0.742,0.7417,0.0404,0,0,0.742,0.741,32552400,0.740,153013000,0.739,108124100,0.738,59173400,0.737,33738500,0.742,120827900,0.743,111077300,0.744,64769800,0.745,42841400,0.746,32746400,99999,99999,0
sh513130,09:40:47,1769737250178,,0.8898,4.4824,0.741,0.7417,-0.0944,32487000,24072881,0.741,0.740,156274900,0.739,110048300,0.738,59563000,0.737,33843800,0.736,23080000,0.741,64931200,0.742,106765700,0.743,84502400,0.744,52351100,0.745,41791400,99999,99999,0
sh513130,09:40:53,1769737256171,,0.8898,7.2383,0.742,0.7417,0.0404,21741700,16110009,0.741,0.741,17352400,0.740,155185400,0.739,111828100,0.738,63663000,0.737,33836100,0.742,103365800,0.743,112123200,0.744,53333000,0.745,42891400,0.746,33582100,99999,99999,0
sh513130,09:40:50,1769737257186,,0.8898,7.4718,0.741,0.7417,-0.0944,0,0,0.741,0.740,152773900,0.739,110904700,0.738,65623000,0.737,33855800,0.736,25055300,0.741,43973300,0.742,106778600,0.743,86082400,0.744,52333000,0.745,41891400,99999,99999,2
sh513130,09:40:53,1769737258185,,0.8898,7.4386,0.742,0.7417,0.0404,0,0,0.742,0.741,17352400,0.740,155185400,0.739,111828100,0.738,63663000,0.737,33836100,0.742,103365800,0.743,112123200,0.744,53333000,0.745,42891400,0.746,33582100,99999,99999,0
sh513130,09:40:56,1769737259180,,0.8898,8.1198,0.741,0.7417,-0.0944,1439400,1066697,0.7411,0.741,14954900,0.740,157138500,0.739,112371100,0.738,62683000,0.737,33836100,0.742,102430500,0.743,112942000,0.744,53333100,0.745,42891400,0.746,33582100,99999,99999,0
sh513130,09:40:59,1769737263200,,0.8898,6.172,0.741,0.7417,-0.0944,746400,553085,0.741,0.741,64572000,0.740,155605700,0.739,112246500,0.738,49686700,0.737,33906100,0.742,103285600,0.743,112930100,0.744,53333100,0.745,42891500,0.746,33582100,99999,99999,0
sh513130,09:41:02,1769737265212,,0.8898,5.9077,0.742,0.7417,0.0404,111200,82417,0.7412,0.741,14907500,0.740,155882500,0.739,113110400,0.738,57788000,0.737,33909900,0.742,103464100,0.743,113060300,0.744,53362800,0.745,42801300,0.746,33582100,99999,99999,0
sh513130,09:41:05,1769737269233,,0.8898,5.3118,0.742,0.7417,0.0404,148700,110280,0.7416,0.741,64872900,0.740,155637200,0.739,114191100,0.738,49835200,0.737,33929900,0.742,103844900,0.743,113127800,0.744,53465800,0.745,42801300,0.746,33546700,99999,99999,0
sh513130,09:41:08,1769737272223,,0.8898,4.6431,0.742,0.7417,0.0404,506300,375509,0.7417,0.741,79530000,0.740,155991700,0.739,115109000,0.738,49957400,0.737,34450900,0.742,104126600,0.743,113271800,0.744,54555800,0.745,42801300,0.746,33146700,99999,99999,0
sh513130,09:41:11,1769737274220,,0.8898,4.4403,0.741,0.7417,-0.0944,364400,270153,0.7414,0.741,85456600,0.740,156975600,0.739,110971900,0.738,49960400,0.737,34453900,0.742,106464200,0.743,112505700,0.744,54555800,0.745,42801300,0.746,33546700,99999,99999,0
sh513130,09:41:14,1769737278221,,0.8898,6.2994,0.742,0.7417,0.0404,111200,82424,0.7412,0.741,68109600,0.740,157645400,0.739,116193600,0.738,50003100,0.737,34453900,0.742,107517000,0.743,113609100,0.744,54675600,0.745,42804300,0.746,33566700,99999,99999,0
sh513130,09:41:17,1769737280225,,0.8898,5.9765,0.741,0.7417,-0.0944,210200,155889,0.7416,0.741,48455100,0.740,156934500,0.739,113221300,0.738,58043400,0.737,34464200,0.742,108865900,0.743,113733100,0.744,53685600,0.745,42804300,0.746,33567100,99999,99999,0
sh513130,09:41:20,1769737284263,,0.8898,7.1952,0.741,0.7424,-0.1886,174000,129004,0.7414,0.741,31113800,0.740,157920700,0.739,113255300,0.738,58128400,0.737,32489500,0.742,109203400,0.743,113750700,0.744,53739300,0.745,42984300,0.746,33670100,99999,99999,0
sh513130,09:41:23,1769737287255,,0.8898,4.6918,0.741,0.7424,-0.1886,509700,377702,0.741,0.741,16564600,0.740,159089500,0.739,113336900,0.738,58259400,0.737,32494300,0.742,109730900,0.743,113736000,0.744,54039300,0.745,42951300,0.746,33670100,99999,99999,0
sh513130,09:41:26,1769737289257,,0.8898,4.214,0.741,0.7424,-0.1886,1124800,833489,0.741,0.741,18595500,0.740,160484500,0.739,113353400,0.738,58316100,0.737,32496300,0.742,110016400,0.743,113469100,0.744,54039300,0.745,43551300,0.746,34428800,99999,99999,0
sh513130,09:41:29,1769737293264,,0.8898,5.3725,0.741,0.7417,-0.0944,773900,573467,0.741,0.741,16398600,0.740,161352300,0.739,113073900,0.738,63332600,0.737,32501000,0.742,111395900,0.743,113469100,0.744,54074300,0.745,43561300,0.746,34428800,99999,99999,0
sh513130,09:41:32,1769737296240,,0.8898,3.9523,0.741,0.7417,-0.0944,1476000,1093742,0.741,0.741,15645400,0.740,162286100,0.739,113094700,0.738,63335800,0.737,32501000,0.742,112966900,0.743,113392700,0.744,54662200,0.745,43563000,0.746,34428800,99999,99999,0
sh513130,09:41:35,1769737298247,,0.8898,3.7398,0.741,0.7417,-0.0944,316300,234379,0.741,0.741,20467200,0.740,163441400,0.739,113134700,0.738,63627000,0.737,32513500,0.742,113202600,0.743,113452700,0.744,54662200,0.745,43610400,0.746,34428800,99999,99999,0
sh513130,09:41:38,1769737302242,,0.8898,3.8446,0.741,0.7417,-0.0944,167500,124132,0.7411,0.741,23077600,0.740,164474600,0.739,113160000,0.738,63645000,0.737,32473900,0.742,112382500,0.743,113482700,0.744,55652200,0.745,43610400,0.746,34288300,99999,99999,0
sh513130,09:41:41,1769737305262,,0.8898,4.585,0.742,0.7417,0.0404,110400,81881,0.7417,0.741,23264200,0.740,165412700,0.739,113160000,0.738,63665300,0.737,32503900,0.742,112653200,0.743,113482700,0.744,55652200,0.745,43610400,0.746,34286000,99999,99999,0
sh513130,09:41:44,1769737309254,,0.8898,4.0274,0.741,0.7417,-0.0944,17215800,12756938,0.741,0.740,166821100,0.739,114460000,0.738,63675300,0.737,32640600,0.736,23621800,0.741,69631200,0.742,109814100,0.743,74906100,0.744,49667200,0.745,43610400,99999,99999,0
sh513130,09:41:47,1769737311253,,0.8898,6.1636,0.741,0.7417,-0.0944,162600,120439,0.7407,0.740,170043300,0.739,114500000,0.738,63680700,0.737,34620600,0.736,23622000,0.741,11994200,0.742,110200600,0.743,102604800,0.744,49278700,0.745,43710500,99999,99999,0
sh513130,09:41:50,1769737313254,,0.8898,6.2096,0.741,0.7417,-0.0944,489900,362996,0.741,0.740,170397900,0.739,114985300,0.738,64666700,0.737,34621600,0.736,23682000,0.741,19728000,0.742,106786400,0.743,102607100,0.744,49278700,0.745,43903900,99999,99999,0
sh513130,09:41:53,1769737317279,,0.8898,3.7546,0.741,0.7417,-0.0944,1084000,802244,0.7401,0.740,169672800,0.739,115035000,0.738,65511300,0.737,34622300,0.736,23685000,0.741,49426200,0.742,106207700,0.743,90030400,0.744,53318700,0.745,43903900,99999,99999,0
sh513130,09:41:56,1769737320270,,0.8898,3.9074,0.74,0.7411,-0.1484,207700,153833,0.7406,0.740,159969600,0.739,115220800,0.738,66976300,0.737,34941500,0.736,23696000,0.741,70848100,0.742,107382300,0.743,75149500,0.744,53338700,0.745,43903900,99999,99999,0
sh513130,09:41:59,1769737323279,,0.8898,3.4097,0.741,0.741,0.0,3408500,2524662,0.7407,0.740,154182100,0.739,115535300,0.738,72912500,0.737,34944600,0.736,23717500,0.741,80895300,0.742,108375100,0.743,74269500,0.744,43554700,0.745,44354500,99999,99999,0
sh513130,09:42:02,1769737327281,,0.8898,4.0051,0.741,0.741,0.0,796600,590238,0.7409,0.740,160063700,0.739,115225600,0.738,69756500,0.737,34954600,0.736,23737500,0.741,82233300,0.742,107985800,0.743,74515600,0.744,43554700,0.745,44354500,99999,99999,0
sh513130,09:42:05,1769737329285,,0.8898,4.1786,0.74,0.7416,-0.2157,1457500,1078709,0.7401,0.740,158869600,0.739,115341100,0.738,70607500,0.737,37954600,0.736,23862500,0.741,66557900,0.742,107747800,0.743,74470600,0.744,53654700,0.745,44354500,99999,99999,0
sh513130,09:42:08,1769737332288,,0.8898,3.2802,0.741,0.7416,-0.0809,288800,213771,0.7402,0.740,160617700,0.739,115435500,0.738,70633000,0.737,38279400,0.736,23870300,0.741,38157800,0.742,106523300,0.743,91209200,0.744,53634100,0.745,44354500,99999,99999,0
sh513130,09:42:11,1769737335310,,0.8898,2.1537,0.741,0.7416,-0.0809,366300,271132,0.7402,0.740,159340000,0.739,115447500,0.738,72468600,0.737,38304700,0.736,23870300,0.741,73936400,0.742,106104400,0.743,76309200,0.744,52444500,0.745,44454500,99999,99999,0
sh513130,09:42:14,1769737337302,,0.8898,1.692,0.741,0.7416,-0.0809,1445600,1069902,0.7401,0.740,143561300,0.739,115915400,0.738,78455300,0.737,47305400,0.736,23900300,0.741,85676500,0.742,105825500,0.743,76329800,0.744,42444500,0.745,43954500,99999,99999,0
sh513130,09:42:17,1769737340303,,0.8898,1.4962,0.741,0.7416,-0.0809,1157400,856526,0.74,0.740,93716600,0.739,129124100,0.738,112602600,0.737,49305400,0.736,24001500,0.741,87035200,0.742,105801600,0.743,74382800,0.744,42444500,0.745,44054500,99999,99999,0
sh513130,09:42:20,1769737345308,,0.8898,4.2131,0.741,0.7403,0.0946,384000,284541,0.741,0.740,90313400,0.739,129156500,0.738,113686600,0.737,54315600,0.736,24016500,0.741,87916500,0.742,105797700,0.743,68361200,0.744,42444500,0.745,44098200,99999,99999,0
sh513130,09:42:23,1769737348298,,0.8898,7.1481,0.741,0.7403,0.0946,1308900,968725,0.7401,0.740,90307000,0.739,129269500,0.738,114445700,0.737,54332300,0.736,24066500,0.741,89380000,0.742,105714400,0.743,68309200,0.744,42446500,0.745,43995800,99999,99999,0
sh513130,09:42:26,1769737350311,,0.8898,6.5949,0.741,0.741,0.0,1384400,1024597,0.7401,0.740,90262800,0.739,129314500,0.738,115305500,0.737,54332300,0.736,24066500,0.741,90191400,0.742,105582800,0.743,68173700,0.744,42434000,0.745,43995800,99999,99999,0
sh513130,09:42:29,1769737353325,,0.8898,5.9863,0.741,0.741,0.0,173800,128715,0.7406,0.740,90163600,0.739,129459500,0.738,118512800,0.737,55186400,0.736,24078500,0.741,90564800,0.742,105792800,0.743,69168700,0.744,42434000,0.745,43995800,99999,99999,0
sh513130,09:42:32,1769737356320,,0.8898,4.0943,0.74,0.741,-0.135,313600,232152,0.7403,0.740,90174100,0.739,129534500,0.738,118557800,0.737,56116200,0.736,24161400,0.741,91800000,0.742,105797800,0.743,69667800,0.744,42434000,0.745,43995800,99999,99999,0
sh513130,09:42:35,1769737359328,,0.8898,4.5389,0.741,0.741,0.0,804500,595489,0.7402,0.740,95025800,0.739,129727600,0.738,118370000,0.737,51986300,0.736,24492600,0.741,91696100,0.742,105795100,0.743,69742600,0.744,42434000,0.745,44015800,99999,99999,0
sh513130,09:42:38,1769737362350,,0.8898,1.9476,0.741,0.741,0.0,434900,321980,0.7404,0.740,139869900,0.739,129845000,0.738,118420000,0.737,52863400,0.736,24747100,0.741,92301800,0.742,105787900,0.743,69686300,0.744,42444000,0.745,44015800,99999,99999,0
sh513130,09:42:41,1769737365356,,0.8898,3.9723,0.741,0.7403,0.0946,321600,238142,0.7405,0.740,90512000,0.739,130310400,0.738,118756600,0.737,53808500,0.736,24758200,0.741,92602600,0.742,105831600,0.743,68613300,0.744,42532200,0.745,44015800,99999,99999,0
sh513130,09:42:44,1769737368347,,0.8898,4.7433,0.741,0.741,0.0,1313600,972298,0.7402,0.740,89687100,0.739,130301200,0.738,118803600,0.737,59718300,0.736,24762300,0.741,94135000,0.742,105833600,0.743,68250500,0.744,42532200,0.745,44015800,99999,99999,0
sh513130,09:42:47,1769737371347,,0.8898,3.1563,0.74,0.741,-0.135,68904600,50989444,0.74,0.740,17155900,0.739,130471700,0.738,118827100,0.737,59741900,0.736,24874000,0.741,96029600,0.742,105842500,0.743,67324100,0.744,42629200,0.745,44095600,99999,99999,0
sh513130,09:42:50,1769737375359,,0.8898,4.1277,0.74,0.741,-0.135,1985500,1469426,0.7401,0.740,18438900,0.739,130626300,0.738,118952100,0.737,59736300,0.736,24901300,0.741,102399400,0.742,105935900,0.743,67491800,0.744,42624000,0.745,44357900,99999,99999,0
sh513130,09:42:53,1769737376361,,0.8898,3.665,0.74,0.741,-0.135,3797900,2810614,0.74,0.740,13547600,0.739,130639400,0.738,119139000,0.737,59738300,0.736,25000400,0.741,104253800,0.742,105984800,0.743,67521800,0.744,42627200,0.745,44410000,99999,99999,0
sh513130,09:42:56,1769737379363,,0.8898,1.2224,0.739,0.741,-0.2699,16693900,12351488,0.7399,0.739,116672200,0.738,120217800,0.737,65441600,0.736,25010800,0.735,26326400,0.740,37203400,0.741,98497200,0.742,75315000,0.743,63959100,0.744,42682000,99999,99999,0
sh513130,09:42:59,1769737383372,,0.8898,3.6519,0.74,0.7403,-0.0405,6879000,5090297,0.74,0.740,19502500,0.739,121009500,0.738,120338800,0.737,61442600,0.736,27036800,0.741,102664200,0.742,104885100,0.743,61915400,0.744,42682000,0.745,43876700,99999,99999,0
sh513130,09:43:02,1769737387373,,0.8898,6.9678,0.74,0.7403,-0.0405,20256200,14989658,0.74,0.740,255000,0.739,123635500,0.738,120073200,0.737,60557800,0.736,27036900,0.741,103006100,0.742,105230100,0.743,61635200,0.744,42807500,0.745,44488700,99999,99999,0
sh513130,09:43:05,1769737388364,,0.8898,6.2601,0.74,0.7403,-0.0405,4953800,3665791,0.74,0.739,125628900,0.738,120519000,0.737,61452900,0.736,27165900,0.735,27262100,0.740,28621600,0.741,101063200,0.742,90855300,0.743,61633200,0.744,43135700,99999,99999,0
sh513130,09:43:02,1769737389375,,0.8898,6.1699,0.74,0.7403,-0.0405,0,0,0.74,0.740,255000,0.739,123635500,0.738,120073200,0.737,60557800,0.736,27036900,0.741,103006100,0.742,105230100,0.743,61635200,0.744,42807500,0.745,44488700,99999,99999,2
sh513130,09:43:05,1769737390396,,0.8898,5.4692,0.74,0.7403,-0.0405,0,0,0.74,0.739,125628900,0.738,120519000,0.737,61452900,0.736,27165900,0.735,27262100,0.740,28621600,0.741,101063200,0.742,90855300,0.743,61633200,0.744,43135700,99999,99999,0
sh513130,09:43:08,1769737391375,,0.8898,6.6721,0.74,0.7403,-0.0405,527900,390622,0.74,0.739,126094800,0.738,120830100,0.737,62446900,0.736,27165900,0.735,27264200,0.740,3616300,0.741,97300300,0.742,93704300,0.743,61609000,0.744,43135700,99999,99999,0
sh513130,09:43:11,1769737395376,,0.8898,4.0404,0.74,0.7403,-0.0405,129900,96126,0.74,0.739,126860000,0.738,120972000,0.737,63247900,0.736,27180900,0.735,27383900,0.740,21101700,0.741,99726300,0.742,89745700,0.743,61592300,0.744,43265700,99999,99999,0
sh513130,09:43:14,1769737397379,,0.8898,3.9566,0.739,0.7403,-0.1756,361200,267099,0.7395,0.739,121916400,0.738,121066200,0.737,69135300,0.736,27267500,0.735,27557200,0.740,58637400,0.741,96564300,0.742,76698700,0.743,51284500,0.744,43270700,99999,99999,0
sh513130,09:43:11,1769737398378,,0.8898,2.1633,0.74,0.7403,-0.0405,0,0,0.74,0.739,126860000,0.738,120972000,0.737,63247900,0.736,27180900,0.735,27383900,0.740,21101700,0.741,99726300,0.742,89745700,0.743,61592300,0.744,43265700,99999,99999,2
sh513130,09:43:14,1769737399380,,0.8898,1.7039,0.739,0.7403,-0.1756,0,0,0.739,0.739,121916400,0.738,121066200,0.737,69135300,0.736,27267500,0.735,27557200,0.740,58637400,0.741,96564300,0.742,76698700,0.743,51284500,0.744,43270700,99999,99999,0
sh513130,09:43:17,1769737400376,,0.8898,1.7703,0.74,0.7403,-0.0405,308100,227748,0.7392,0.739,122182800,0.738,121060300,0.737,70108500,0.736,27437500,0.735,28662500,0.740,67180500,0.741,96542300,0.742,77331300,0.743,46841000,0.744,43275700,99999,99999,0
sh513130,09:43:20,1769737403386,,0.8898,1.7692,0.74,0.7403,-0.0405,235600,174206,0.7394,0.739,127501200,0.738,122155000,0.737,65980000,0.736,29662100,0.735,28716700,0.740,17286400,0.741,96407700,0.742,105413600,0.743,56851000,0.744,43275700,99999,99999,0
sh513130,09:43:23,1769737407379,,0.8898,3.3679,0.74,0.7403,-0.0405,557700,412697,0.74,0.739,128501600,0.738,122196000,0.737,66699100,0.736,29788100,0.735,29927900,0.740,45695400,0.741,94704200,0.742,77773900,0.743,56961000,0.744,43275700,99999,99999,0
sh513130,09:43:26,1769737410359,,0.8898,2.2533,0.739,0.7403,-0.1756,1393000,1030172,0.7395,0.739,128742000,0.738,122351100,0.737,66853100,0.736,30664900,0.735,30091300,0.740,49767000,0.741,90170800,0.742,77184900,0.743,56840800,0.744,43333200,99999,99999,0
sh513130,09:43:29,1769737413391,,0.8898,4.211,0.74,0.7403,-0.0405,13082000,9680465,0.74,0.740,43608900,0.739,128620200,0.738,121734100,0.737,67162500,0.736,31511100,0.741,92773500,0.742,106583600,0.743,56777200,0.744,43333200,0.745,44723600,99999,99999,0
sh513130,09:43:32,1769737416400,,0.8898,3.0873,0.74,0.7403,-0.0405,2490200,1842748,0.74,0.740,62596100,0.739,129048400,0.738,121523700,0.737,66305700,0.736,32447000,0.741,92178400,0.742,106587600,0.743,61797700,0.744,43333200,0.745,45341600,99999,99999,0
sh513130,09:43:35,1769737419401,,0.8898,3.418,0.741,0.7403,0.0946,1377800,1019573,0.74,0.740,76187400,0.739,128937200,0.738,121841000,0.737,48992600,0.736,32477900,0.741,92523600,0.742,106782000,0.743,62807700,0.744,43333200,0.745,45213400,99999,99999,0
sh513130,09:43:38,1769737422359,,0.8898,4.8432,0.741,0.7403,0.0946,529200,391719,0.7402,0.740,80830300,0.739,129810700,0.738,116956200,0.737,45904200,0.736,32692900,0.741,87800600,0.742,106773000,0.743,64159700,0.744,43333200,0.745,45212700,99999,99999,0
sh513130,09:43:41,1769737425363,,0.8898,3.0615,0.741,0.7409,0.0135,308200,228126,0.7402,0.740,80905700,0.739,130788300,0.738,122080400,0.737,46107400,0.736,32956600,0.741,91162400,0.742,106956600,0.743,62869700,0.744,43333200,0.745,45240700,99999,99999,0
sh513130,09:43:44,1769737428387,,0.8898,5.0512,0.741,0.7409,0.0135,394700,292102,0.7401,0.740,82323200,0.739,131912700,0.738,122316500,0.737,46111400,0.736,32964200,0.741,94844100,0.742,105985800,0.743,62869700,0.744,43359300,0.745,45236900,99999,99999,0
sh513130,09:43:47,1769737431384,,0.8898,3.7252,0.74,0.7409,-0.1215,71300,52798,0.7405,0.740,89047200,0.739,133787300,0.738,117530500,0.737,46114500,0.736,32977100,0.741,95720400,0.742,106730400,0.743,62979700,0.744,43359300,0.745,45236900,99999,99999,0
sh513130,09:43:50,1769737435386,,0.8898,4.9988,0.741,0.7409,0.0135,187800,139143,0.7409,0.740,90441500,0.739,134593900,0.738,117711400,0.737,46324600,0.736,31051500,0.741,76877500,0.742,108840400,0.743,79422000,0.744,43526200,0.745,45158200,99999,99999,0
sh513130,09:43:53,1769737437377,,0.8898,3.3081,0.741,0.7409,0.0135,548100,405664,0.7401,0.740,92277200,0.739,135709300,0.738,116984500,0.737,46316600,0.736,31078700,0.741,78101100,0.742,108970400,0.743,79422000,0.744,43526200,0.745,45198300,99999,99999,0
sh513130,09:43:56,1769737440375,,0.8898,2.3057,0.741,0.7409,0.0135,163100,120824,0.7408,0.740,92437500,0.739,136654200,0.738,117013600,0.737,46401600,0.736,31114600,0.741,78410800,0.742,108992400,0.743,64195000,0.744,43526200,0.745,45141700,99999,99999,0
sh513130,09:43:59,1769737443394,,0.8898,3.0868,0.74,0.7409,-0.1215,305200,226059,0.7407,0.740,93045500,0.739,138365800,0.738,117134800,0.737,46492600,0.736,31160300,0.741,62277200,0.742,110113200,0.743,81490800,0.744,57520600,0.745,45132000,99999,99999,0
sh513130,09:44:02,1769737445394,,0.8898,2.0913,0.74,0.7409,-0.1215,51000,37779,0.7408,0.740,93457700,0.739,140226600,0.738,117029500,0.737,46504500,0.736,31160300,0.741,63275300,0.742,105198200,0.743,82528900,0.744,57529100,0.745,45137000,99999,99999,0
sh513130,09:44:05,1769737449413,,0.8898,2.317,0.741,0.7416,-0.0809,1029200,761840,0.7402,0.740,93918100,0.739,140709800,0.738,116252800,0.737,46505000,0.736,31165300,0.741,75179100,0.742,104016200,0.743,82167400,0.744,47539100,0.745,45139000,99999,99999,0
sh513130,09:44:08,1769737451409,,0.8898,3.7462,0.741,0.7416,-0.0809,1891700,1400913,0.7406,0.740,94377400,0.739,141577300,0.738,116294800,0.737,46506000,0.736,31179900,0.741,63846100,0.742,102346200,0.743,82438400,0.744,57549100,0.745,45214500,99999,99999,0
sh513130,09:44:05,1769737452419,,0.8898,4.0885,0.741,0.7416,-0.0809,0,0,0.741,0.740,93918100,0.739,140709800,0.738,116252800,0.737,46505000,0.736,31165300,0.741,75179100,0.742,104016200,0.743,82167400,0.744,47539100,0.745,45139000,99999,99999,2
sh513130,09:44:08,1769737453418,,0.8898,4.0159,0.741,0.7416,-0.0809,0,0,0.741,0.740,94377400,0.739,141577300,0.738,116294800,0.737,46506000,0.736,31179900,0.741,63846100,0.742,102346200,0.743,82438400,0.744,57549100,0.745,45214500,99999,99999,0
sh513130,09:44:11,1769737456416,,0.8898,6.9204,0.74,0.7416,-0.2157,1741200,1288735,0.7401,0.740,93248700,0.739,143541200,0.738,116552500,0.737,46517000,0.736,31181900,0.741,44514900,0.742,101679500,0.743,95669800,0.744,57949100,0.745,45559900,99999,99999,0
sh513130,09:44:14,1769737458415,,0.8898,4.9617,0.741,0.7416,-0.0809,36669600,27173189,0.741,0.741,8490300,0.740,95059600,0.739,142108900,0.738,112673200,0.737,41523000,0.742,103691700,0.743,99844500,0.744,59911100,0.745,45612500,0.746,34514800,99999,99999,0
sh513130,09:44:17,1769737460420,,0.8898,4.173,0.741,0.7416,-0.0809,8973000,6648993,0.741,0.740,95310400,0.739,143050900,0.738,113050200,0.737,42401900,0.736,31196600,0.741,36863000,0.742,104114200,0.743,99424100,0.744,64949600,0.745,45622500,99999,99999,0
sh513130,09:44:20,1769737463413,,0.8898,2.8916,0.741,0.7416,-0.0809,794000,588204,0.7408,0.740,95501500,0.739,142748500,0.738,113035200,0.737,43250000,0.736,31214200,0.741,36489700,0.742,104429900,0.743,97220300,0.744,59949600,0.745,45622500,99999,99999,0
sh513130,09:44:17,1769737464421,,0.8898,2.8642,0.741,0.7416,-0.0809,0,0,0.741,0.740,95310400,0.739,143050900,0.738,113050200,0.737,42401900,0.736,31196600,0.741,36863000,0.742,104114200,0.743,99424100,0.744,64949600,0.745,45622500,99999,99999,2
sh513130,09:44:20,1769737465422,,0.8898,2.8532,0.741,0.7416,-0.0809,0,0,0.741,0.740,95501500,0.739,142748500,0.738,113035200,0.737,43250000,0.736,31214200,0.741,36489700,0.742,104429900,0.743,97220300,0.744,59949600,0.745,45622500,99999,99999,0
sh513130,09:44:23,1769737466428,,0.8898,2.6469,0.741,0.7416,-0.0809,1198200,887860,0.741,0.740,96474900,0.739,142837700,0.738,113011000,0.737,44100600,0.736,31259800,0.741,8095000,0.742,104440900,0.743,96226300,0.744,60349600,0.745,45679200,99999,99999,0
sh513130,09:44:26,1769737469433,,0.8898,7.5526,0.741,0.7416,-0.0809,8226800,6096059,0.741,0.741,80563000,0.740,96225000,0.739,136053200,0.738,103112200,0.737,39645300,0.742,109099200,0.743,96526300,0.744,65349600,0.745,45679200,0.746,34514800,99999,99999,0
sh513130,09:44:29,1769737473442,,0.8898,6.3274,0.741,0.7416,-0.0809,558500,414051,0.7414,0.741,60203400,0.740,97421700,0.739,139796200,0.738,111215200,0.737,39719100,0.742,108107500,0.743,97594300,0.744,67331000,0.745,45679200,0.746,34519800,99999,99999,0
sh513130,09:44:32,1769737476443,,0.8898,4.8339,0.742,0.7416,0.0539,478200,354791,0.7419,0.741,54654300,0.740,98476000,0.739,140705500,0.738,107216200,0.737,39997500,0.742,108551200,0.743,97594300,0.744,67331000,0.745,45679400,0.746,34522900,99999,99999,0
sh513130,09:44:35,1769737479446,,0.8898,4.5498,0.742,0.7416,0.0539,352800,261536,0.7413,0.741,60725800,0.740,98332500,0.739,127836700,0.738,87200300,0.737,40017000,0.742,109476400,0.743,97744300,0.744,67331000,0.745,45679300,0.746,34552900,99999,99999,0
sh513130,09:44:38,1769737482446,,0.8898,4.0752,0.742,0.7416,0.0539,208600,154603,0.7411,0.741,61559800,0.740,98538300,0.739,128058600,0.738,88232100,0.737,40042000,0.742,110555200,0.743,98529400,0.744,67445100,0.745,45679300,0.746,34552900,99999,99999,0
sh513130,09:44:41,1769737485439,,0.8898,4.1115,0.742,0.7416,0.0539,506200,375286,0.7414,0.741,78807200,0.740,98623100,0.739,123114300,0.738,80276300,0.737,40275500,0.742,108541500,0.743,100529400,0.744,67445100,0.745,45484300,0.746,34552900,99999,99999,0
sh513130,09:44:44,1769737487442,,0.8898,6.9107,0.741,0.7416,-0.0809,1331500,986814,0.7411,0.741,78410800,0.740,98861200,0.739,123398000,0.738,80317300,0.737,40338500,0.742,110672000,0.743,101528400,0.744,67460100,0.745,45607800,0.746,34572900,99999,99999,0
sh513130,09:44:47,1769737490460,,0.8898,5.6624,0.742,0.7416,0.0539,242900,180190,0.7418,0.741,73677800,0.740,98984600,0.739,128466100,0.738,80326500,0.737,40318500,0.742,111337000,0.743,101588400,0.744,67460100,0.745,45619600,0.746,34573000,99999,99999,0
sh513130,09:44:50,1769737493454,,0.8898,5.1631,0.742,0.7416,0.0539,181800,134864,0.7418,0.741,56857400,0.740,99200600,0.739,128571000,0.738,88353000,0.737,40302300,0.742,111923500,0.743,103187700,0.744,67460100,0.745,45653000,0.746,34631000,99999,99999,0
sh513130,09:44:53,1769737497459,,0.8898,4.9757,0.742,0.7416,0.0539,17500,12985,0.742,0.741,39139800,0.740,99433600,0.739,129748100,0.738,89237000,0.737,40272300,0.742,112011500,0.743,104046000,0.744,67625100,0.745,45673000,0.746,34705100,99999,99999,0
sh513130,09:44:56,1769737500465,,0.8898,3.1404,0.741,0.7416,-0.0809,21289400,15775520,0.741,0.740,99615000,0.739,132028200,0.738,94248500,0.737,40020000,0.736,29242500,0.741,24632000,0.742,113293700,0.743,103075700,0.744,66751900,0.745,45718600,99999,99999,0
sh513130,09:44:59,1769737502457,,0.8898,3.3582,0.742,0.7416,0.0539,13680700,10137391,0.741,0.741,58743500,0.740,100536300,0.739,132451200,0.738,94248500,0.737,42000000,0.742,126072000,0.743,104049100,0.744,65801900,0.745,45718600,0.746,32994200,99999,99999,0
sh513130,09:45:02,1769737507453,,0.8898,2.566,0.741,0.7416,-0.0809,6178000,4577589,0.7409,0.740,100459600,0.739,133547700,0.738,94261300,0.737,42868500,0.736,29286000,0.741,3976300,0.742,124779200,0.743,104960900,0.744,66791900,0.745,45718600,99999,99999,0
sh513130,09:45:05,1769737508465,,0.8898,3.4454,0.742,0.7416,0.0539,4165200,3086578,0.741,0.741,61434300,0.740,101114700,0.739,134139000,0.738,80891300,0.737,42657200,0.742,126403400,0.743,108406900,0.744,66408500,0.745,46704400,0.746,33594200,99999,99999,0
sh513130,09:45:02,1769737509459,,0.8898,3.4842,0.741,0.7416,-0.0809,0,0,0.741,0.740,100459600,0.739,133547700,0.738,94261300,0.737,42868500,0.736,29286000,0.741,3976300,0.742,124779200,0.743,104960900,0.744,66791900,0.745,45718600,99999,99999,2
sh513130,09:45:05,1769737510458,,0.8898,3.4466,0.742,0.7416,0.0539,0,0,0.742,0.741,61434300,0.740,101114700,0.739,134139000,0.738,80891300,0.737,42657200,0.742,126403400,0.743,108406900,0.744,66408500,0.745,46704400,0.746,33594200,99999,99999,0
sh513130,09:45:08,1769737513464,,0.8898,1.073,0.741,0.7416,-0.0809,8388100,6215612,0.741,0.740,101563700,0.739,134165100,0.738,89908300,0.737,42657200,0.736,29962900,0.741,63541800,0.742,112238400,0.743,91554300,0.744,66408800,0.745,46820400,99999,99999,0
sh513130,09:45:11,1769737514456,,0.8898,1.6447,0.74,0.7417,-0.2292,396000,293404,0.7409,0.740,101934000,0.739,134188900,0.738,95022600,0.737,43499400,0.736,29965900,0.741,40108100,0.742,112138400,0.743,92297300,0.744,66405800,0.745,46820400,99999,99999,0
sh513130,09:45:08,1769737515453,,0.8898,1.5397,0.741,0.7416,-0.0809,0,0,0.741,0.740,101563700,0.739,134165100,0.738,89908300,0.737,42657200,0.736,29962900,0.741,63541800,0.742,112238400,0.743,91554300,0.744,66408800,0.745,46820400,99999,99999,2
sh513130,09:45:11,1769737516464,,0.8898,1.9774,0.74,0.7417,-0.2292,0,0,0.74,0.740,101934000,0.739,134188900,0.738,95022600,0.737,43499400,0.736,29965900,0.741,40108100,0.742,112138400,0.743,92297300,0.744,66405800,0.745,46820400,99999,99999,0
sh513130,09:45:14,1769737518460,,0.8898,2.3765,0.74,0.7416,-0.2157,230700,170942,0.741,0.740,101367900,0.739,134324800,0.738,96018600,0.737,44375000,0.736,29965900,0.741,56090700,0.742,111551800,0.743,92286300,0.744,66405800,0.745,46892500,99999,99999,0
sh513130,09:45:17,1769737521459,,0.8898,3.9823,0.74,0.7416,-0.2157,116600,86293,0.7401,0.740,101343800,0.739,134549700,0.738,96990300,0.737,45220200,0.736,32017900,0.741,64356800,0.742,111757500,0.743,92336300,0.744,61461100,0.745,46902500,99999,99999,0
sh513130,09:45:20,1769737523457,,0.8898,1.1379,0.741,0.7416,-0.0809,144100,106760,0.7409,0.740,101547100,0.739,134633200,0.738,97039800,0.737,46065300,0.736,32027900,0.741,65204500,0.742,112107400,0.743,92341300,0.744,61456100,0.745,46942500,99999,99999,0
sh513130,09:45:23,1769737526463,,0.8898,1.8988,0.741,0.7416,-0.0809,86400,63980,0.7405,0.740,102982400,0.739,134573500,0.738,97280200,0.737,46914400,0.736,32028900,0.741,66063000,0.742,112171000,0.743,92461300,0.744,61489200,0.745,46942500,99999,99999,0
sh513130,09:45:26,1769737529460,,0.8898,1.9721,0.74,0.7417,-0.2292,338700,250730,0.7403,0.740,104004700,0.739,134705800,0.738,96321200,0.737,47784600,0.736,32028900,0.741,66806100,0.742,112747600,0.743,93516700,0.744,61518200,0.745,46957000,99999,99999,0
sh513130,09:45:29,1769737533467,,0.8898,6.0217,0.74,0.7416,-0.2157,175700,130159,0.7408,0.740,103084000,0.739,134836700,0.738,97601500,0.737,47848100,0.736,32002100,0.741,93006700,0.742,112859800,0.743,77526700,0.744,51622900,0.745,47120300,99999,99999,0
sh513130,09:45:32,1769737535470,,0.8898,3.6099,0.741,0.7416,-0.0809,1052100,778575,0.74,0.740,103055700,0.739,134842000,0.738,97525500,0.737,47868100,0.736,32027200,0.741,94834100,0.742,113851500,0.743,77517700,0.744,51622900,0.745,47281200,99999,99999,0
sh513130,09:45:35,1769737538477,,0.8898,3.3138,0.741,0.7417,-0.0944,65800,48744,0.7408,0.740,103144000,0.739,135193900,0.738,97863300,0.737,48868100,0.736,32028000,0.741,96179600,0.742,113205900,0.743,77527700,0.744,51622900,0.745,47401500,99999,99999,0
sh513130,09:45:38,1769737541473,,0.8898,5.3674,0.74,0.7417,-0.2292,324400,240148,0.7403,0.740,97409500,0.739,148651000,0.738,121664400,0.737,48904400,0.736,32029000,0.741,97506000,0.742,113652000,0.743,77505400,0.744,51622900,0.745,47431600,99999,99999,0
sh513130,09:45:41,1769737545482,,0.8898,5.975,0.741,0.741,0.0,1121400,829867,0.74,0.740,74913200,0.739,148662400,0.738,121715200,0.737,56904400,0.736,32054000,0.741,98342300,0.742,113709500,0.743,77562200,0.744,51652900,0.745,47174800,99999,99999,0
sh513130,09:45:44,1769737548469,,0.8898,4.9794,0.741,0.741,0.0,844500,625408,0.7406,0.740,79220700,0.739,148729700,0.738,123025400,0.737,56914900,0.736,32140600,0.741,99106600,0.742,113731800,0.743,77482800,0.744,51652900,0.745,47284800,99999,99999,0
sh513130,09:45:47,1769737550483,,0.8898,5.1088,0.74,0.741,-0.135,293000,216937,0.7404,0.740,84040300,0.739,148764500,0.738,122785900,0.737,56904800,0.736,32153600,0.741,100849800,0.742,113790400,0.743,76777000,0.744,51652900,0.745,47352500,99999,99999,0
sh513130,09:45:50,1769737553488,,0.8898,4.6477,0.741,0.741,0.0,754600,558985,0.7408,0.740,93430000,0.739,147891500,0.738,122867100,0.737,48904800,0.736,32754200,0.741,104306400,0.742,113802000,0.743,76777000,0.744,51639600,0.745,47366000,99999,99999,0
sh513130,09:45:53,1769737558486,,0.8898,3.2416,0.741,0.741,0.0,797800,590906,0.7407,0.740,37178400,0.739,148047600,0.738,125287100,0.737,58356000,0.736,32780500,0.741,105771400,0.742,113138900,0.743,76720300,0.744,51639600,0.745,47366000,99999,99999,0
sh513130,09:45:56,1769737559491,,0.8898,1.9331,0.74,0.741,-0.135,30928900,22887424,0.74,0.740,3636400,0.739,148153100,0.738,125135500,0.737,63356000,0.736,32900500,0.741,105604800,0.742,111608500,0.743,75043800,0.744,51639600,0.745,47366000,99999,99999,0
sh513130,09:45:53,1769737560496,,0.8898,2.4711,0.741,0.741,0.0,0,0,0.741,0.740,37178400,0.739,148047600,0.738,125287100,0.737,58356000,0.736,32780500,0.741,105771400,0.742,113138900,0.743,76720300,0.744,51639600,0.745,47366000,99999,99999,2
sh513130,09:45:56,1769737561500,,0.8898,2.4282,0.74,0.741,-0.135,0,0,0.74,0.740,3636400,0.739,148153100,0.738,125135500,0.737,63356000,0.736,32900500,0.741,105604800,0.742,111608500,0.743,75043800,0.744,51639600,0.745,47366000,99999,99999,0
sh513130,09:45:59,1769737562507,,0.8898,3.1391,0.741,0.741,0.0,996100,737202,0.7401,0.740,29420200,0.739,148539000,0.738,125221200,0.737,63356300,0.736,32940500,0.741,107449000,0.742,111690700,0.743,74053800,0.744,51639600,0.745,47366000,99999,99999,0
sh513130,09:46:02,1769737566508,,0.8898,3.0027,0.74,0.741,-0.135,46800,34651,0.7404,0.740,76674700,0.739,148559200,0.738,119956700,0.737,54375800,0.736,32945500,0.741,82367900,0.742,110736300,0.743,90882200,0.744,61639600,0.745,47422700,99999,99999,0
sh513130,09:46:05,1769737569504,,0.8898,3.0366,0.741,0.741,0.0,1115800,825808,0.7401,0.740,80632800,0.739,148647400,0.738,119010300,0.737,49380800,0.736,33145500,0.741,106092800,0.742,110736300,0.743,77710600,0.744,51639600,0.745,47422700,99999,99999,0
sh513130,09:46:08,1769737571509,,0.8898,2.0882,0.74,0.741,-0.135,360000,266461,0.7402,0.740,75692100,0.739,148689600,0.738,125514200,0.737,49381800,0.736,33205500,0.741,107325700,0.742,111896200,0.743,77559000,0.744,51632400,0.745,47442700,99999,99999,0
sh513130,09:46:11,1769737575501,,0.8898,3.0086,0.74,0.741,-0.135,477000,353208,0.7405,0.740,38133100,0.739,148967100,0.738,125623800,0.737,58396800,0.736,33210500,0.741,108628500,0.742,111942400,0.743,79187700,0.744,51632400,0.745,47334200,99999,99999,0
sh513130,09:46:14,1769737577511,,0.8898,3.8332,0.74,0.741,-0.135,273400,202484,0.7406,0.740,35975400,0.739,149057500,0.738,125547800,0.737,58641100,0.736,33242500,0.741,109608100,0.742,111942400,0.743,79194900,0.744,51682400,0.745,47334200,99999,99999,0
sh513130,09:46:17,1769737581508,,0.8898,3.1847,0.741,0.741,0.0,870700,644359,0.74,0.740,32993200,0.739,149051000,0.738,125714600,0.737,58641100,0.736,33257500,0.741,112398100,0.742,111990500,0.743,79221400,0.744,51682400,0.745,47354200,99999,99999,0
sh513130,09:46:20,1769737584512,,0.8898,6.1885,0.74,0.741,-0.135,5613100,4153709,0.74,0.740,4999400,0.739,149295300,0.738,125731600,0.737,63831700,0.736,33264000,0.741,113364800,0.742,107088500,0.743,73251000,0.744,51718200,0.745,49314200,99999,99999,0
sh513130,09:46:23,1769737587501,,0.8898,7.722,0.74,0.741,-0.135,545000,403344,0.7401,0.740,76332000,0.739,149695800,0.738,125707600,0.737,54848700,0.736,33273400,0.741,112348500,0.742,107839700,0.743,74241100,0.744,51718200,0.745,49329700,99999,99999,0
sh513130,09:46:26,1769737590526,,0.8898,5.9467,0.74,0.741,-0.135,862800,638516,0.7401,0.740,86256000,0.739,149563700,0.738,120668700,0.737,49849700,0.736,33335400,0.741,112284000,0.742,107770600,0.743,74421100,0.744,51718300,0.745,49329700,99999,99999,0
sh513130,09:46:29,1769737592523,,0.8898,6.8089,0.741,0.741,0.0,1151300,852049,0.7401,0.740,80916100,0.739,150092600,0.738,125706700,0.737,49853000,0.736,33306300,0.741,112171300,0.742,108592600,0.743,74421100,0.744,51718300,0.745,49364000,99999,99999,0
sh513130,09:46:32,1769737596521,,0.8898,4.9776,0.74,0.741,-0.135,936700,693158,0.74,0.740,15541000,0.739,150354500,0.738,125731100,0.737,58855000,0.736,33342700,0.741,112127600,0.742,110858900,0.743,75281000,0.744,51754500,0.745,49378400,99999,99999,0
sh513130,09:46:35,1769737599522,,0.8898,2.8767,0.741,0.741,0.0,833000,616472,0.7401,0.740,79009900,0.739,150694500,0.738,126007500,0.737,50865600,0.736,33354700,0.741,112728800,0.742,109040100,0.743,75281000,0.744,51830000,0.745,49388400,99999,99999,0
sh513130,09:46:38,1769737602522,,0.8898,2.4493,0.74,0.741,-0.135,1046700,774591,0.74,0.740,35828000,0.739,151003500,0.738,126088900,0.737,58865600,0.736,33366700,0.741,112687200,0.742,108172800,0.743,75281000,0.744,51830000,0.745,49380500,99999,99999,0
sh513130,09:46:41,1769737605516,,0.8898,1.2762,0.74,0.741,-0.135,1124300,832155,0.7402,0.740,7882100,0.739,142018600,0.738,126130800,0.737,63874400,0.736,33366700,0.741,113130700,0.742,107442100,0.743,75281000,0.744,51831000,0.745,49380500,99999,99999,0
sh513130,09:46:44,1769737607516,,0.8898,1.8711,0.74,0.741,-0.135,8277700,6125487,0.74,0.739,145213900,0.738,127180800,0.737,63932400,0.736,33397700,0.735,34091600,0.740,53669800,0.741,95302400,0.742,91629400,0.743,70477600,0.744,51831000,99999,99999,0
sh513130,09:46:47,1769737610525,,0.8898,2.7462,0.74,0.741,-0.135,466700,345251,0.7398,0.739,143469700,0.738,127214400,0.737,66767600,0.736,33408700,0.735,36121900,0.740,57293900,0.741,95336400,0.742,91329400,0.743,65477600,0.744,51831000,99999,99999,0
sh513130,09:46:50,1769737613530,,0.8898,3.3172,0.739,0.7403,-0.1756,162400,120145,0.7398,0.739,143418000,0.738,127219400,0.737,67637800,0.736,33433700,0.735,36132700,0.740,84688300,0.741,95831400,0.742,76329400,0.743,55477600,0.744,51831000,99999,99999,0
sh513130,09:46:53,1769737617541,,0.8898,3.8839,0.74,0.7403,-0.0405,608800,450422,0.7399,0.739,143541000,0.738,127391800,0.737,67947800,0.736,33447500,0.735,36134700,0.740,85134800,0.741,95827700,0.742,75359400,0.743,55477600,0.744,51890500,99999,99999,0
sh513130,09:46:56,1769737620546,,0.8898,2.2469,0.739,0.7403,-0.1756,455900,336944,0.7391,0.739,143459600,0.738,127389100,0.737,68913000,0.736,33477600,0.735,36134700,0.740,68375800,0.741,97022100,0.742,75379400,0.743,55477600,0.744,51890500,99999,99999,0
sh513130,09:46:59,1769737622557,,0.8898,2.9122,0.739,0.7403,-0.1756,173700,128409,0.7393,0.739,143744400,0.738,127358900,0.737,69761000,0.736,33474600,0.735,36461200,0.740,38361200,0.741,97022100,0.742,90379400,0.743,65477600,0.744,51890500,99999,99999,0
sh513130,09:47:02,1769737625540,,0.8898,3.618,0.74,0.7403,-0.0405,1074600,794808,0.7396,0.739,143433400,0.738,127422900,0.737,70631300,0.736,33506600,0.735,36819100,0.740,54454900,0.741,97047100,0.742,91337600,0.743,65477600,0.744,51890500,99999,99999,0
sh513130,09:47:05,1769737629533,,0.8898,2.8367,0.739,0.7397,-0.0946,177300,131102,0.7394,0.739,144865600,0.738,127863500,0.737,70354500,0.736,33516900,0.735,36869100,0.740,58078000,0.741,97161400,0.742,91327600,0.743,64956600,0.744,51890500,99999,99999,0
sh513130,09:47:08,1769737631539,,0.8898,2.8156,0.74,0.7397,0.0406,187500,138702,0.7397,0.739,145223000,0.738,128011300,0.737,71374500,0.736,34377200,0.735,36895100,0.740,85184700,0.741,97062900,0.742,76291600,0.743,54718100,0.744,51890500,99999,99999,0
sh513130,09:47:11,1769737634539,,0.8898,1.9819,0.74,0.7403,-0.0405,394900,292019,0.7395,0.739,145031300,0.738,128209900,0.737,71332500,0.736,35366500,0.735,36918600,0.740,88415100,0.741,97164500,0.742,75161600,0.743,54718100,0.744,51902500,99999,99999,0
sh513130,09:47:14,1769737639544,,0.8898,1.4321,0.74,0.7404,-0.054,119800,88597,0.7395,0.739,145231300,0.738,128302900,0.737,71398300,0.736,35773700,0.735,37028900,0.740,88752500,0.741,97060000,0.742,75161600,0.743,54723100,0.744,51902500,99999,99999,0
sh513130,09:47:17,1769737641539,,0.8898,3.8634,0.739,0.7404,-0.1891,567000,419324,0.7395,0.739,140299100,0.738,129361000,0.737,89536000,0.736,36621500,0.735,37038900,0.740,88834400,0.741,97093600,0.742,75156400,0.743,54723100,0.744,51982200,99999,99999,0
