symbol,tx_server_time,tx_local_time,bd_server_time,bd_local_time,price,iopv,premium_rate,index_price,fx_rate,sentiment,tick_vol,tick_amt,tick_vwap,interval_s,bp1,bv1,bp2,bv2,bp3,bv3,bp4,bv4,bp5,bv5,sp1,sv1,sp2,sv2,sp3,sv3,sp4,sv4,sp5,sv5
sh513130,09:31:28,1764639092081,,0,0.745,0.7441,0.121,0.0,0.9075,0.0,0,0,0.745,0.0,0.745,25623000,0.744,65947800,0.743,69667100,0.742,45183000,0.741,21971100,0.746,48202900,0.747,74465400,0.748,52895300,0.749,49608200,0.75,53105500
sh513130,09:31:31,1764639092811,,0,0.744,0.7448,-0.1074,0.0,0.9075,0.2117,12314600,9174410,0.745,0.73,0.744,53933400,0.743,70451200,0.742,57186600,0.741,21992100,0.74,36092700,0.745,32425600,0.746,48176300,0.747,74292400,0.748,53022200,0.749,49710700
sh513130,09:31:31,1764639094544,,0,0.744,0.7448,-0.1074,0.0,0.9075,1.3019,0,0,0.744,1.733,0.744,53933400,0.743,70451200,0.742,57186600,0.741,21992100,0.74,36092700,0.745,32425600,0.746,48176300,0.747,74292400,0.748,53022200,0.749,49710700
sh513130,09:31:43,1764639106532,,0,0.744,0.7441,-0.0134,0.0,0.9075,0.0,0,0,0.744,0.0,0.744,45287000,0.743,69991600,0.742,62552200,0.741,31151000,0.74,36408300,0.745,47548400,0.746,54453100,0.747,73474500,0.748,40325800,0.749,48155000
sh513130,09:31:43,1764639107907,,0,0.744,0.7441,-0.0134,0.0,0.9075,1.1858,0,0,0.744,1.375,0.744,45287000,0.743,69991600,0.742,62552200,0.741,31151000,0.74,36408300,0.745,47548400,0.746,54453100,0.747,73474500,0.748,40325800,0.749,48155000
sh513130,09:31:46,1764639108531,,0,0.744,0.7441,-0.0134,0.0,0.9075,2.7413,1220100,907863,0.7441,0.624,0.744,36516300,0.743,78789600,0.742,63420500,0.741,32307200,0.74,36408300,0.745,48531500,0.746,50571400,0.747,73591800,0.748,40436500,0.749,49682700
sh513130,09:31:46,1764639109761,,0,0.744,0.7441,-0.0134,0.0,0.9075,2.0893,0,0,0.744,1.23,0.744,36516300,0.743,78789600,0.742,63420500,0.741,32307200,0.74,36408300,0.745,48531500,0.746,50571400,0.747,73591800,0.748,40436500,0.749,49682700
sh513130,09:31:46,1764639111928,,0,0.744,0.7441,-0.0134,0.0,0.9075,5.691,0,0,0.744,2.167,0.744,36516300,0.743,78789600,0.742,63420500,0.741,32307200,0.74,36408300,0.745,48531500,0.746,50571400,0.747,73591800,0.748,40436500,0.749,49682700
sh513130,09:31:49,1764639113048,,0,0.744,0.7441,-0.0134,0.0,0.9075,4.4346,879900,654649,0.744,1.12,0.744,36545800,0.743,78101200,0.742,65310500,0.741,32956100,0.74,36840800,0.745,52978400,0.746,50453900,0.747,73424100,0.748,40387500,0.749,49916000
sh513130,09:31:49,1764639113708,,0,0.744,0.7441,-0.0134,0.0,0.9075,4.4346,0,0,0.744,0.661,0.744,36545800,0.743,78101200,0.742,65310500,0.741,32956100,0.74,36840800,0.745,52978400,0.746,50453900,0.747,73424100,0.748,40387500,0.749,49916000
sh513130,09:31:52,1764639114640,,0,0.744,0.7441,-0.0134,0.0,0.9075,2.3752,289400,215315,0.744,0.931,0.744,44502600,0.743,70611500,0.742,65610100,0.741,33013000,0.74,36850800,0.745,50465900,0.746,50441300,0.747,72327800,0.748,40687800,0.749,50087700
sh513130,09:31:52,1764639115328,,0,0.744,0.7441,-0.0134,0.0,0.9075,1.9496,0,0,0.744,0.688,0.744,44502600,0.743,70611500,0.742,65610100,0.741,33013000,0.74,36850800,0.745,50465900,0.746,50441300,0.747,72327800,0.748,40687800,0.749,50087700
sh513130,09:31:52,1764639116224,09:32:54,1764639115584,0.744,0.7441,-0.0134,5662.12,0.9075,2.7982,0,0,0.744,0.896,0.744,44502600,0.743,70611500,0.742,65610100,0.741,33013000,0.74,36850800,0.745,50465900,0.746,50441300,0.747,72327800,0.748,40687800,0.749,50087700
sh513130,09:31:55,1764639117178,09:32:56,1764639116468,0.744,0.7441,-0.0134,5663.56,0.9075,1.7185,395000,293880,0.744,0.954,0.744,44650500,0.743,70617900,0.742,65428400,0.741,35613000,0.74,36939500,0.745,51335700,0.746,49376600,0.747,71317800,0.748,40807700,0.749,50088900
sh513130,09:31:55,1764639118089,09:32:56,1764639117686,0.744,0.7441,-0.0134,5663.56,0.9075,4.8753,0,0,0.744,0.911,0.744,44650500,0.743,70617900,0.742,65428400,0.741,35613000,0.74,36939500,0.745,51335700,0.746,49376600,0.747,71317800,0.748,40807700,0.749,50088900
sh513130,09:31:55,1764639119089,09:32:58,1764639118488,0.744,0.7441,-0.0134,5664.13,0.9075,4.9523,0,0,0.744,1.001,0.744,44650500,0.743,70617900,0.742,65428400,0.741,35613000,0.74,36939500,0.745,51335700,0.746,49376600,0.747,71317800,0.748,40807700,0.749,50088900
sh513130,09:31:55,1764639120099,09:32:58,1764639119821,0.744,0.7441,-0.0134,5664.13,0.9075,4.4518,0,0,0.744,1.01,0.744,44650500,0.743,70617900,0.742,65428400,0.741,35613000,0.74,36939500,0.745,51335700,0.746,49376600,0.747,71317800,0.748,40807700,0.749,50088900
sh513130,09:31:58,1764639121089,09:33:00,1764639120508,0.744,0.7441,-0.0134,5664.09,0.9075,2.251,166000,123524,0.7441,0.99,0.744,47167800,0.743,70617900,0.742,67710200,0.741,35637700,0.74,36855400,0.745,52601100,0.746,40353200,0.747,73122800,0.748,54969600,0.749,50308900
sh513130,09:31:58,1764639122100,09:33:00,1764639121974,0.744,0.7441,-0.0134,5664.09,0.9075,2.142,0,0,0.744,1.011,0.744,47167800,0.743,70617900,0.742,67710200,0.741,35637700,0.74,36855400,0.745,52601100,0.746,40353200,0.747,73122800,0.748,54969600,0.749,50308900
sh513130,09:31:58,1764639123127,09:33:02,1764639122509,0.744,0.7441,-0.0134,5664.16,0.9075,3.078,0,0,0.744,1.027,0.744,47167800,0.743,70617900,0.742,67710200,0.741,35637700,0.74,36855400,0.745,52601100,0.746,40353200,0.747,73122800,0.748,54969600,0.749,50308900
sh513130,09:32:01,1764639124110,09:33:02,1764639122509,0.744,0.7441,-0.0134,5664.16,0.9075,4.0999,1519800,1130932,0.7441,0.983,0.744,46891300,0.743,70782000,0.742,68568500,0.741,35920000,0.74,36778800,0.745,56395500,0.746,49998900,0.747,73082300,0.748,44255400,0.749,50355500
sh513130,09:32:01,1764639125106,09:33:04,1764639124524,0.744,0.7441,-0.0134,5662.8,0.9075,3.3658,0,0,0.744,0.996,0.744,46891300,0.743,70782000,0.742,68568500,0.741,35920000,0.74,36778800,0.745,56395500,0.746,49998900,0.747,73082300,0.748,44255400,0.749,50355500
sh513130,09:32:01,1764639127140,09:33:04,1764639127138,0.744,0.7441,-0.0134,5662.8,0.9075,3.2682,0,0,0.744,2.033,0.744,46891300,0.743,70782000,0.742,68568500,0.741,35920000,0.74,36778800,0.745,56395500,0.746,49998900,0.747,73082300,0.748,44255400,0.749,50355500
sh513130,09:32:04,1764639127318,09:33:06,1764639127284,0.744,0.7441,-0.0134,5664.96,0.9075,3.3347,1564000,1164184,0.7444,0.178,0.744,46935500,0.743,72313300,0.742,68582500,0.741,35921000,0.74,36755000,0.745,53530700,0.746,38501900,0.747,73699700,0.748,56007100,0.749,50365500
sh513130,09:32:04,1764639128973,09:33:06,1764639127284,0.744,0.7441,-0.0134,5664.96,0.9075,5.9774,0,0,0.744,1.656,0.744,46935500,0.743,72313300,0.742,68582500,0.741,35921000,0.74,36755000,0.745,53530700,0.746,38501900,0.747,73699700,0.748,56007100,0.749,50365500
sh513130,09:32:07,1764639129195,09:33:08,1764639129022,0.745,0.7441,0.121,5666.37,0.9075,5.9847,15128300,11270123,0.745,0.221,0.745,25155000,0.744,65124700,0.743,74138000,0.742,47499500,0.741,28561000,0.746,45740900,0.747,72724700,0.748,57033700,0.749,50526500,0.75,53762100
sh513130,09:32:07,1764639130209,09:33:08,1764639129022,0.745,0.7441,0.121,5666.37,0.9075,6.2585,0,0,0.745,1.015,0.745,25155000,0.744,65124700,0.743,74138000,0.742,47499500,0.741,28561000,0.746,45740900,0.747,72724700,0.748,57033700,0.749,50526500,0.75,53762100
sh513130,09:32:07,1764639131187,09:33:10,1764639130569,0.745,0.7441,0.121,5666.79,0.9075,5.373,0,0,0.745,0.977,0.745,25155000,0.744,65124700,0.743,74138000,0.742,47499500,0.741,28561000,0.746,45740900,0.747,72724700,0.748,57033700,0.749,50526500,0.75,53762100
sh513130,09:32:07,1764639132195,09:33:10,1764639130569,0.745,0.7441,0.121,5666.79,0.9075,4.7446,0,0,0.745,1.009,0.745,25155000,0.744,65124700,0.743,74138000,0.742,47499500,0.741,28561000,0.746,45740900,0.747,72724700,0.748,57033700,0.749,50526500,0.75,53762100
sh513130,09:32:10,1764639133211,09:33:12,1764639132723,0.745,0.7441,0.121,5666.9,0.9075,4.6057,6700200,4991649,0.745,1.016,0.745,25450500,0.744,66561900,0.743,74149100,0.742,49743600,0.741,28561000,0.746,46378300,0.747,73728000,0.748,57067200,0.749,50512800,0.75,54239700
sh513130,09:32:10,1764639134194,09:33:12,1764639132723,0.745,0.7441,0.121,5666.9,0.9075,4.4072,0,0,0.745,0.982,0.745,25450500,0.744,66561900,0.743,74149100,0.742,49743600,0.741,28561000,0.746,46378300,0.747,73728000,0.748,57067200,0.749,50512800,0.75,54239700
sh513130,09:32:13,1764639135182,09:33:14,1764639134874,0.745,0.7454,-0.0537,5667.33,0.9075,4.6342,3638900,2710206,0.7448,0.988,0.744,66260600,0.743,73203900,0.742,49759700,0.741,28561000,0.74,36899100,0.745,946400,0.746,44475200,0.747,73790200,0.748,57111900,0.749,50558800
sh513130,09:32:13,1764639137765,09:33:14,1764639134874,0.745,0.7454,-0.0537,5667.33,0.9075,4.2094,0,0,0.745,2.583,0.744,66260600,0.743,73203900,0.742,49759700,0.741,28561000,0.74,36899100,0.745,946400,0.746,44475200,0.747,73790200,0.748,57111900,0.749,50558800
sh513130,09:32:13,1764639139097,09:33:16,1764639138985,0.745,0.7454,-0.0537,5667.83,0.9075,3.1228,0,0,0.745,1.332,0.744,66260600,0.743,73203900,0.742,49759700,0.741,28561000,0.74,36899100,0.745,946400,0.746,44475200,0.747,73790200,0.748,57111900,0.749,50558800
sh513130,09:32:16,1764639140797,09:33:18,1764639139203,0.745,0.7454,-0.0537,5667.69,0.9075,3.1228,3986100,2969611,0.745,1.701,0.744,67294200,0.743,74527000,0.742,49771500,0.741,29061000,0.74,36909100,0.745,15370200,0.746,44556400,0.747,73586800,0.748,57482200,0.749,50636100
sh513130,09:32:19,1764639141331,09:33:20,1764639141251,0.745,0.7454,-0.0537,5668.19,0.9075,2.4598,15580900,11607831,0.745,0.533,0.745,29347000,0.744,68086300,0.743,75136100,0.742,49771500,0.741,29109000,0.746,44937000,0.747,73777300,0.748,57501500,0.749,50842500,0.75,54284900
sh513130,09:32:19,1764639143191,09:33:20,1764639142739,0.745,0.7454,-0.0537,5668.19,0.9075,4.2855,0,0,0.745,1.861,0.745,29347000,0.744,68086300,0.743,75136100,0.742,49771500,0.741,29109000,0.746,44937000,0.747,73777300,0.748,57501500,0.749,50842500,0.75,54284900
sh513130,09:32:19,1764639145728,09:33:22,1764639143337,0.745,0.7454,-0.0537,5669.03,0.9075,3.5871,0,0,0.745,2.537,0.745,29347000,0.744,68086300,0.743,75136100,0.742,49771500,0.741,29109000,0.746,44937000,0.747,73777300,0.748,57501500,0.749,50842500,0.75,54284900
sh513130,09:32:22,1764639146005,09:33:24,1764639145884,0.745,0.7454,-0.0537,5668.58,0.9075,3.3995,1598200,1190797,0.7451,0.277,0.745,31451600,0.744,69339100,0.743,75011500,0.742,49891700,0.741,29153200,0.746,43944300,0.747,73873500,0.748,57519600,0.749,50858400,0.75,54383300
sh513130,09:32:22,1764639146914,09:33:26,1764639146756,0.745,0.7454,-0.0537,5669.01,0.9075,2.9905,0,0,0.745,0.909,0.745,31451600,0.744,69339100,0.743,75011500,0.742,49891700,0.741,29153200,0.746,43944300,0.747,73873500,0.748,57519600,0.749,50858400,0.75,54383300
sh513130,09:32:25,1764639150081,09:33:26,1764639146756,0.745,0.7454,-0.0537,5669.01,0.9075,3.1487,880800,656241,0.7451,3.167,0.745,40248000,0.744,62000700,0.743,75236500,0.742,49924700,0.741,29153300,0.746,43917400,0.747,73887300,0.748,57905500,0.749,53007500,0.75,54350400
sh513130,09:32:28,1764639151050,09:33:28,1764639150652,0.746,0.7454,0.0805,5668.73,0.9075,2.5849,326200,243041,0.7451,0.969,0.745,38304800,0.744,71921300,0.743,75736500,0.742,49731600,0.741,29153400,0.746,45527600,0.747,73993200,0.748,57913500,0.749,51154400,0.75,54635900
sh513130,09:32:28,1764639152418,09:33:30,1764639151822,0.746,0.7454,0.0805,5669.16,0.9075,3.9474,0,0,0.746,1.368,0.745,38304800,0.744,71921300,0.743,75736500,0.742,49731600,0.741,29153400,0.746,45527600,0.747,73993200,0.748,57913500,0.749,51154400,0.75,54635900
sh513130,09:32:28,1764639153708,09:33:32,1764639153707,0.746,0.7454,0.0805,5669.66,0.9075,3.2546,0,0,0.746,1.29,0.745,38304800,0.744,71921300,0.743,75736500,0.742,49731600,0.741,29153400,0.746,45527600,0.747,73993200,0.748,57913500,0.749,51154400,0.75,54635900
sh513130,09:32:31,1764639154989,09:33:32,1764639153953,0.745,0.7454,-0.0537,5669.66,0.9075,6.2418,438600,326977,0.7455,1.281,0.745,45469700,0.744,63608700,0.743,75207500,0.742,49761600,0.741,29347400,0.746,42570500,0.747,62199800,0.748,58638000,0.749,65325500,0.75,54744100
sh513130,09:32:31,1764639156509,09:33:34,1764639155618,0.745,0.7454,-0.0537,5669.79,0.9075,5.7542,0,0,0.745,1.52,0.745,45469700,0.744,63608700,0.743,75207500,0.742,49761600,0.741,29347400,0.746,42570500,0.747,62199800,0.748,58638000,0.749,65325500,0.75,54744100
sh513130,09:32:31,1764639157751,09:33:36,1764639157718,0.745,0.7454,-0.0537,5669.8,0.9075,3.3374,0,0,0.745,1.242,0.745,45469700,0.744,63608700,0.743,75207500,0.742,49761600,0.741,29347400,0.746,42570500,0.747,62199800,0.748,58638000,0.749,65325500,0.75,54744100
sh513130,09:32:34,1764639158051,09:33:36,1764639157718,0.746,0.7454,0.0805,5669.8,0.9075,2.9806,103500,77188,0.7458,0.3,0.745,47377600,0.744,65440200,0.743,72877500,0.742,49397900,0.741,29456300,0.746,45172500,0.747,74201400,0.748,58645300,0.749,53353900,0.75,54747400
sh513130,09:32:34,1764639163018,09:33:38,1764639162447,0.746,0.7454,0.0805,5671.41,0.9075,3.8896,0,0,0.746,4.966,0.745,47377600,0.744,65440200,0.743,72877500,0.742,49397900,0.741,29456300,0.746,45172500,0.747,74201400,0.748,58645300,0.749,53353900,0.75,54747400
sh513130,09:32:40,1764639166599,09:33:42,1764639166499,0.746,0.7461,-0.0134,5670.9,0.9075,3.7716,1424900,1061843,0.7452,3.581,0.745,47467400,0.744,67485700,0.743,72887800,0.742,48998400,0.741,29457300,0.746,43087400,0.747,62133700,0.748,58874200,0.749,65578300,0.75,54957400
sh513130,09:32:43,1764639167459,09:33:46,1764639167314,0.745,0.7461,-0.1474,5672.01,0.9075,7.0743,268700,200190,0.745,0.86,0.745,48016600,0.744,66304800,0.743,72816600,0.742,48998400,0.741,29457300,0.746,43950700,0.747,62582500,0.748,58833400,0.749,66154600,0.75,54979700
sh513130,09:32:43,1764639168548,09:33:46,1764639168098,0.745,0.7461,-0.1474,5672.01,0.9075,6.3,0,0,0.745,1.089,0.745,48016600,0.744,66304800,0.743,72816600,0.742,48998400,0.741,29457300,0.746,43950700,0.747,62582500,0.748,58833400,0.749,66154600,0.75,54979700
sh513130,09:32:46,1764639169938,09:33:48,1764639169853,0.745,0.7461,-0.1474,5671.4,0.9075,6.0711,115200,85891,0.7456,1.39,0.745,49549800,0.744,66982800,0.743,72565600,0.742,48998400,0.741,29458300,0.746,47792200,0.747,74644200,0.748,59901500,0.749,55361400,0.75,54546600
sh513130,09:32:46,1764639171364,09:33:48,1764639171039,0.745,0.7461,-0.1474,5671.4,0.9075,6.0852,0,0,0.745,1.426,0.745,49549800,0.744,66982800,0.743,72565600,0.742,48998400,0.741,29458300,0.746,47792200,0.747,74644200,0.748,59901500,0.749,55361400,0.75,54546600
sh513130,09:32:49,1764639172075,09:33:50,1764639171716,0.745,0.746,-0.134,5672.78,0.9075,4.8875,639500,476832,0.7456,0.711,0.745,52736300,0.744,68291700,0.743,73328300,0.742,47000400,0.741,29458300,0.746,37134100,0.747,69547100,0.748,60072500,0.749,68461100,0.75,54631700
sh513130,09:32:49,1764639172653,09:33:52,1764639172652,0.745,0.746,-0.134,5671.07,0.9075,4.5155,0,0,0.745,0.578,0.745,52736300,0.744,68291700,0.743,73328300,0.742,47000400,0.741,29458300,0.746,37134100,0.747,69547100,0.748,60072500,0.749,68461100,0.75,54631700
sh513130,09:32:49,1764639173409,09:33:52,1764639172652,0.745,0.746,-0.134,5671.07,0.9075,4.1626,0,0,0.745,0.756,0.745,52736300,0.744,68291700,0.743,73328300,0.742,47000400,0.741,29458300,0.746,37134100,0.747,69547100,0.748,60072500,0.749,68461100,0.75,54631700
sh513130,09:32:52,1764639174431,09:33:54,1764639174429,0.745,0.746,-0.134,5670.26,0.9075,1.929,200400,149431,0.7457,1.023,0.745,52734000,0.744,67541900,0.743,74212700,0.742,49005300,0.741,29288300,0.746,49831200,0.747,74205900,0.748,60207300,0.749,54496200,0.75,54702600
sh513130,09:32:52,1764639175413,09:33:54,1764639174440,0.745,0.746,-0.134,5670.26,0.9075,1.7865,0,0,0.745,0.982,0.745,52734000,0.744,67541900,0.743,74212700,0.742,49005300,0.741,29288300,0.746,49831200,0.747,74205900,0.748,60207300,0.749,54496200,0.75,54702600
sh513130,09:32:52,1764639176409,09:33:56,1764639176391,0.745,0.746,-0.134,5669.17,0.9075,2.4933,0,0,0.745,0.996,0.745,52734000,0.744,67541900,0.743,74212700,0.742,49005300,0.741,29288300,0.746,49831200,0.747,74205900,0.748,60207300,0.749,54496200,0.75,54702600
sh513130,09:32:55,1764639177933,09:33:56,1764639176431,0.745,0.746,-0.134,5669.17,0.9075,2.2019,2132600,1588787,0.745,1.524,0.745,40956400,0.744,75873700,0.743,76679800,0.742,49004300,0.741,29288300,0.746,51297600,0.747,75212200,0.748,60204100,0.749,53362100,0.75,54967000
sh513130,09:32:55,1764639178651,09:33:58,1764639178649,0.745,0.746,-0.134,5668.75,0.9075,1.9154,0,0,0.745,0.718,0.745,40956400,0.744,75873700,0.743,76679800,0.742,49004300,0.741,29288300,0.746,51297600,0.747,75212200,0.748,60204100,0.749,53362100,0.75,54967000
sh513130,09:32:55,1764639179424,09:33:58,1764639178722,0.745,0.746,-0.134,5668.75,0.9075,3.3745,0,0,0.745,0.774,0.745,40956400,0.744,75873700,0.743,76679800,0.742,49004300,0.741,29288300,0.746,51297600,0.747,75212200,0.748,60204100,0.749,53362100,0.75,54967000
sh513130,09:32:58,1764639180673,09:34:00,1764639180670,0.745,0.7461,-0.1474,5668.46,0.9075,2.418,1239900,923726,0.745,1.249,0.745,18645800,0.744,75967900,0.743,78892700,0.742,49056200,0.741,29423300,0.746,51762200,0.747,75231100,0.748,61805000,0.749,53699000,0.75,55071400
sh513130,09:32:58,1764639182047,09:34:00,1764639181816,0.745,0.7461,-0.1474,5668.46,0.9075,5.392,0,0,0.745,1.374,0.745,18645800,0.744,75967900,0.743,78892700,0.742,49056200,0.741,29423300,0.746,51762200,0.747,75231100,0.748,61805000,0.749,53699000,0.75,55071400
sh513130,09:32:58,1764639182425,09:34:02,1764639182405,0.745,0.7461,-0.1474,5667.6,0.9075,2.9091,0,0,0.745,0.378,0.745,18645800,0.744,75967900,0.743,78892700,0.742,49056200,0.741,29423300,0.746,51762200,0.747,75231100,0.748,61805000,0.749,53699000,0.75,55071400
sh513130,09:33:01,1764639184264,09:34:02,1764639184263,0.745,0.7461,-0.1474,5667.6,0.9075,3.0343,18476400,13764918,0.745,1.84,0.744,54050600,0.743,79479900,0.742,61053800,0.741,29423300,0.74,37077000,0.745,39314700,0.746,54247600,0.747,73202700,0.748,61880600,0.749,54156900
sh513130,09:33:01,1764639185150,09:34:04,1764639185148,0.745,0.7461,-0.1474,5666.68,0.9075,1.0502,0,0,0.745,0.886,0.744,54050600,0.743,79479900,0.742,61053800,0.741,29423300,0.74,37077000,0.745,39314700,0.746,54247600,0.747,73202700,0.748,61880600,0.749,54156900
sh513130,09:33:01,1764639185842,09:34:04,1764639185157,0.745,0.7461,-0.1474,5666.68,0.9075,1.5119,0,0,0.745,0.692,0.744,54050600,0.743,79479900,0.742,61053800,0.741,29423300,0.74,37077000,0.745,39314700,0.746,54247600,0.747,73202700,0.748,61880600,0.749,54156900
sh513130,09:33:04,1764639187126,09:34:06,1764639187124,0.744,0.7461,-0.2815,5666.38,0.9075,1.8426,546700,407096,0.7446,1.283,0.744,52061900,0.743,80465700,0.742,61358600,0.741,31445100,0.74,37249500,0.745,50039300,0.746,44854100,0.747,73375000,0.748,62022600,0.749,54207300
sh513130,09:33:04,1764639187612,09:34:06,1764639187134,0.744,0.7461,-0.2815,5666.38,0.9075,2.1305,0,0,0.744,0.486,0.744,52061900,0.743,80465700,0.742,61358600,0.741,31445100,0.74,37249500,0.745,50039300,0.746,44854100,0.747,73375000,0.748,62022600,0.749,54207300
sh513130,09:33:04,1764639188577,09:34:08,1764639188576,0.744,0.7461,-0.2815,5665.95,0.9075,1.8907,0,0,0.744,0.965,0.744,52061900,0.743,80465700,0.742,61358600,0.741,31445100,0.74,37249500,0.745,50039300,0.746,44854100,0.747,73375000,0.748,62022600,0.749,54207300
sh513130,09:33:07,1764639189435,09:34:08,1764639189041,0.744,0.7454,-0.1878,5665.95,0.9075,1.5815,232700,173289,0.7447,0.858,0.744,52757300,0.743,81113200,0.742,61358600,0.741,32445100,0.74,37249500,0.745,44970100,0.746,46270100,0.747,73485700,0.748,61979400,0.749,54798000
sh513130,09:33:07,1764639190737,09:34:10,1764639190735,0.744,0.7454,-0.1878,5665.84,0.9075,1.8516,0,0,0.744,1.302,0.744,52757300,0.743,81113200,0.742,61358600,0.741,32445100,0.74,37249500,0.745,44970100,0.746,46270100,0.747,73485700,0.748,61979400,0.749,54798000
sh513130,09:33:07,1764639191818,09:34:10,1764639191166,0.744,0.7454,-0.1878,5665.84,0.9075,2.366,0,0,0.744,1.081,0.744,52757300,0.743,81113200,0.742,61358600,0.741,32445100,0.74,37249500,0.745,44970100,0.746,46270100,0.747,73485700,0.748,61979400,0.749,54798000
sh513130,09:33:10,1764639192995,09:34:10,1764639191166,0.744,0.7454,-0.1878,5665.84,0.9075,2.488,2065200,1537560,0.7445,1.177,0.744,55131900,0.743,82167700,0.742,49374500,0.741,29449900,0.74,37356300,0.745,41375400,0.746,52466400,0.747,73967100,0.748,61814700,0.749,54828000
sh513130,09:33:10,1764639193433,09:34:12,1764639193082,0.744,0.7454,-0.1878,5665.54,0.9075,3.0417,0,0,0.744,0.438,0.744,55131900,0.743,82167700,0.742,49374500,0.741,29449900,0.74,37356300,0.745,41375400,0.746,52466400,0.747,73967100,0.748,61814700,0.749,54828000
sh513130,09:33:10,1764639194665,09:34:14,1764639194664,0.744,0.7454,-0.1878,5665.9,0.9075,2.5514,0,0,0.744,1.232,0.744,55131900,0.743,82167700,0.742,49374500,0.741,29449900,0.74,37356300,0.745,41375400,0.746,52466400,0.747,73967100,0.748,61814700,0.749,54828000
sh513130,09:33:13,1764639195440,09:34:14,1764639195172,0.744,0.7454,-0.1878,5665.9,0.9075,2.1779,1890400,1407076,0.7443,0.775,0.744,57555400,0.743,86100700,0.742,64392400,0.741,33516600,0.74,40369500,0.745,41746900,0.746,52262000,0.747,74041400,0.748,61817500,0.749,54861400
sh513130,09:33:13,1764639196450,09:34:16,1764639196431,0.744,0.7454,-0.1878,5666.42,0.9075,1.4621,0,0,0.744,1.01,0.744,57555400,0.743,86100700,0.742,64392400,0.741,33516600,0.74,40369500,0.745,41746900,0.746,52262000,0.747,74041400,0.748,61817500,0.749,54861400
sh513130,09:33:16,1764639197459,09:34:16,1764639197323,0.744,0.7454,-0.1878,5666.42,0.9075,2.0357,230000,171120,0.744,1.009,0.744,59151900,0.743,86886100,0.742,64332400,0.741,34470200,0.74,42401500,0.745,45028300,0.746,51566900,0.747,74046400,0.748,61859000,0.749,54946500
sh513130,09:33:16,1764639198437,09:34:18,1764639198401,0.744,0.7454,-0.1878,5664.93,0.9075,1.7809,0,0,0.744,0.978,0.744,59151900,0.743,86886100,0.742,64332400,0.741,34470200,0.74,42401500,0.745,45028300,0.746,51566900,0.747,74046400,0.748,61859000,0.749,54946500
sh513130,09:33:16,1764639199441,09:34:18,1764639198458,0.744,0.7454,-0.1878,5664.93,0.9075,2.3543,0,0,0.744,1.005,0.744,59151900,0.743,86886100,0.742,64332400,0.741,34470200,0.74,42401500,0.745,45028300,0.746,51566900,0.747,74046400,0.748,61859000,0.749,54946500
sh513130,09:33:16,1764639200446,09:34:20,1764639200388,0.744,0.7454,-0.1878,5664.88,0.9075,1.9772,0,0,0.744,1.004,0.744,59151900,0.743,86886100,0.742,64332400,0.741,34470200,0.74,42401500,0.745,45028300,0.746,51566900,0.747,74046400,0.748,61859000,0.749,54946500
sh513130,09:33:19,1764639201456,09:34:20,1764639200560,0.744,0.7454,-0.1878,5664.88,0.9075,2.6926,465100,346034,0.744,1.011,0.744,71097600,0.743,88495900,0.742,52589900,0.741,34470200,0.74,42406800,0.745,40582800,0.746,51093600,0.747,74057900,0.748,61816200,0.749,55039300
sh513130,09:33:19,1764639202451,09:34:22,1764639202400,0.744,0.7454,-0.1878,5663.81,0.9075,2.4078,0,0,0.744,0.994,0.744,71097600,0.743,88495900,0.742,52589900,0.741,34470200,0.74,42406800,0.745,40582800,0.746,51093600,0.747,74057900,0.748,61816200,0.749,55039300
sh513130,09:33:19,1764639203458,09:34:22,1764639202564,0.744,0.7454,-0.1878,5663.81,0.9075,0.448,0,0,0.744,1.007,0.744,71097600,0.743,88495900,0.742,52589900,0.741,34470200,0.74,42406800,0.745,40582800,0.746,51093600,0.747,74057900,0.748,61816200,0.749,55039300
sh513130,09:33:22,1764639204451,09:34:22,1764639203773,0.744,0.7454,-0.1878,5663.81,0.9075,1.4244,671800,499859,0.7441,0.994,0.744,58814700,0.743,88804100,0.742,65474500,0.741,34512200,0.74,42290000,0.745,43195300,0.746,52795500,0.747,74507600,0.748,61466600,0.749,55092900
sh513130,09:33:22,1764639205448,09:34:24,1764639204564,0.744,0.7454,-0.1878,5663.61,0.9075,1.2466,0,0,0.744,0.997,0.744,58814700,0.743,88804100,0.742,65474500,0.741,34512200,0.74,42290000,0.745,43195300,0.746,52795500,0.747,74507600,0.748,61466600,0.749,55092900
sh513130,09:33:22,1764639206457,09:34:26,1764639206399,0.744,0.7454,-0.1878,5663.61,0.9075,1.7621,0,0,0.744,1.008,0.744,58814700,0.743,88804100,0.742,65474500,0.741,34512200,0.74,42290000,0.745,43195300,0.746,52795500,0.747,74507600,0.748,61466600,0.749,55092900
sh513130,09:33:25,1764639207634,09:34:26,1764639206520,0.744,0.7447,-0.094,5663.61,0.9075,1.6757,1435700,1068171,0.744,1.177,0.744,50147800,0.743,87910300,0.742,64619500,0.741,41818700,0.74,42290000,0.745,57364400,0.746,44381300,0.747,75388500,0.748,49393900,0.749,55103300
sh513130,09:33:25,1764639208607,09:34:28,1764639208607,0.744,0.7447,-0.094,5663.76,0.9075,3.0855,0,0,0.744,0.973,0.744,50147800,0.743,87910300,0.742,64619500,0.741,41818700,0.74,42290000,0.745,57364400,0.746,44381300,0.747,75388500,0.748,49393900,0.749,55103300
sh513130,09:33:25,1764639209467,09:34:28,1764639208607,0.744,0.7447,-0.094,5663.76,0.9075,0.9724,0,0,0.744,0.86,0.744,50147800,0.743,87910300,0.742,64619500,0.741,41818700,0.74,42290000,0.745,57364400,0.746,44381300,0.747,75388500,0.748,49393900,0.749,55103300
sh513130,09:33:25,1764639211180,09:34:30,1764639211134,0.744,0.7447,-0.094,5662.92,0.9075,1.1687,0,0,0.744,1.713,0.744,50147800,0.743,87910300,0.742,64619500,0.741,41818700,0.74,42290000,0.745,57364400,0.746,44381300,0.747,75388500,0.748,49393900,0.749,55103300
sh513130,09:33:28,1764639213649,09:34:30,1764639211245,0.745,0.7447,0.0403,5662.92,0.9075,0.5599,914200,680241,0.7441,2.469,0.744,49369900,0.743,89006000,0.742,65465000,0.741,41825700,0.74,42623800,0.745,50031600,0.746,52683700,0.747,75392500,0.748,61490800,0.749,55157700
sh513130,09:33:31,1764639217232,09:34:32,1764639215962,0.745,0.7447,0.0403,5663.65,0.9075,3.7237,136700,101712,0.7441,3.583,0.744,54024600,0.743,88206600,0.742,66347500,0.741,37445700,0.74,42728400,0.745,58118500,0.746,44936400,0.747,75892500,0.748,62215900,0.749,55217800
sh513130,09:33:34,1764639218617,09:34:36,1764639218490,0.744,0.7447,-0.094,5665.21,0.9075,7.5456,331100,246339,0.744,1.385,0.744,69496500,0.743,89210600,0.742,52655000,0.741,34445700,0.74,42782400,0.745,46670500,0.746,54948300,0.747,75829900,0.748,63206200,0.749,55259900
sh513130,09:33:34,1764639218924,09:34:38,1764639218894,0.744,0.7447,-0.094,5665.47,0.9075,7.0783,0,0,0.744,0.306,0.744,69496500,0.743,89210600,0.742,52655000,0.741,34445700,0.74,42782400,0.745,46670500,0.746,54948300,0.747,75829900,0.748,63206200,0.749,55259900
sh513130,09:33:37,1764639219654,09:34:38,1764639218932,0.745,0.7454,-0.0537,5665.47,0.9075,6.1662,25176000,18755692,0.745,0.73,0.744,69934700,0.743,89231600,0.742,53055000,0.741,34452700,0.74,42792400,0.745,1225200,0.746,55355700,0.747,74997300,0.748,63196200,0.749,55309900
sh513130,09:33:37,1764639220648,09:34:40,1764639220495,0.745,0.7454,-0.0537,5667.01,0.9075,6.3536,0,0,0.745,0.994,0.744,69934700,0.743,89231600,0.742,53055000,0.741,34452700,0.74,42792400,0.745,1225200,0.746,55355700,0.747,74997300,0.748,63196200,0.749,55309900
sh513130,09:33:40,1764639221669,09:34:40,1764639220983,0.745,0.7454,-0.0537,5667.01,0.9075,5.8245,7985200,5948980,0.745,1.021,0.745,37700000,0.744,63340900,0.743,89177000,0.742,53055500,0.741,34953200,0.746,55134200,0.747,75896100,0.748,63449500,0.749,55540200,0.75,55135300
sh513130,09:33:40,1764639223189,09:34:42,1764639222879,0.745,0.7454,-0.0537,5666.63,0.9075,4.7215,0,0,0.745,1.52,0.745,37700000,0.744,63340900,0.743,89177000,0.742,53055500,0.741,34953200,0.746,55134200,0.747,75896100,0.748,63449500,0.749,55540200,0.75,55135300
sh513130,09:33:40,1764639224192,09:34:42,1764639223783,0.745,0.7454,-0.0537,5666.63,0.9075,4.4935,0,0,0.745,1.003,0.745,37700000,0.744,63340900,0.743,89177000,0.742,53055500,0.741,34953200,0.746,55134200,0.747,75896100,0.748,63449500,0.749,55540200,0.75,55135300
sh513130,09:33:40,1764639224958,09:34:44,1764639224699,0.745,0.7454,-0.0537,5668.53,0.9075,4.104,0,0,0.745,0.767,0.745,37700000,0.744,63340900,0.743,89177000,0.742,53055500,0.741,34953200,0.746,55134200,0.747,75896100,0.748,63449500,0.749,55540200,0.75,55135300
sh513130,09:33:43,1764639225665,09:34:44,1764639225276,0.745,0.7454,-0.0537,5668.53,0.9075,5.081,668600,498107,0.745,0.707,0.745,34241400,0.744,63582100,0.743,89686600,0.742,53059400,0.741,34953200,0.746,55779900,0.747,76036700,0.748,63539500,0.749,55666800,0.75,54876600
sh513130,09:33:43,1764639226701,09:34:46,1764639226608,0.745,0.7454,-0.0537,5668.29,0.9075,5.0234,0,0,0.745,1.036,0.745,34241400,0.744,63582100,0.743,89686600,0.742,53059400,0.741,34953200,0.746,55779900,0.747,76036700,0.748,63539500,0.749,55666800,0.75,54876600
sh513130,09:33:43,1764639227726,09:34:46,1764639227428,0.745,0.7454,-0.0537,5668.29,0.9075,4.34,0,0,0.745,1.024,0.745,34241400,0.744,63582100,0.743,89686600,0.742,53059400,0.741,34953200,0.746,55779900,0.747,76036700,0.748,63539500,0.749,55666800,0.75,54876600
sh513130,09:33:46,1764639228668,09:34:48,1764639228483,0.745,0.7454,-0.0537,5669.36,0.9075,4.0471,848100,631835,0.745,0.942,0.745,33733700,0.744,64510100,0.743,89716400,0.742,53343200,0.741,35033200,0.746,56392600,0.747,76887900,0.748,63512000,0.749,55766800,0.75,54974500
sh513130,09:33:46,1764639229676,09:34:48,1764639229586,0.745,0.7454,-0.0537,5669.36,0.9075,3.5662,0,0,0.745,1.008,0.745,33733700,0.744,64510100,0.743,89716400,0.742,53343200,0.741,35033200,0.746,56392600,0.747,76887900,0.748,63512000,0.749,55766800,0.75,54974500
sh513130,09:33:46,1764639230670,09:34:50,1764639230440,0.745,0.7454,-0.0537,5669.63,0.9075,4.3267,0,0,0.745,0.994,0.745,33733700,0.744,64510100,0.743,89716400,0.742,53343200,0.741,35033200,0.746,56392600,0.747,76887900,0.748,63512000,0.749,55766800,0.75,54974500
sh513130,09:33:49,1764639231674,09:34:50,1764639230440,0.745,0.7454,-0.0537,5669.63,0.9075,4.1366,338400,252127,0.7451,1.004,0.745,33539100,0.744,65501700,0.743,79716400,0.742,53343200,0.741,34933200,0.746,54379200,0.747,64878500,0.748,63772000,0.749,70567600,0.75,55001200
sh513130,09:33:49,1764639232684,09:34:50,1764639231732,0.745,0.7454,-0.0537,5669.63,0.9075,3.2769,0,0,0.745,1.01,0.745,33539100,0.744,65501700,0.743,79716400,0.742,53343200,0.741,34933200,0.746,54379200,0.747,64878500,0.748,63772000,0.749,70567600,0.75,55001200
sh513130,09:33:49,1764639233684,09:34:52,1764639232932,0.745,0.7454,-0.0537,5668.73,0.9075,2.2153,0,0,0.745,1.0,0.745,33539100,0.744,65501700,0.743,79716400,0.742,53343200,0.741,34933200,0.746,54379200,0.747,64878500,0.748,63772000,0.749,70567600,0.75,55001200
sh513130,09:33:52,1764639234680,09:34:54,1764639234526,0.745,0.7461,-0.1474,5669.37,0.9075,2.2362,260000,193700,0.745,0.997,0.745,33431400,0.744,66528700,0.743,79861000,0.742,53343200,0.741,34941200,0.746,57759400,0.747,77910000,0.748,63772000,0.749,55807000,0.75,55070100
sh513130,09:33:52,1764639235679,09:34:54,1764639234526,0.745,0.7461,-0.1474,5669.37,0.9075,3.3549,0,0,0.745,0.998,0.745,33431400,0.744,66528700,0.743,79861000,0.742,53343200,0.741,34941200,0.746,57759400,0.747,77910000,0.748,63772000,0.749,55807000,0.75,55070100
sh513130,09:33:55,1764639236681,09:34:56,1764639236557,0.745,0.7461,-0.1474,5669.51,0.9075,3.9104,201300,149971,0.745,1.003,0.745,34988700,0.744,68815600,0.743,80454800,0.742,53366200,0.741,34941200,0.746,58865700,0.747,65974900,0.748,63773200,0.749,67667700,0.75,55187900
sh513130,09:33:55,1764639238365,09:34:56,1764639236557,0.745,0.7461,-0.1474,5669.51,0.9075,1.5911,0,0,0.745,1.684,0.745,34988700,0.744,68815600,0.743,80454800,0.742,53366200,0.741,34941200,0.746,58865700,0.747,65974900,0.748,63773200,0.749,67667700,0.75,55187900
sh513130,09:33:55,1764639238680,09:34:58,1764639238654,0.745,0.7461,-0.1474,5668.26,0.9075,1.8461,0,0,0.745,0.315,0.745,34988700,0.744,68815600,0.743,80454800,0.742,53366200,0.741,34941200,0.746,58865700,0.747,65974900,0.748,63773200,0.749,67667700,0.75,55187900
sh513130,09:33:55,1764639239706,09:34:58,1764639238654,0.745,0.7461,-0.1474,5668.26,0.9075,2.2232,0,0,0.745,1.026,0.745,34988700,0.744,68815600,0.743,80454800,0.742,53366200,0.741,34941200,0.746,58865700,0.747,65974900,0.748,63773200,0.749,67667700,0.75,55187900
sh513130,09:33:58,1764639240695,09:35:00,1764639240485,0.745,0.7461,-0.1474,5666.54,0.9075,2.1155,1235900,920746,0.745,0.988,0.745,25651300,0.744,77115400,0.743,80532400,0.742,53366200,0.741,34917300,0.746,59225200,0.747,78119700,0.748,63757400,0.749,55523000,0.75,55261400
sh513130,09:33:58,1764639241693,09:35:00,1764639240485,0.745,0.7461,-0.1474,5666.54,0.9075,2.3514,0,0,0.745,0.999,0.745,25651300,0.744,77115400,0.743,80532400,0.742,53366200,0.741,34917300,0.746,59225200,0.747,78119700,0.748,63757400,0.749,55523000,0.75,55261400
sh513130,09:33:58,1764639242865,09:35:02,1764639242515,0.745,0.7461,-0.1474,5668.86,0.9075,4.2486,0,0,0.745,1.172,0.745,25651300,0.744,77115400,0.743,80532400,0.742,53366200,0.741,34917300,0.746,59225200,0.747,78119700,0.748,63757400,0.749,55523000,0.75,55261400
sh513130,09:34:01,1764639243983,09:35:02,1764639243429,0.745,0.7461,-0.1474,5668.86,0.9075,3.7661,459200,342148,0.7451,1.118,0.745,34822300,0.744,69983400,0.743,80532400,0.742,53661900,0.741,34917300,0.746,59254300,0.747,78162400,0.748,63777400,0.749,55485000,0.75,55312300
sh513130,09:34:01,1764639244695,09:35:04,1764639244692,0.745,0.7461,-0.1474,5668.02,0.9075,3.5949,0,0,0.745,0.712,0.745,34822300,0.744,69983400,0.743,80532400,0.742,53661900,0.741,34917300,0.746,59254300,0.747,78162400,0.748,63777400,0.749,55485000,0.75,55312300
sh513130,09:34:01,1764639245703,09:35:04,1764639244692,0.745,0.7461,-0.1474,5668.02,0.9075,2.3784,0,0,0.745,1.008,0.745,34822300,0.744,69983400,0.743,80532400,0.742,53661900,0.741,34917300,0.746,59254300,0.747,78162400,0.748,63777400,0.749,55485000,0.75,55312300
sh513130,09:34:04,1764639246690,09:35:06,1764639246549,0.745,0.7461,-0.1474,5667.72,0.9075,1.9539,236100,175928,0.7451,0.987,0.745,39056800,0.744,69990100,0.743,80532400,0.742,53678000,0.741,34917300,0.746,60403800,0.747,78411900,0.748,63928000,0.749,55649400,0.75,55362300
sh513130,09:34:04,1764639247705,09:35:06,1764639246820,0.745,0.7461,-0.1474,5667.72,0.9075,1.7002,0,0,0.745,1.015,0.745,39056800,0.744,69990100,0.743,80532400,0.742,53678000,0.741,34917300,0.746,60403800,0.747,78411900,0.748,63928000,0.749,55649400,0.75,55362300
sh513130,09:34:07,1764639248694,09:35:08,1764639248477,0.745,0.7461,-0.1474,5667.14,0.9075,1.4634,1819400,1355513,0.745,0.989,0.745,38734400,0.744,70995000,0.743,81074500,0.742,65675600,0.741,46914900,0.746,61146800,0.747,78420100,0.748,63958000,0.749,68367000,0.75,67379300
sh513130,09:34:07,1764639249698,09:35:08,1764639248974,0.745,0.7461,-0.1474,5667.14,0.9075,2.5841,0,0,0.745,1.004,0.745,38734400,0.744,70995000,0.743,81074500,0.742,65675600,0.741,46914900,0.746,61146800,0.747,78420100,0.748,63958000,0.749,68367000,0.75,67379300
sh513130,09:34:07,1764639250815,09:35:10,1764639250482,0.745,0.7461,-0.1474,5667.39,0.9075,3.2763,0,0,0.745,1.117,0.745,38734400,0.744,70995000,0.743,81074500,0.742,65675600,0.741,46914900,0.746,61146800,0.747,78420100,0.748,63958000,0.749,68367000,0.75,67379300
sh513130,09:34:07,1764639251710,09:35:10,1764639251149,0.745,0.7461,-0.1474,5667.39,0.9075,4.1946,0,0,0.745,0.895,0.745,38734400,0.744,70995000,0.743,81074500,0.742,65675600,0.741,46914900,0.746,61146800,0.747,78420100,0.748,63958000,0.749,68367000,0.75,67379300
sh513130,09:34:10,1764639252712,09:35:12,1764639252564,0.745,0.7461,-0.1474,5667.44,0.9075,4.2745,4074700,3035655,0.745,1.002,0.745,34411400,0.744,70366900,0.743,81114800,0.742,65675600,0.741,46914900,0.746,62634300,0.747,79217500,0.748,63994400,0.749,69417100,0.75,67695900
sh513130,09:34:10,1764639253730,09:35:12,1764639253320,0.745,0.7461,-0.1474,5667.44,0.9075,3.8853,0,0,0.745,1.018,0.745,34411400,0.744,70366900,0.743,81114800,0.742,65675600,0.741,46914900,0.746,62634300,0.747,79217500,0.748,63994400,0.749,69417100,0.75,67695900
sh513130,09:34:10,1764639254711,09:35:14,1764639254537,0.745,0.7461,-0.1474,5667.13,0.9075,2.3909,0,0,0.745,0.981,0.745,34411400,0.744,70366900,0.743,81114800,0.742,65675600,0.741,46914900,0.746,62634300,0.747,79217500,0.748,63994400,0.749,69417100,0.75,67695900
sh513130,09:34:13,1764639255710,09:35:14,1764639255417,0.745,0.7461,-0.1474,5667.13,0.9075,2.8557,499400,372197,0.7453,1.0,0.745,2719400,0.744,77771900,0.743,81129200,0.742,65746800,0.741,46928500,0.746,63090300,0.747,80075500,0.748,64000400,0.749,69449400,0.75,67905100
sh513130,09:34:13,1764639256719,09:35:16,1764639256541,0.745,0.7461,-0.1474,5665.23,0.9075,3.0526,0,0,0.745,1.009,0.745,2719400,0.744,77771900,0.743,81129200,0.742,65746800,0.741,46928500,0.746,63090300,0.747,80075500,0.748,64000400,0.749,69449400,0.75,67905100
sh513130,09:34:13,1764639257714,09:35:16,1764639257568,0.745,0.7461,-0.1474,5665.23,0.9075,4.3734,0,0,0.745,0.995,0.745,2719400,0.744,77771900,0.743,81129200,0.742,65746800,0.741,46928500,0.746,63090300,0.747,80075500,0.748,64000400,0.749,69449400,0.75,67905100
sh513130,09:34:16,1764639258713,09:35:18,1764639258501,0.745,0.7454,-0.0537,5665.62,0.9075,3.7391,3384700,2521602,0.745,0.999,0.744,80088000,0.743,81819600,0.742,65747100,0.741,46928500,0.74,43400600,0.745,40032200,0.746,65027200,0.747,80959700,0.748,62345800,0.749,69979400
sh513130,09:34:16,1764639259713,09:35:18,1764639258501,0.745,0.7454,-0.0537,5665.62,0.9075,4.6271,0,0,0.745,1.001,0.744,80088000,0.743,81819600,0.742,65747100,0.741,46928500,0.74,43400600,0.745,40032200,0.746,65027200,0.747,80959700,0.748,62345800,0.749,69979400
sh513130,09:34:16,1764639260724,09:35:20,1764639260478,0.745,0.7454,-0.0537,5665.24,0.9075,4.4281,0,0,0.745,1.01,0.744,80088000,0.743,81819600,0.742,65747100,0.741,46928500,0.74,43400600,0.745,40032200,0.746,65027200,0.747,80959700,0.748,62345800,0.749,69979400
sh513130,09:34:16,1764639261723,09:35:20,1764639260478,0.745,0.7454,-0.0537,5665.24,0.9075,4.0996,0,0,0.745,0.999,0.744,80088000,0.743,81819600,0.742,65747100,0.741,46928500,0.74,43400600,0.745,40032200,0.746,65027200,0.747,80959700,0.748,62345800,0.749,69979400
sh513130,09:34:19,1764639263058,09:35:20,1764639261887,0.745,0.7454,-0.0537,5665.24,0.9075,5.4111,825400,614923,0.745,1.335,0.744,72454600,0.743,81886900,0.742,65747100,0.741,46928500,0.74,43426600,0.745,37189400,0.746,64859300,0.747,80220200,0.748,62649100,0.749,69991800
sh513130,09:34:19,1764639263847,09:35:22,1764639263214,0.745,0.7454,-0.0537,5666.63,0.9075,5.4231,0,0,0.745,0.79,0.744,72454600,0.743,81886900,0.742,65747100,0.741,46928500,0.74,43426600,0.745,37189400,0.746,64859300,0.747,80220200,0.748,62649100,0.749,69991800
sh513130,09:34:22,1764639264820,09:35:24,1764639264460,0.745,0.7454,-0.0537,5666.46,0.9075,4.341,7193000,5358755,0.745,0.973,0.745,33999000,0.744,67495200,0.743,81196500,0.742,65747100,0.741,46938500,0.746,64043200,0.747,80301400,0.748,63559800,0.749,69996700,0.75,68070700
sh513130,09:34:22,1764639265728,09:35:24,1764639264460,0.745,0.7454,-0.0537,5666.46,0.9075,3.4218,0,0,0.745,0.908,0.745,33999000,0.744,67495200,0.743,81196500,0.742,65747100,0.741,46938500,0.746,64043200,0.747,80301400,0.748,63559800,0.749,69996700,0.75,68070700
sh513130,09:34:22,1764639266726,09:35:26,1764639266501,0.745,0.7454,-0.0537,5666.61,0.9075,2.8517,0,0,0.745,0.998,0.745,33999000,0.744,67495200,0.743,81196500,0.742,65747100,0.741,46938500,0.746,64043200,0.747,80301400,0.748,63559800,0.749,69996700,0.75,68070700
sh513130,09:34:25,1764639267718,09:35:26,1764639266501,0.745,0.7454,-0.0537,5666.61,0.9075,2.4699,1260500,939087,0.745,0.992,0.745,17551900,0.744,75241800,0.743,81296500,0.742,65747100,0.741,47188500,0.746,64126400,0.747,80351500,0.748,63748800,0.749,69996700,0.75,68094700
sh513130,09:34:25,1764639268728,09:35:28,1764639268448,0.745,0.7454,-0.0537,5667.86,0.9075,1.6836,0,0,0.745,1.01,0.745,17551900,0.744,75241800,0.743,81296500,0.742,65747100,0.741,47188500,0.746,64126400,0.747,80351500,0.748,63748800,0.749,69996700,0.75,68094700
sh513130,09:34:25,1764639269736,09:35:28,1764639268448,0.745,0.7454,-0.0537,5667.86,0.9075,1.2212,0,0,0.745,1.008,0.745,17551900,0.744,75241800,0.743,81296500,0.742,65747100,0.741,47188500,0.746,64126400,0.747,80351500,0.748,63748800,0.749,69996700,0.75,68094700
sh513130,09:34:28,1764639270740,09:35:30,1764639270495,0.744,0.7454,-0.1878,5666.84,0.9075,1.2003,6217300,4631824,0.745,1.004,0.744,77557500,0.743,81233100,0.742,65747100,0.741,47185500,0.74,43591600,0.745,740000,0.746,65052600,0.747,80456100,0.748,63768800,0.749,70101700
sh513130,09:34:28,1764639271730,09:35:30,1764639270495,0.744,0.7454,-0.1878,5666.84,0.9075,4.3303,0,0,0.744,0.991,0.744,77557500,0.743,81233100,0.742,65747100,0.741,47185500,0.74,43591600,0.745,740000,0.746,65052600,0.747,80456100,0.748,63768800,0.749,70101700
sh513130,09:34:28,1764639272732,09:35:32,1764639272650,0.744,0.7454,-0.1878,5667.39,0.9075,4.0012,0,0,0.744,1.001,0.744,77557500,0.743,81233100,0.742,65747100,0.741,47185500,0.74,43591600,0.745,740000,0.746,65052600,0.747,80456100,0.748,63768800,0.749,70101700
sh513130,09:34:31,1764639273741,09:35:32,1764639272650,0.745,0.7454,-0.0537,5667.39,0.9075,3.5718,1529000,1139093,0.745,1.009,0.745,12516300,0.744,77602300,0.743,81343000,0.742,65735300,0.741,47185500,0.746,65924000,0.747,80425700,0.748,63849500,0.749,70131700,0.75,68193300
sh513130,09:34:31,1764639274736,09:35:34,1764639274565,0.745,0.7454,-0.0537,5668.33,0.9075,3.5298,0,0,0.745,0.995,0.745,12516300,0.744,77602300,0.743,81343000,0.742,65735300,0.741,47185500,0.746,65924000,0.747,80425700,0.748,63849500,0.749,70131700,0.75,68193300
sh513130,09:34:34,1764639275740,09:35:34,1764639274801,0.745,0.7454,-0.0537,5668.33,0.9075,3.2389,1409600,1050192,0.745,1.003,0.745,33399000,0.744,70656400,0.743,81357400,0.742,65735300,0.741,47235500,0.746,65202400,0.747,80425700,0.748,63937800,0.749,70289300,0.75,68204300
sh513130,09:34:34,1764639276760,09:35:36,1764639276531,0.745,0.7454,-0.0537,5669.21,0.9075,2.2217,0,0,0.745,1.02,0.745,33399000,0.744,70656400,0.743,81357400,0.742,65735300,0.741,47235500,0.746,65202400,0.747,80425700,0.748,63937800,0.749,70289300,0.75,68204300
sh513130,09:34:34,1764639277746,09:35:36,1764639276959,0.745,0.7454,-0.0537,5669.21,0.9075,5.8647,0,0,0.745,0.986,0.745,33399000,0.744,70656400,0.743,81357400,0.742,65735300,0.741,47235500,0.746,65202400,0.747,80425700,0.748,63937800,0.749,70289300,0.75,68204300
sh513130,09:34:34,1764639278745,09:35:38,1764639278465,0.745,0.7454,-0.0537,5672.12,0.9075,5.8876,0,0,0.745,0.999,0.745,33399000,0.744,70656400,0.743,81357400,0.742,65735300,0.741,47235500,0.746,65202400,0.747,80425700,0.748,63937800,0.749,70289300,0.75,68204300
sh513130,09:34:37,1764639279748,09:35:38,1764639279114,0.745,0.7454,-0.0537,5672.12,0.9075,5.0184,780600,581949,0.7455,1.003,0.745,60441100,0.744,72855400,0.743,80417400,0.742,58445300,0.741,35242900,0.746,48420400,0.747,70640600,0.748,64762400,0.749,72933000,0.75,68344800
sh513130,09:34:37,1764639280749,09:35:40,1764639280485,0.745,0.7454,-0.0537,5672.49,0.9075,4.2471,0,0,0.745,1.001,0.745,60441100,0.744,72855400,0.743,80417400,0.742,58445300,0.741,35242900,0.746,48420400,0.747,70640600,0.748,64762400,0.749,72933000,0.75,68344800
sh513130,09:34:37,1764639281760,09:35:40,1764639281266,0.745,0.7454,-0.0537,5672.49,0.9075,5.0335,0,0,0.745,1.011,0.745,60441100,0.744,72855400,0.743,80417400,0.742,58445300,0.741,35242900,0.746,48420400,0.747,70640600,0.748,64762400,0.749,72933000,0.75,68344800
sh513130,09:34:40,1764639282759,09:35:42,1764639282456,0.745,0.7454,-0.0537,5672.68,0.9075,5.4207,320400,238732,0.7451,0.999,0.745,61766100,0.744,72075000,0.743,81427900,0.742,58445300,0.741,35252900,0.746,41667900,0.747,70622600,0.748,82927700,0.749,72944000,0.75,68367600
sh513130,09:34:40,1764639283756,09:35:42,1764639283409,0.745,0.7454,-0.0537,5672.68,0.9075,4.6911,0,0,0.745,0.997,0.745,61766100,0.744,72075000,0.743,81427900,0.742,58445300,0.741,35252900,0.746,41667900,0.747,70622600,0.748,82927700,0.749,72944000,0.75,68367600
sh513130,09:34:40,1764639284757,09:35:44,1764639284521,0.745,0.7454,-0.0537,5672.05,0.9075,3.7448,0,0,0.745,1.001,0.745,61766100,0.744,72075000,0.743,81427900,0.742,58445300,0.741,35252900,0.746,41667900,0.747,70622600,0.748,82927700,0.749,72944000,0.75,68367600
sh513130,09:34:40,1764639285759,09:35:44,1764639285557,0.745,0.7454,-0.0537,5672.05,0.9075,3.3723,0,0,0.745,1.003,0.745,61766100,0.744,72075000,0.743,81427900,0.742,58445300,0.741,35252900,0.746,41667900,0.747,70622600,0.748,82927700,0.749,72944000,0.75,68367600
sh513130,09:34:43,1764639287219,09:35:46,1764639286831,0.745,0.7468,-0.241,5673.09,0.9075,4.0149,1201600,895658,0.7454,1.46,0.745,62216400,0.744,72086000,0.743,81427900,0.742,58443300,0.741,35253900,0.746,65346000,0.747,70632600,0.748,82981700,0.749,72954000,0.75,68402500
sh513130,09:34:43,1764639287758,09:35:46,1764639287712,0.745,0.7468,-0.241,5673.09,0.9075,4.1556,0,0,0.745,0.539,0.745,62216400,0.744,72086000,0.743,81427900,0.742,58443300,0.741,35253900,0.746,65346000,0.747,70632600,0.748,82981700,0.749,72954000,0.75,68402500
sh513130,09:34:46,1764639288759,09:35:48,1764639288511,0.745,0.7468,-0.241,5672.86,0.9075,6.7673,720400,536900,0.7453,1.001,0.745,67945500,0.744,72691300,0.743,81427900,0.742,58445300,0.741,34258100,0.746,64765000,0.747,70639200,0.748,82893000,0.749,72922100,0.75,68395500
sh513130,09:34:46,1764639289761,09:35:48,1764639288511,0.745,0.7468,-0.241,5672.86,0.9075,6.3037,0,0,0.745,1.002,0.745,67945500,0.744,72691300,0.743,81427900,0.742,58445300,0.741,34258100,0.746,64765000,0.747,70639200,0.748,82893000,0.749,72922100,0.75,68395500
sh513130,09:34:46,1764639290859,09:35:50,1764639290696,0.745,0.7468,-0.241,5673.13,0.9075,4.6724,0,0,0.745,1.098,0.745,67945500,0.744,72691300,0.743,81427900,0.742,58445300,0.741,34258100,0.746,64765000,0.747,70639200,0.748,82893000,0.749,72922100,0.75,68395500
sh513130,09:34:46,1764639291761,09:35:50,1764639290696,0.745,0.7468,-0.241,5673.13,0.9075,4.5315,0,0,0.745,0.902,0.745,67945500,0.744,72691300,0.743,81427900,0.742,58445300,0.741,34258100,0.746,64765000,0.747,70639200,0.748,82893000,0.749,72922100,0.75,68395500
sh513130,09:34:49,1764639292850,09:35:52,1764639292505,0.746,0.7468,-0.1071,5673.67,0.9075,3.5757,455000,339259,0.7456,1.089,0.745,68545700,0.744,72580800,0.743,81515200,0.742,58445300,0.741,34334500,0.746,64525500,0.747,71957100,0.748,82653200,0.749,72943100,0.75,68473800
sh513130,09:34:49,1764639293772,09:35:52,1764639292505,0.746,0.7468,-0.1071,5673.67,0.9075,2.9236,0,0,0.746,0.921,0.745,68545700,0.744,72580800,0.743,81515200,0.742,58445300,0.741,34334500,0.746,64525500,0.747,71957100,0.748,82653200,0.749,72943100,0.75,68473800
sh513130,09:34:52,1764639294769,09:35:54,1764639294731,0.745,0.7468,-0.241,5674.16,0.9075,2.1607,118800,88516,0.7451,0.997,0.745,69363200,0.744,72580800,0.743,81148200,0.742,58094700,0.741,34335900,0.746,58600200,0.747,71735400,0.748,81917900,0.749,73443100,0.75,68473800
sh513130,09:34:52,1764639295771,09:35:54,1764639294731,0.745,0.7468,-0.241,5674.16,0.9075,2.0558,0,0,0.745,1.002,0.745,69363200,0.744,72580800,0.743,81148200,0.742,58094700,0.741,34335900,0.746,58600200,0.747,71735400,0.748,81917900,0.749,73443100,0.75,68473800
sh513130,09:34:52,1764639296770,09:35:56,1764639296621,0.745,0.7468,-0.241,5674.97,0.9075,2.1423,0,0,0.745,0.999,0.745,69363200,0.744,72580800,0.743,81148200,0.742,58094700,0.741,34335900,0.746,58600200,0.747,71735400,0.748,81917900,0.749,73443100,0.75,68473800
sh513130,09:34:55,1764639297767,09:35:56,1764639296621,0.745,0.7468,-0.241,5674.97,0.9075,4.0539,414400,308978,0.7456,0.997,0.745,70412900,0.744,72648500,0.743,81148200,0.742,58142700,0.741,34265100,0.746,57696000,0.747,70892500,0.748,82943000,0.749,74494100,0.75,68502700
sh513130,09:34:55,1764639298774,09:35:58,1764639298512,0.745,0.7468,-0.241,5675.13,0.9075,3.4909,0,0,0.745,1.007,0.745,70412900,0.744,72648500,0.743,81148200,0.742,58142700,0.741,34265100,0.746,57696000,0.747,70892500,0.748,82943000,0.749,74494100,0.75,68502700
sh513130,09:34:58,1764639299784,09:35:58,1764639298512,0.746,0.7468,-0.1071,5675.13,0.9075,3.9123,35756100,26674050,0.746,1.01,0.746,71891000,0.745,63094300,0.744,70628500,0.743,58207900,0.742,58136700,0.747,62052400,0.748,79368500,0.749,74505300,0.75,70410200,0.751,54689100
sh513130,09:34:58,1764639300785,09:36:00,1764639300655,0.746,0.7468,-0.1071,5675.42,0.9075,3.8217,0,0,0.746,1.002,0.746,71891000,0.745,63094300,0.744,70628500,0.743,58207900,0.742,58136700,0.747,62052400,0.748,79368500,0.749,74505300,0.75,70410200,0.751,54689100
sh513130,09:34:58,1764639301785,09:36:00,1764639300655,0.746,0.7468,-0.1071,5675.42,0.9075,3.7039,0,0,0.746,0.999,0.746,71891000,0.745,63094300,0.744,70628500,0.743,58207900,0.742,58136700,0.747,62052400,0.748,79368500,0.749,74505300,0.75,70410200,0.751,54689100
sh513130,09:35:01,1764639302784,09:36:02,1764639302549,0.746,0.7468,-0.1071,5676.85,0.9075,3.3827,740300,552271,0.746,0.999,0.746,48027000,0.745,64108400,0.744,69411400,0.743,69317400,0.742,58136700,0.747,72435200,0.748,82964700,0.749,74627800,0.75,68563100,0.751,54659100
sh513130,09:34:58,1764639303798,09:36:02,1764639303451,0.746,0.7468,-0.1071,5676.85,0.9075,4.1184,-740300,-552271,0.746,1.014,0.746,71891000,0.745,63094300,0.744,70628500,0.743,58207900,0.742,58136700,0.747,62052400,0.748,79368500,0.749,74505300,0.75,70410200,0.751,54689100
sh513130,09:35:01,1764639304794,09:36:04,1764639304479,0.746,0.7468,-0.1071,5676.65,0.9075,3.935,740300,552271,0.746,0.997,0.746,48027000,0.745,64108400,0.744,69411400,0.743,69317400,0.742,58136700,0.747,72435200,0.748,82964700,0.749,74627800,0.75,68563100,0.751,54659100
sh513130,09:35:01,1764639305799,09:36:04,1764639304967,0.746,0.7468,-0.1071,5676.65,0.9075,4.672,0,0,0.746,1.004,0.746,48027000,0.745,64108400,0.744,69411400,0.743,69317400,0.742,58136700,0.747,72435200,0.748,82964700,0.749,74627800,0.75,68563100,0.751,54659100
sh513130,09:35:04,1764639306786,09:36:06,1764639306493,0.746,0.7468,-0.1071,5677.0,0.9075,3.8403,3085300,2301876,0.7461,0.987,0.746,62520000,0.745,64909300,0.744,68651200,0.743,66358800,0.742,58123200,0.747,72578600,0.748,83044300,0.749,74613300,0.75,69401500,0.751,54659100
sh513130,09:35:04,1764639307793,09:36:06,1764639307118,0.746,0.7468,-0.1071,5677.0,0.9075,3.4353,0,0,0.746,1.007,0.746,62520000,0.745,64909300,0.744,68651200,0.743,66358800,0.742,58123200,0.747,72578600,0.748,83044300,0.749,74613300,0.75,69401500,0.751,54659100
sh513130,09:35:04,1764639308794,09:36:08,1764639308486,0.746,0.7468,-0.1071,5678.31,0.9075,3.1192,0,0,0.746,1.001,0.746,62520000,0.745,64909300,0.744,68651200,0.743,66358800,0.742,58123200,0.747,72578600,0.748,83044300,0.749,74613300,0.75,69401500,0.751,54659100
sh513130,09:35:04,1764639309792,09:36:08,1764639309280,0.746,0.7468,-0.1071,5678.31,0.9075,3.5452,0,0,0.746,0.998,0.746,62520000,0.745,64909300,0.744,68651200,0.743,66358800,0.742,58123200,0.747,72578600,0.748,83044300,0.749,74613300,0.75,69401500,0.751,54659100
sh513130,09:35:07,1764639310792,09:36:10,1764639310558,0.746,0.7468,-0.1071,5677.65,0.9075,3.1596,359600,268387,0.7463,1.0,0.746,65840800,0.745,66234200,0.744,68646400,0.743,63149700,0.742,58123200,0.747,73252000,0.748,83069400,0.749,74748700,0.75,68796500,0.751,54311000
sh513130,09:35:07,1764639311805,09:36:10,1764639311435,0.746,0.7468,-0.1071,5677.65,0.9075,2.4172,0,0,0.746,1.013,0.746,65840800,0.745,66234200,0.744,68646400,0.743,63149700,0.742,58123200,0.747,73252000,0.748,83069400,0.749,74748700,0.75,68796500,0.751,54311000
sh513130,09:35:07,1764639312794,09:36:10,1764639311435,0.746,0.7468,-0.1071,5677.65,0.9075,2.5901,0,0,0.746,0.989,0.746,65840800,0.745,66234200,0.744,68646400,0.743,63149700,0.742,58123200,0.747,73252000,0.748,83069400,0.749,74748700,0.75,68796500,0.751,54311000
sh513130,09:35:10,1764639313794,09:36:12,1764639313581,0.746,0.7468,-0.1071,5676.78,0.9075,2.2438,829500,618954,0.7462,1.0,0.746,77174300,0.745,67994500,0.744,68861000,0.743,63149800,0.742,46155600,0.747,73720200,0.748,83086300,0.749,74748700,0.75,68823700,0.751,54402000
sh513130,09:35:13,1764639314805,09:36:12,1764639313581,0.747,0.7468,0.0268,5676.78,0.9075,3.7588,441800,329954,0.7468,1.011,0.746,57352100,0.745,69647300,0.744,69017300,0.743,63155700,0.742,46157600,0.747,74847700,0.748,83180300,0.749,74895000,0.75,68976100,0.751,54404700
sh513130,09:35:13,1764639315804,09:36:14,1764639315735,0.747,0.7468,0.0268,5676.82,0.9075,3.5879,0,0,0.747,0.999,0.746,57352100,0.745,69647300,0.744,69017300,0.743,63155700,0.742,46157600,0.747,74847700,0.748,83180300,0.749,74895000,0.75,68976100,0.751,54404700
sh513130,09:35:13,1764639317066,09:36:16,1764639316946,0.747,0.7468,0.0268,5675.99,0.9075,1.9302,0,0,0.747,1.262,0.746,57352100,0.745,69647300,0.744,69017300,0.743,63155700,0.742,46157600,0.747,74847700,0.748,83180300,0.749,74895000,0.75,68976100,0.751,54404700
sh513130,09:35:13,1764639317806,09:36:16,1764639316946,0.747,0.7468,0.0268,5675.99,0.9075,2.9681,0,0,0.747,0.74,0.746,57352100,0.745,69647300,0.744,69017300,0.743,63155700,0.742,46157600,0.747,74847700,0.748,83180300,0.749,74895000,0.75,68976100,0.751,54404700
sh513130,09:35:16,1764639318810,09:36:18,1764639318480,0.746,0.7468,-0.1071,5674.93,0.9075,2.8279,13625900,10164922,0.746,1.004,0.745,79848200,0.744,71279100,0.743,70660500,0.742,58162200,0.741,34213100,0.746,45884400,0.747,87253400,0.748,83893900,0.749,73974900,0.75,69001100
sh513130,09:35:16,1764639319822,09:36:18,1764639318480,0.746,0.7468,-0.1071,5674.93,0.9075,2.3012,0,0,0.746,1.011,0.745,79848200,0.744,71279100,0.743,70660500,0.742,58162200,0.741,34213100,0.746,45884400,0.747,87253400,0.748,83893900,0.749,73974900,0.75,69001100
sh513130,09:35:16,1764639320804,09:36:20,1764639320522,0.746,0.7468,-0.1071,5674.3,0.9075,2.3166,0,0,0.746,0.983,0.745,79848200,0.744,71279100,0.743,70660500,0.742,58162200,0.741,34213100,0.746,45884400,0.747,87253400,0.748,83893900,0.749,73974900,0.75,69001100
sh513130,09:35:19,1764639321815,09:36:20,1764639320522,0.746,0.7468,-0.1071,5674.3,0.9075,1.4219,443200,330625,0.746,1.011,0.745,69037500,0.744,72191100,0.743,70654100,0.742,58162200,0.741,34213100,0.746,57135400,0.747,78651100,0.748,83855400,0.749,71262600,0.75,68788000
sh513130,09:35:19,1764639322815,09:36:22,1764639322493,0.746,0.7468,-0.1071,5673.8,0.9075,1.3563,0,0,0.746,1.0,0.745,69037500,0.744,72191100,0.743,70654100,0.742,58162200,0.741,34213100,0.746,57135400,0.747,78651100,0.748,83855400,0.749,71262600,0.75,68788000
sh513130,09:35:19,1764639323816,09:36:22,1764639322493,0.746,0.7468,-0.1071,5673.8,0.9075,4.9971,0,0,0.746,1.001,0.745,69037500,0.744,72191100,0.743,70654100,0.742,58162200,0.741,34213100,0.746,57135400,0.747,78651100,0.748,83855400,0.749,71262600,0.75,68788000
sh513130,09:35:22,1764639324858,09:36:24,1764639324523,0.746,0.7461,-0.0134,5671.92,0.9075,2.9955,1143100,852753,0.746,1.041,0.745,55891100,0.744,71357000,0.743,69677000,0.742,62962400,0.741,34213100,0.746,56784000,0.747,79981700,0.748,84462800,0.749,71293500,0.75,68891700
sh513130,09:35:22,1764639325823,09:36:24,1764639324523,0.746,0.7461,-0.0134,5671.92,0.9075,2.4662,0,0,0.746,0.965,0.745,55891100,0.744,71357000,0.743,69677000,0.742,62962400,0.741,34213100,0.746,56784000,0.747,79981700,0.748,84462800,0.749,71293500,0.75,68891700
sh513130,09:35:22,1764639326819,09:36:26,1764639326740,0.746,0.7461,-0.0134,5670.32,0.9075,2.3476,0,0,0.746,0.996,0.745,55891100,0.744,71357000,0.743,69677000,0.742,62962400,0.741,34213100,0.746,56784000,0.747,79981700,0.748,84462800,0.749,71293500,0.75,68891700
sh513130,09:35:22,1764639327822,09:36:26,1764639326740,0.746,0.7461,-0.0134,5670.32,0.9075,1.0307,0,0,0.746,1.003,0.745,55891100,0.744,71357000,0.743,69677000,0.742,62962400,0.741,34213100,0.746,56784000,0.747,79981700,0.748,84462800,0.749,71293500,0.75,68891700
sh513130,09:35:25,1764639328824,09:36:28,1764639328657,0.745,0.7461,-0.1474,5669.67,0.9075,1.3135,679400,506758,0.7459,1.001,0.745,55724700,0.744,80043600,0.743,71422400,0.742,62002400,0.741,34220100,0.746,57834300,0.747,79133100,0.748,84998800,0.749,71367900,0.75,68929900
sh513130,09:35:25,1764639329826,09:36:28,1764639328657,0.745,0.7461,-0.1474,5669.67,0.9075,1.2336,0,0,0.745,1.002,0.745,55724700,0.744,80043600,0.743,71422400,0.742,62002400,0.741,34220100,0.746,57834300,0.747,79133100,0.748,84998800,0.749,71367900,0.75,68929900
sh513130,09:35:28,1764639330834,09:36:30,1764639330799,0.746,0.7461,-0.0134,5669.68,0.9075,1.7824,641500,478517,0.7459,1.007,0.745,16732200,0.744,72484900,0.743,89404300,0.742,69382400,0.741,47171400,0.746,57786400,0.747,79414300,0.748,84246100,0.749,71414000,0.75,69068900
sh513130,09:35:28,1764639331837,09:36:30,1764639330799,0.746,0.7461,-0.0134,5669.68,0.9075,1.3984,0,0,0.746,1.003,0.745,16732200,0.744,72484900,0.743,89404300,0.742,69382400,0.741,47171400,0.746,57786400,0.747,79414300,0.748,84246100,0.749,71414000,0.75,69068900
sh513130,09:35:28,1764639332836,09:36:32,1764639332519,0.746,0.7461,-0.0134,5669.22,0.9075,3.8069,0,0,0.746,0.999,0.745,16732200,0.744,72484900,0.743,89404300,0.742,69382400,0.741,47171400,0.746,57786400,0.747,79414300,0.748,84246100,0.749,71414000,0.75,69068900
sh513130,09:35:31,1764639333835,09:36:32,1764639332948,0.745,0.7454,-0.0537,5669.22,0.9075,3.4345,14816500,11038425,0.745,0.999,0.745,24528800,0.744,81921400,0.743,89489600,0.742,69382400,0.741,35294800,0.746,58831300,0.747,80445100,0.748,84449800,0.749,71336900,0.75,69280000
sh513130,09:35:31,1764639334836,09:36:34,1764639334467,0.745,0.7454,-0.0537,5668.97,0.9075,2.7989,0,0,0.745,1.001,0.745,24528800,0.744,81921400,0.743,89489600,0.742,69382400,0.741,35294800,0.746,58831300,0.747,80445100,0.748,84449800,0.749,71336900,0.75,69280000
sh513130,09:35:34,1764639335843,09:36:34,1764639335112,0.745,0.7454,-0.0537,5668.97,0.9075,2.0541,487500,363241,0.7451,1.006,0.745,24660200,0.744,82770700,0.743,89523100,0.742,69382400,0.741,35353100,0.746,59174200,0.747,80941800,0.748,84602000,0.749,71721600,0.75,69314800
sh513130,09:35:34,1764639336837,09:36:36,1764639336524,0.745,0.7454,-0.0537,5668.69,0.9075,1.3964,0,0,0.745,0.994,0.745,24660200,0.744,82770700,0.743,89523100,0.742,69382400,0.741,35353100,0.746,59174200,0.747,80941800,0.748,84602000,0.749,71721600,0.75,69314800
sh513130,09:35:34,1764639337862,09:36:36,1764639337266,0.745,0.7454,-0.0537,5668.69,0.9075,1.206,0,0,0.745,1.025,0.745,24660200,0.744,82770700,0.743,89523100,0.742,69382400,0.741,35353100,0.746,59174200,0.747,80941800,0.748,84602000,0.749,71721600,0.75,69314800
sh513130,09:35:37,1764639339966,09:36:38,1764639339292,0.745,0.7454,-0.0537,5668.24,0.9075,1.619,7733900,5761755,0.745,2.104,0.744,83638600,0.743,89643000,0.742,69396000,0.741,47375700,0.74,43324800,0.745,32744600,0.746,68828400,0.747,81612100,0.748,65894300,0.749,71812700
sh513130,09:35:37,1764639341461,09:36:38,1764639341027,0.745,0.7454,-0.0537,5668.24,0.9075,2.6715,0,0,0.745,1.495,0.744,83638600,0.743,89643000,0.742,69396000,0.741,47375700,0.74,43324800,0.745,32744600,0.746,68828400,0.747,81612100,0.748,65894300,0.749,71812700
sh513130,09:35:37,1764639342413,09:36:40,1764639341592,0.745,0.7454,-0.0537,5667.7,0.9075,2.8574,0,0,0.745,0.952,0.744,83638600,0.743,89643000,0.742,69396000,0.741,47375700,0.74,43324800,0.745,32744600,0.746,68828400,0.747,81612100,0.748,65894300,0.749,71812700
sh513130,09:35:40,1764639342704,09:36:42,1764639342661,0.745,0.7454,-0.0537,5667.84,0.9075,3.7045,1285800,957917,0.745,0.291,0.744,86435400,0.743,89643000,0.742,69423000,0.741,47375700,0.74,43330800,0.745,36087300,0.746,57836700,0.747,79761300,0.748,66194900,0.749,72167300
sh513130,09:35:40,1764639343726,09:36:42,1764639342705,0.745,0.7454,-0.0537,5667.84,0.9075,3.1598,0,0,0.745,1.022,0.744,86435400,0.743,89643000,0.742,69423000,0.741,47375700,0.74,43330800,0.745,36087300,0.746,57836700,0.747,79761300,0.748,66194900,0.749,72167300
sh513130,09:35:43,1764639344880,09:36:44,1764639344879,0.746,0.7454,0.0805,5668.42,0.9075,4.5483,10468600,7799120,0.745,1.154,0.745,58334000,0.744,88282500,0.743,89047300,0.742,69423000,0.741,35368100,0.746,59240900,0.747,79664300,0.748,67241800,0.749,72217300,0.75,69727900
sh513130,09:35:40,1764639345505,09:36:44,1764639344879,0.745,0.7454,-0.0537,5668.42,0.9075,3.5447,-10468600,-7799120,0.745,0.625,0.744,86435400,0.743,89643000,0.742,69423000,0.741,47375700,0.74,43330800,0.745,36087300,0.746,57836700,0.747,79761300,0.748,66194900,0.749,72167300
sh513130,09:35:43,1764639346515,09:36:46,1764639346495,0.746,0.7454,0.0805,5668.92,0.9075,2.9039,10468600,7799120,0.745,1.01,0.745,58334000,0.744,88282500,0.743,89047300,0.742,69423000,0.741,35368100,0.746,59240900,0.747,79664300,0.748,67241800,0.749,72217300,0.75,69727900
sh513130,09:35:46,1764639347503,09:36:46,1764639346495,0.745,0.746,-0.134,5668.92,0.9075,4.7948,336600,250800,0.7451,0.988,0.745,40757400,0.744,88088300,0.743,90137700,0.742,69413000,0.741,35376800,0.746,59771500,0.747,80745700,0.748,67681000,0.749,72208200,0.75,69788700
sh513130,09:35:43,1764639351171,09:36:46,1764639348013,0.746,0.7454,0.0805,5668.92,0.9075,3.702,-336600,-250800,0.746,3.668,0.745,58334000,0.744,88282500,0.743,89047300,0.742,69423000,0.741,35368100,0.746,59240900,0.747,79664300,0.748,67241800,0.749,72217300,0.75,69727900
sh513130,09:35:49,1764639351222,09:36:50,1764639351222,0.745,0.746,-0.134,5667.59,0.9075,3.8842,19934800,14851489,0.745,0.051,0.744,88893800,0.743,90047900,0.742,69418000,0.741,47374400,0.74,43409800,0.745,50368200,0.746,72650800,0.747,79660800,0.748,68022200,0.749,72168500
sh513130,09:35:49,1764639352218,09:36:50,1764639351222,0.745,0.746,-0.134,5667.59,0.9075,6.7283,0,0,0.745,0.996,0.744,88893800,0.743,90047900,0.742,69418000,0.741,47374400,0.74,43409800,0.745,50368200,0.746,72650800,0.747,79660800,0.748,68022200,0.749,72168500
sh513130,09:35:49,1764639353213,09:36:52,1764639352482,0.745,0.746,-0.134,5667.53,0.9075,5.145,0,0,0.745,0.995,0.744,88893800,0.743,90047900,0.742,69418000,0.741,47374400,0.74,43409800,0.745,50368200,0.746,72650800,0.747,79660800,0.748,68022200,0.749,72168500
sh513130,09:35:49,1764639354221,09:36:52,1764639352482,0.745,0.746,-0.134,5667.53,0.9075,4.3907,0,0,0.745,1.007,0.744,88893800,0.743,90047900,0.742,69418000,0.741,47374400,0.74,43409800,0.745,50368200,0.746,72650800,0.747,79660800,0.748,68022200,0.749,72168500
sh513130,09:35:52,1764639355212,09:36:54,1764639354493,0.745,0.7453,-0.0403,5667.67,0.9075,3.7204,9943100,7407609,0.745,0.992,0.744,90921600,0.743,91331100,0.742,69749000,0.741,47474400,0.74,43399800,0.745,31941000,0.746,62927900,0.747,79644600,0.748,66720600,0.749,72192500
sh513130,09:35:52,1764639356235,09:36:54,1764639354493,0.745,0.7453,-0.0403,5667.67,0.9075,3.6128,0,0,0.745,1.023,0.744,90921600,0.743,91331100,0.742,69749000,0.741,47474400,0.74,43399800,0.745,31941000,0.746,62927900,0.747,79644600,0.748,66720600,0.749,72192500
sh513130,09:35:55,1764639357222,09:36:56,1764639356630,0.745,0.7453,-0.0403,5667.1,0.9075,4.4615,821900,612315,0.745,0.987,0.744,92213800,0.743,91278300,0.742,69804200,0.741,47504400,0.74,43298700,0.745,28959300,0.746,62365900,0.747,79724000,0.748,67911800,0.749,72210700
sh513130,09:35:55,1764639358429,09:36:56,1764639356630,0.745,0.7453,-0.0403,5667.1,0.9075,3.545,0,0,0.745,1.207,0.744,92213800,0.743,91278300,0.742,69804200,0.741,47504400,0.74,43298700,0.745,28959300,0.746,62365900,0.747,79724000,0.748,67911800,0.749,72210700
sh513130,09:35:55,1764639360588,09:36:58,1764639359786,0.745,0.7453,-0.0403,5667.04,0.9075,3.545,0,0,0.745,2.159,0.744,92213800,0.743,91278300,0.742,69804200,0.741,47504400,0.74,43298700,0.745,28959300,0.746,62365900,0.747,79724000,0.748,67911800,0.749,72210700
sh513130,09:35:55,1764639361465,09:37:00,1764639361402,0.745,0.7453,-0.0403,5668.31,0.9075,2.4118,0,0,0.745,0.877,0.744,92213800,0.743,91278300,0.742,69804200,0.741,47504400,0.74,43298700,0.745,28959300,0.746,62365900,0.747,79724000,0.748,67911800,0.749,72210700
sh513130,09:35:58,1764639362107,09:37:00,1764639361726,0.745,0.7453,-0.0403,5668.31,0.9075,2.3222,14000400,10430298,0.745,0.642,0.745,59696400,0.744,94157800,0.743,91278300,0.742,69804200,0.741,35507300,0.746,63870900,0.747,79724300,0.748,68046000,0.749,72555900,0.75,70258300
sh513130,09:35:58,1764639362635,09:37:02,1764639362595,0.745,0.7453,-0.0403,5668.96,0.9075,2.3222,0,0,0.745,0.528,0.745,59696400,0.744,94157800,0.743,91278300,0.742,69804200,0.741,35507300,0.746,63870900,0.747,79724300,0.748,68046000,0.749,72555900,0.75,70258300
sh513130,09:36:01,1764639363708,09:37:02,1764639363541,0.745,0.7453,-0.0403,5668.96,0.9075,2.1478,798800,595152,0.7451,1.074,0.745,51479600,0.744,94698500,0.743,91288900,0.742,69541300,0.741,36226500,0.746,67746700,0.747,79046100,0.748,67058000,0.749,72655900,0.75,70276800
sh513130,09:36:01,1764639366750,09:37:04,1764639365838,0.745,0.7453,-0.0403,5669.36,0.9075,2.0435,0,0,0.745,3.042,0.745,51479600,0.744,94698500,0.743,91288900,0.742,69541300,0.741,36226500,0.746,67746700,0.747,79046100,0.748,67058000,0.749,72655900,0.75,70276800
sh513130,09:36:04,1764639372833,09:37:06,1764639372734,0.745,0.7453,-0.0403,5669.53,0.9075,2.5924,71400,53217,0.7453,6.083,0.745,72488300,0.744,88974500,0.743,90984500,0.742,64183200,0.741,36226500,0.746,67514200,0.747,77546300,0.748,67927000,0.749,72569200,0.75,70284100
sh513130,09:36:10,1764639374240,09:37:08,1764639373959,0.745,0.7453,-0.0403,5670.34,0.9075,6.6976,224500,167363,0.7455,1.407,0.745,77280400,0.744,92421700,0.743,89969500,0.742,62176200,0.741,36400300,0.746,60368100,0.747,86813200,0.748,68092200,0.749,73344200,0.75,70573900
sh513130,09:36:10,1764639374301,09:37:12,1764639374301,0.745,0.7453,-0.0403,5672.5,0.9075,5.5258,0,0,0.745,0.06,0.745,77280400,0.744,92421700,0.743,89969500,0.742,62176200,0.741,36400300,0.746,60368100,0.747,86813200,0.748,68092200,0.749,73344200,0.75,70573900
sh513130,09:36:13,1764639375462,09:37:14,1764639374452,0.745,0.746,-0.134,5673.33,0.9075,4.6263,380800,283862,0.7454,1.161,0.745,77327600,0.744,89978600,0.743,89708100,0.742,62178200,0.741,37103900,0.746,53218100,0.747,75709200,0.748,68097200,0.749,73417200,0.75,70738700
sh513130,09:36:13,1764639376341,09:37:14,1764639376209,0.745,0.746,-0.134,5673.33,0.9075,4.0777,0,0,0.745,0.879,0.745,77327600,0.744,89978600,0.743,89708100,0.742,62178200,0.741,37103900,0.746,53218100,0.747,75709200,0.748,68097200,0.749,73417200,0.75,70738700
sh513130,09:36:13,1764639377297,09:37:16,1764639376952,0.745,0.746,-0.134,5673.83,0.9075,3.1927,0,0,0.745,0.956,0.745,77327600,0.744,89978600,0.743,89708100,0.742,62178200,0.741,37103900,0.746,53218100,0.747,75709200,0.748,68097200,0.749,73417200,0.75,70738700
sh513130,09:36:16,1764639378289,09:37:16,1764639378200,0.746,0.746,0.0,5673.83,0.9075,3.0434,27646300,20624139,0.746,0.992,0.746,62363300,0.745,76412400,0.744,86226100,0.743,71712900,0.742,50173600,0.747,76754400,0.748,85160500,0.749,76060900,0.75,70762400,0.751,54667500
sh513130,09:36:16,1764639379465,09:37:18,1764639378556,0.746,0.746,0.0,5674.69,0.9075,3.8921,0,0,0.746,1.177,0.746,62363300,0.745,76412400,0.744,86226100,0.743,71712900,0.742,50173600,0.747,76754400,0.748,85160500,0.749,76060900,0.75,70762400,0.751,54667500
sh513130,09:36:16,1764639380293,09:37:18,1764639378556,0.746,0.746,0.0,5674.69,0.9075,3.3686,0,0,0.746,0.828,0.746,62363300,0.745,76412400,0.744,86226100,0.743,71712900,0.742,50173600,0.747,76754400,0.748,85160500,0.749,76060900,0.75,70762400,0.751,54667500
sh513130,09:36:16,1764639381356,09:37:20,1764639380531,0.746,0.746,0.0,5674.67,0.9075,3.3686,0,0,0.746,1.063,0.746,62363300,0.745,76412400,0.744,86226100,0.743,71712900,0.742,50173600,0.747,76754400,0.748,85160500,0.749,76060900,0.75,70762400,0.751,54667500
sh513130,09:36:19,1764639382291,09:37:20,1764639380531,0.746,0.746,0.0,5674.67,0.9075,0.978,617500,460664,0.746,0.935,0.746,20339200,0.745,76102800,0.744,76301100,0.743,71333100,0.742,62171200,0.747,78091700,0.748,86259400,0.749,76339300,0.75,70857000,0.751,54677500
sh513130,09:36:19,1764639383292,09:37:22,1764639382509,0.746,0.746,0.0,5674.95,0.9075,1.1686,0,0,0.746,1.001,0.746,20339200,0.745,76102800,0.744,76301100,0.743,71333100,0.742,62171200,0.747,78091700,0.748,86259400,0.749,76339300,0.75,70857000,0.751,54677500
sh513130,09:36:19,1764639384292,09:37:22,1764639382509,0.746,0.746,0.0,5674.95,0.9075,-0.2164,0,0,0.746,1.0,0.746,20339200,0.745,76102800,0.744,76301100,0.743,71333100,0.742,62171200,0.747,78091700,0.748,86259400,0.749,76339300,0.75,70857000,0.751,54677500
sh513130,09:36:22,1764639385315,09:37:24,1764639384611,0.747,0.746,0.134,5674.84,0.9075,0.3479,18010400,13435759,0.746,1.023,0.746,496000,0.745,74592500,0.744,77208400,0.743,71353100,0.742,62125000,0.747,80289100,0.748,86527200,0.749,76399300,0.75,70869000,0.751,54714800
sh513130,09:36:22,1764639386511,09:37:24,1764639384611,0.747,0.746,0.134,5674.84,0.9075,0.4656,0,0,0.747,1.196,0.746,496000,0.745,74592500,0.744,77208400,0.743,71353100,0.742,62125000,0.747,80289100,0.748,86527200,0.749,76399300,0.75,70869000,0.751,54714800
sh513130,09:36:25,1764639387712,09:37:26,1764639387264,0.745,0.7474,-0.3211,5672.98,0.9075,0.7554,2544000,1897810,0.746,1.201,0.745,76121100,0.744,77159900,0.743,71712700,0.742,62145100,0.741,37818900,0.746,45537000,0.747,91631900,0.748,86514200,0.749,75731300,0.75,70521400
sh513130,09:36:25,1764639388606,09:37:26,1764639387264,0.745,0.7474,-0.3211,5672.98,0.9075,0.6429,0,0,0.745,0.894,0.745,76121100,0.744,77159900,0.743,71712700,0.742,62145100,0.741,37818900,0.746,45537000,0.747,91631900,0.748,86514200,0.749,75731300,0.75,70521400
sh513130,09:36:25,1764639389703,09:37:28,1764639389608,0.745,0.7474,-0.3211,5673.43,0.9075,1.1822,0,0,0.745,1.097,0.745,76121100,0.744,77159900,0.743,71712700,0.742,62145100,0.741,37818900,0.746,45537000,0.747,91631900,0.748,86514200,0.749,75731300,0.75,70521400
sh513130,09:36:28,1764639391573,09:37:28,1764639389608,0.746,0.7474,-0.1873,5673.43,0.9075,0.2847,455800,339924,0.7458,1.87,0.745,78785700,0.744,77159400,0.743,71717700,0.742,62106100,0.741,37819100,0.746,47633100,0.747,83407800,0.748,86581700,0.749,72717600,0.75,70542300
sh513130,09:36:28,1764639392942,09:37:30,1764639392108,0.746,0.7474,-0.1873,5673.05,0.9075,1.9397,0,0,0.746,1.368,0.745,78785700,0.744,77159400,0.743,71717700,0.742,62106100,0.741,37819100,0.746,47633100,0.747,83407800,0.748,86581700,0.749,72717600,0.75,70542300
sh513130,09:36:28,1764639395122,09:37:32,1764639394904,0.746,0.7474,-0.1873,5673.56,0.9075,1.9149,0,0,0.746,2.181,0.745,78785700,0.744,77159400,0.743,71717700,0.742,62106100,0.741,37819100,0.746,47633100,0.747,83407800,0.748,86581700,0.749,72717600,0.75,70542300
sh513130,09:36:31,1764639397092,09:37:34,1764639395623,0.745,0.7467,-0.2277,5674.67,0.9075,1.9149,17100,12742,0.7451,1.97,0.745,80029200,0.744,77027200,0.743,71777700,0.742,62019000,0.741,37819100,0.746,48747200,0.747,83666100,0.748,87378400,0.749,72891800,0.75,70719900
sh513130,09:36:34,1764639398201,09:37:36,1764639398175,0.745,0.7467,-0.2277,5672.95,0.9075,1.777,214700,160166,0.746,1.109,0.745,81348000,0.744,77279500,0.743,71792700,0.742,61999100,0.741,37819100,0.746,35537200,0.747,92242900,0.748,87448600,0.749,75682300,0.75,71712700
sh513130,09:36:34,1764639398469,09:37:36,1764639398275,0.745,0.7467,-0.2277,5672.95,0.9075,2.7512,0,0,0.745,0.267,0.745,81348000,0.744,77279500,0.743,71792700,0.742,61999100,0.741,37819100,0.746,35537200,0.747,92242900,0.748,87448600,0.749,75682300,0.75,71712700
sh513130,09:36:37,1764639399471,09:37:38,1764639398482,0.745,0.7467,-0.2277,5672.96,0.9075,2.6608,638900,476595,0.746,1.003,0.745,84576900,0.744,76904000,0.743,71625400,0.742,62049100,0.741,37819100,0.746,36464800,0.747,92317500,0.748,86542200,0.749,74998900,0.75,71944600
sh513130,09:36:37,1764639400289,09:37:38,1764639399679,0.745,0.7467,-0.2277,5672.96,0.9075,2.5386,0,0,0.745,0.817,0.745,84576900,0.744,76904000,0.743,71625400,0.742,62049100,0.741,37819100,0.746,36464800,0.747,92317500,0.748,86542200,0.749,74998900,0.75,71944600
sh513130,09:36:37,1764639401338,09:37:40,1764639400698,0.745,0.7467,-0.2277,5673.93,0.9075,1.7965,0,0,0.745,1.049,0.745,84576900,0.744,76904000,0.743,71625400,0.742,62049100,0.741,37819100,0.746,36464800,0.747,92317500,0.748,86542200,0.749,74998900,0.75,71944600
sh513130,09:36:37,1764639402279,09:37:40,1764639401847,0.745,0.7467,-0.2277,5673.93,0.9075,1.4671,0,0,0.745,0.941,0.745,84576900,0.744,76904000,0.743,71625400,0.742,62049100,0.741,37819100,0.746,36464800,0.747,92317500,0.748,86542200,0.749,74998900,0.75,71944600
sh513130,09:36:40,1764639403252,09:37:42,1764639402506,0.746,0.7467,-0.0937,5674.07,0.9075,1.4671,293100,218613,0.7459,0.973,0.745,86149700,0.744,77070100,0.743,71623900,0.742,62054100,0.741,37819100,0.746,30786400,0.747,80529400,0.748,87109600,0.749,75040300,0.75,72272900
sh513130,09:36:40,1764639404261,09:37:42,1764639403973,0.746,0.7467,-0.0937,5674.07,0.9075,4.7878,0,0,0.746,1.008,0.745,86149700,0.744,77070100,0.743,71623900,0.742,62054100,0.741,37819100,0.746,30786400,0.747,80529400,0.748,87109600,0.749,75040300,0.75,72272900
sh513130,09:36:43,1764639405254,09:37:44,1764639404512,0.746,0.7467,-0.0937,5674.68,0.9075,4.7878,5707700,4257944,0.746,0.993,0.746,52116800,0.745,90042200,0.744,77174200,0.743,69625900,0.742,50056500,0.747,80463500,0.748,86067500,0.749,75337400,0.75,72371400,0.751,55743000
sh513130,09:36:43,1764639406251,09:37:44,1764639406118,0.746,0.7467,-0.0937,5674.68,0.9075,3.2192,0,0,0.746,0.998,0.746,52116800,0.745,90042200,0.744,77174200,0.743,69625900,0.742,50056500,0.747,80463500,0.748,86067500,0.749,75337400,0.75,72371400,0.751,55743000
sh513130,09:36:43,1764639407245,09:37:46,1764639406485,0.746,0.7467,-0.0937,5674.87,0.9075,3.2192,0,0,0.746,0.994,0.746,52116800,0.745,90042200,0.744,77174200,0.743,69625900,0.742,50056500,0.747,80463500,0.748,86067500,0.749,75337400,0.75,72371400,0.751,55743000
sh513130,09:36:43,1764639408254,09:37:46,1764639406485,0.746,0.7467,-0.0937,5674.87,0.9075,5.0682,0,0,0.746,1.009,0.746,52116800,0.745,90042200,0.744,77174200,0.743,69625900,0.742,50056500,0.747,80463500,0.748,86067500,0.749,75337400,0.75,72371400,0.751,55743000
sh513130,09:36:46,1764639409364,09:37:48,1764639408471,0.746,0.7467,-0.0937,5675.2,0.9075,4.581,112000,83552,0.746,1.11,0.746,58439000,0.745,91291000,0.744,77767300,0.743,63856000,0.742,50058500,0.747,84891300,0.748,86267400,0.749,75428400,0.75,72480700,0.751,55743000
sh513130,09:36:46,1764639410561,09:37:48,1764639408471,0.746,0.7467,-0.0937,5675.2,0.9075,3.6663,0,0,0.746,1.197,0.746,58439000,0.745,91291000,0.744,77767300,0.743,63856000,0.742,50058500,0.747,84891300,0.748,86267400,0.749,75428400,0.75,72480700,0.751,55743000
sh513130,09:36:46,1764639411616,09:37:50,1764639410654,0.746,0.7467,-0.0937,5676.16,0.9075,4.3206,0,0,0.746,1.055,0.746,58439000,0.745,91291000,0.744,77767300,0.743,63856000,0.742,50058500,0.747,84891300,0.748,86267400,0.749,75428400,0.75,72480700,0.751,55743000
sh513130,09:36:49,1764639412267,09:37:50,1764639410654,0.746,0.7467,-0.0937,5676.16,0.9075,4.3034,334500,249537,0.746,0.651,0.746,55519000,0.745,92544400,0.744,77277000,0.743,63856600,0.742,50033500,0.747,86337700,0.748,86284400,0.749,75546400,0.75,72539700,0.751,55758000
sh513130,09:36:49,1764639413475,09:37:52,1764639412764,0.746,0.7467,-0.0937,5677.17,0.9075,3.7108,0,0,0.746,1.208,0.746,55519000,0.745,92544400,0.744,77277000,0.743,63856600,0.742,50033500,0.747,86337700,0.748,86284400,0.749,75546400,0.75,72539700,0.751,55758000
sh513130,09:36:52,1764639414366,09:37:52,1764639412764,0.746,0.7467,-0.0937,5677.17,0.9075,4.1837,210000,156662,0.746,0.891,0.746,69180300,0.745,83858000,0.744,77488900,0.743,63856600,0.742,50010500,0.747,85907000,0.748,86493900,0.749,75567600,0.75,72609700,0.751,55758000
sh513130,09:36:52,1764639415262,09:37:54,1764639414868,0.746,0.7467,-0.0937,5677.43,0.9075,4.1837,0,0,0.746,0.897,0.746,69180300,0.745,83858000,0.744,77488900,0.743,63856600,0.742,50010500,0.747,85907000,0.748,86493900,0.749,75567600,0.75,72609700,0.751,55758000
sh513130,09:36:52,1764639416275,09:37:54,1764639414868,0.746,0.7467,-0.0937,5677.43,0.9075,6.9284,0,0,0.746,1.013,0.746,69180300,0.745,83858000,0.744,77488900,0.743,63856600,0.742,50010500,0.747,85907000,0.748,86493900,0.749,75567600,0.75,72609700,0.751,55758000
sh513130,09:36:55,1764639417275,09:37:56,1764639416974,0.746,0.7467,-0.0937,5677.22,0.9075,6.9284,680200,507456,0.746,1.0,0.746,61169900,0.745,91488600,0.744,77069500,0.743,63841600,0.742,50010500,0.747,86114100,0.748,86567200,0.749,75630100,0.75,72910600,0.751,55868000
sh513130,09:36:55,1764639418427,09:37:56,1764639416974,0.746,0.7467,-0.0937,5677.22,0.9075,6.4026,0,0,0.746,1.152,0.746,61169900,0.745,91488600,0.744,77069500,0.743,63841600,0.742,50010500,0.747,86114100,0.748,86567200,0.749,75630100,0.75,72910600,0.751,55868000
sh513130,09:36:55,1764639419283,09:37:58,1764639419037,0.746,0.7467,-0.0937,5676.98,0.9075,5.9384,0,0,0.746,0.856,0.746,61169900,0.745,91488600,0.744,77069500,0.743,63841600,0.742,50010500,0.747,86114100,0.748,86567200,0.749,75630100,0.75,72910600,0.751,55868000
sh513130,09:36:58,1764639420282,09:37:58,1764639419037,0.746,0.7473,-0.174,5676.98,0.9075,4.8973,787000,587140,0.746,0.999,0.746,62030100,0.745,92658900,0.744,77164100,0.743,63842900,0.742,50029600,0.747,86670100,0.748,86751100,0.749,75640100,0.75,72932500,0.751,55768000
sh513130,09:36:58,1764639421356,09:38:00,1764639421224,0.746,0.7473,-0.174,5676.59,0.9075,3.697,0,0,0.746,1.074,0.746,62030100,0.745,92658900,0.744,77164100,0.743,63842900,0.742,50029600,0.747,86670100,0.748,86751100,0.749,75640100,0.75,72932500,0.751,55768000
sh513130,09:36:58,1764639422343,09:38:00,1764639421224,0.746,0.7473,-0.174,5676.59,0.9075,3.697,0,0,0.746,0.986,0.746,62030100,0.745,92658900,0.744,77164100,0.743,63842900,0.742,50029600,0.747,86670100,0.748,86751100,0.749,75640100,0.75,72932500,0.751,55768000
sh513130,09:37:01,1764639423439,09:38:02,1764639422588,0.746,0.7473,-0.174,5676.41,0.9075,3.6669,1477400,1102307,0.7461,1.096,0.746,57269700,0.745,91664800,0.744,75398500,0.743,63842900,0.742,50029600,0.747,86831600,0.748,88983700,0.749,76355800,0.75,72951800,0.751,55778000
sh513130,09:37:01,1764639424283,09:38:02,1764639423457,0.746,0.7473,-0.174,5676.41,0.9075,3.1368,0,0,0.746,0.844,0.746,57269700,0.745,91664800,0.744,75398500,0.743,63842900,0.742,50029600,0.747,86831600,0.748,88983700,0.749,76355800,0.75,72951800,0.751,55778000
sh513130,09:37:01,1764639425284,09:38:04,1764639424507,0.746,0.7473,-0.174,5676.39,0.9075,5.0309,0,0,0.746,1.001,0.746,57269700,0.745,91664800,0.744,75398500,0.743,63842900,0.742,50029600,0.747,86831600,0.748,88983700,0.749,76355800,0.75,72951800,0.751,55778000
sh513130,09:37:01,1764639426272,09:38:04,1764639425495,0.746,0.7473,-0.174,5676.39,0.9075,5.0309,0,0,0.746,0.988,0.746,57269700,0.745,91664800,0.744,75398500,0.743,63842900,0.742,50029600,0.747,86831600,0.748,88983700,0.749,76355800,0.75,72951800,0.751,55778000
sh513130,09:37:04,1764639427284,09:38:06,1764639426451,0.747,0.7473,-0.0401,5676.03,0.9075,6.7417,232200,173380,0.7467,1.012,0.746,57341300,0.745,93723400,0.744,74660400,0.743,63851900,0.742,50335800,0.747,86947700,0.748,89341300,0.749,76430800,0.75,72936800,0.751,55833000
sh513130,09:37:04,1764639428274,09:38:06,1764639427646,0.747,0.7473,-0.0401,5676.03,0.9075,5.4104,0,0,0.747,0.99,0.746,57341300,0.745,93723400,0.744,74660400,0.743,63851900,0.742,50335800,0.747,86947700,0.748,89341300,0.749,76430800,0.75,72936800,0.751,55833000
sh513130,09:37:07,1764639429293,09:38:08,1764639428509,0.746,0.7466,-0.0804,5675.88,0.9075,5.4104,10713500,7992437,0.746,1.019,0.745,93936400,0.744,74673500,0.743,71723900,0.742,62333400,0.741,37809900,0.746,48979400,0.747,88694000,0.748,91218800,0.749,76474400,0.75,73188500
sh513130,09:37:07,1764639430289,09:38:08,1764639429804,0.746,0.7466,-0.0804,5675.88,0.9075,6.6736,0,0,0.746,0.996,0.745,93936400,0.744,74673500,0.743,71723900,0.742,62333400,0.741,37809900,0.746,48979400,0.747,88694000,0.748,91218800,0.749,76474400,0.75,73188500
sh513130,09:37:07,1764639431293,09:38:10,1764639430469,0.746,0.7466,-0.0804,5674.63,0.9075,6.6736,0,0,0.746,1.004,0.745,93936400,0.744,74673500,0.743,71723900,0.742,62333400,0.741,37809900,0.746,48979400,0.747,88694000,0.748,91218800,0.749,76474400,0.75,73188500
sh513130,09:37:10,1764639432296,09:38:10,1764639431946,0.746,0.7466,-0.0804,5674.63,0.9075,6.1514,191600,142920,0.7459,1.003,0.745,96849700,0.744,74703500,0.743,71740900,0.742,62283400,0.741,37817800,0.746,47587600,0.747,100513400,0.748,91472200,0.749,74882400,0.75,73306500
sh513130,09:37:10,1764639433296,09:38:12,1764639432474,0.746,0.7466,-0.0804,5674.64,0.9075,5.825,0,0,0.746,1.0,0.745,96849700,0.744,74703500,0.743,71740900,0.742,62283400,0.741,37817800,0.746,47587600,0.747,100513400,0.748,91472200,0.749,74882400,0.75,73306500
sh513130,09:37:10,1764639434296,09:38:12,1764639434099,0.746,0.7466,-0.0804,5674.64,0.9075,5.6007,0,0,0.746,1.001,0.745,96849700,0.744,74703500,0.743,71740900,0.742,62283400,0.741,37817800,0.746,47587600,0.747,100513400,0.748,91472200,0.749,74882400,0.75,73306500
sh513130,09:37:13,1764639435317,09:38:14,1764639434518,0.745,0.7466,-0.2143,5675.1,0.9075,4.8036,524700,391425,0.746,1.02,0.745,85889300,0.744,75441600,0.743,71743900,0.742,62283400,0.741,37817800,0.746,41296300,0.747,89617600,0.748,91522800,0.749,74978200,0.75,73232800
sh513130,09:37:13,1764639436306,09:38:14,1764639436252,0.745,0.7466,-0.2143,5675.1,0.9075,5.1694,0,0,0.745,0.99,0.745,85889300,0.744,75441600,0.743,71743900,0.742,62283400,0.741,37817800,0.746,41296300,0.747,89617600,0.748,91522800,0.749,74978200,0.75,73232800
sh513130,09:37:13,1764639437491,09:38:16,1764639436503,0.745,0.7466,-0.2143,5674.27,0.9075,4.148,0,0,0.745,1.185,0.745,85889300,0.744,75441600,0.743,71743900,0.742,62283400,0.741,37817800,0.746,41296300,0.747,89617600,0.748,91522800,0.749,74978200,0.75,73232800
sh513130,09:37:13,1764639438296,09:38:16,1764639436503,0.745,0.7466,-0.2143,5674.27,0.9075,4.148,0,0,0.745,0.804,0.745,85889300,0.744,75441600,0.743,71743900,0.742,62283400,0.741,37817800,0.746,41296300,0.747,89617600,0.748,91522800,0.749,74978200,0.75,73232800
sh513130,09:37:16,1764639439300,09:38:18,1764639438476,0.746,0.7466,-0.0804,5674.95,0.9075,3.8426,2225300,1660073,0.746,1.005,0.745,88495900,0.744,73667800,0.743,71743900,0.742,62283400,0.741,37802800,0.746,11285600,0.747,88717200,0.748,90566400,0.749,75486400,0.75,73040900
sh513130,09:37:16,1764639440345,09:38:18,1764639438476,0.746,0.7466,-0.0804,5674.95,0.9075,3.7096,0,0,0.746,1.045,0.745,88495900,0.744,73667800,0.743,71743900,0.742,62283400,0.741,37802800,0.746,11285600,0.747,88717200,0.748,90566400,0.749,75486400,0.75,73040900
sh513130,09:37:19,1764639441404,09:38:20,1764639440588,0.746,0.7466,-0.0804,5673.3,0.9075,1.2451,229300,171058,0.746,1.058,0.745,88797900,0.744,73750600,0.743,71753900,0.742,62333400,0.741,37802800,0.746,49470300,0.747,100580600,0.748,91579800,0.749,74728700,0.75,73044100
sh513130,09:37:19,1764639442303,09:38:20,1764639440588,0.746,0.7466,-0.0804,5673.3,0.9075,1.8599,0,0,0.746,0.9,0.745,88797900,0.744,73750600,0.743,71753900,0.742,62333400,0.741,37802800,0.746,49470300,0.747,100580600,0.748,91579800,0.749,74728700,0.75,73044100
sh513130,09:37:19,1764639443360,09:38:22,1764639442700,0.746,0.7466,-0.0804,5672.67,0.9075,2.4031,0,0,0.746,1.056,0.745,88797900,0.744,73750600,0.743,71753900,0.742,62333400,0.741,37802800,0.746,49470300,0.747,100580600,0.748,91579800,0.749,74728700,0.75,73044100
sh513130,09:37:22,1764639444348,09:38:22,1764639442700,0.746,0.7466,-0.0804,5672.67,0.9075,0.5464,140000,104417,0.7458,0.988,0.745,90668100,0.744,73871600,0.743,71783900,0.742,63333400,0.741,37802800,0.746,50915600,0.747,91736100,0.748,91604900,0.749,74805900,0.75,73023000
sh513130,09:37:22,1764639445305,09:38:24,1764639444855,0.746,0.7466,-0.0804,5673.36,0.9075,0.5464,0,0,0.746,0.957,0.745,90668100,0.744,73871600,0.743,71783900,0.742,63333400,0.741,37802800,0.746,50915600,0.747,91736100,0.748,91604900,0.749,74805900,0.75,73023000
sh513130,09:37:22,1764639446301,09:38:24,1764639444855,0.746,0.7466,-0.0804,5673.36,0.9075,0.5186,0,0,0.746,0.996,0.745,90668100,0.744,73871600,0.743,71783900,0.742,63333400,0.741,37802800,0.746,50915600,0.747,91736100,0.748,91604900,0.749,74805900,0.75,73023000
sh513130,09:37:25,1764639447321,09:38:26,1764639447015,0.746,0.7466,-0.0804,5673.48,0.9075,2.3395,141200,105215,0.7451,1.02,0.745,91077500,0.744,74631400,0.743,71785000,0.742,63333400,0.741,37802800,0.746,42806600,0.747,88410600,0.748,91593800,0.749,74825900,0.75,73035800
sh513130,09:37:22,1764639448314,09:38:26,1764639447015,0.746,0.7466,-0.0804,5673.48,0.9075,2.2115,-141200,-105215,0.746,0.993,0.745,90668100,0.744,73871600,0.743,71783900,0.742,63333400,0.741,37802800,0.746,50915600,0.747,91736100,0.748,91604900,0.749,74805900,0.75,73023000
sh513130,09:37:25,1764639449309,09:38:28,1764639449168,0.746,0.7466,-0.0804,5673.86,0.9075,2.2115,141200,105215,0.7451,0.994,0.745,91077500,0.744,74631400,0.743,71785000,0.742,63333400,0.741,37802800,0.746,42806600,0.747,88410600,0.748,91593800,0.749,74825900,0.75,73035800
sh513130,09:37:25,1764639450313,09:38:28,1764639449168,0.746,0.7466,-0.0804,5673.86,0.9075,2.1043,0,0,0.746,1.004,0.745,91077500,0.744,74631400,0.743,71785000,0.742,63333400,0.741,37802800,0.746,42806600,0.747,88410600,0.748,91593800,0.749,74825900,0.75,73035800
sh513130,09:37:28,1764639451312,09:38:30,1764639451304,0.746,0.7467,-0.0937,5674.69,0.9075,1.9784,429300,319906,0.7452,0.999,0.745,93168500,0.744,74179000,0.743,72114600,0.742,63214600,0.741,37807800,0.746,42976300,0.747,88342600,0.748,91832000,0.749,74797500,0.75,73410800
sh513130,09:37:28,1764639452329,09:38:30,1764639451304,0.746,0.7467,-0.0937,5674.69,0.9075,2.2224,0,0,0.746,1.017,0.745,93168500,0.744,74179000,0.743,72114600,0.742,63214600,0.741,37807800,0.746,42976300,0.747,88342600,0.748,91832000,0.749,74797500,0.75,73410800
sh513130,09:37:28,1764639453325,09:38:32,1764639452511,0.746,0.7467,-0.0937,5674.51,0.9075,2.2224,0,0,0.746,0.996,0.745,93168500,0.744,74179000,0.743,72114600,0.742,63214600,0.741,37807800,0.746,42976300,0.747,88342600,0.748,91832000,0.749,74797500,0.75,73410800
sh513130,09:37:31,1764639454322,09:38:32,1764639453475,0.746,0.7467,-0.0937,5674.51,0.9075,2.8791,72900,54383,0.746,0.997,0.745,95196800,0.744,74242100,0.743,72625700,0.742,63214600,0.741,37797800,0.746,49208600,0.747,100264900,0.748,91849700,0.749,75291700,0.75,73523000
sh513130,09:37:31,1764639455326,09:38:34,1764639454460,0.746,0.7467,-0.0937,5675.55,0.9075,4.5675,0,0,0.746,1.004,0.745,95196800,0.744,74242100,0.743,72625700,0.742,63214600,0.741,37797800,0.746,49208600,0.747,100264900,0.748,91849700,0.749,75291700,0.75,73523000
sh513130,09:37:34,1764639456324,09:38:34,1764639455602,0.746,0.7467,-0.0937,5675.55,0.9075,3.7142,183800,137062,0.7457,0.998,0.745,96396900,0.744,74167300,0.743,72611700,0.742,63204600,0.741,37797800,0.746,49587800,0.747,102113000,0.748,91855700,0.749,75422100,0.75,73523000
sh513130,09:37:34,1764639457336,09:38:36,1764639456471,0.746,0.7467,-0.0937,5675.55,0.9075,3.1452,0,0,0.746,1.011,0.745,96396900,0.744,74167300,0.743,72611700,0.742,63204600,0.741,37797800,0.746,49587800,0.747,102113000,0.748,91855700,0.749,75422100,0.75,73523000
sh513130,09:37:34,1764639458332,09:38:36,1764639457756,0.746,0.7467,-0.0937,5675.55,0.9075,2.3635,0,0,0.746,0.996,0.745,96396900,0.744,74167300,0.743,72611700,0.742,63204600,0.741,37797800,0.746,49587800,0.747,102113000,0.748,91855700,0.749,75422100,0.75,73523000
sh513130,09:37:37,1764639459330,09:38:38,1764639458501,0.746,0.7467,-0.0937,5674.76,0.9075,2.1228,7000,5221,0.7459,0.998,0.745,97668200,0.744,74232300,0.743,72611700,0.742,63213600,0.741,37797800,0.746,50169400,0.747,90139900,0.748,92431200,0.749,75422100,0.75,73652500
sh513130,09:37:37,1764639460327,09:38:38,1764639459909,0.746,0.7467,-0.0937,5674.76,0.9075,2.1228,0,0,0.746,0.997,0.745,97668200,0.744,74232300,0.743,72611700,0.742,63213600,0.741,37797800,0.746,50169400,0.747,90139900,0.748,92431200,0.749,75422100,0.75,73652500
sh513130,09:37:37,1764639461331,09:38:40,1764639460462,0.746,0.7467,-0.0937,5675.04,0.9075,1.986,0,0,0.746,1.004,0.745,97668200,0.744,74232300,0.743,72611700,0.742,63213600,0.741,37797800,0.746,50169400,0.747,90139900,0.748,92431200,0.749,75422100,0.75,73652500
sh513130,09:37:40,1764639462328,09:38:40,1764639462057,0.746,0.7467,-0.0937,5675.04,0.9075,2.1662,402800,300386,0.7457,0.997,0.745,98833900,0.744,74232300,0.743,72611700,0.742,63213600,0.741,37859600,0.746,50890000,0.747,101966100,0.748,92477700,0.749,75449300,0.75,74058000
sh513130,09:37:40,1764639463335,09:38:42,1764639462488,0.746,0.7467,-0.0937,5675.21,0.9075,3.379,0,0,0.746,1.007,0.745,98833900,0.744,74232300,0.743,72611700,0.742,63213600,0.741,37859600,0.746,50890000,0.747,101966100,0.748,92477700,0.749,75449300,0.75,74058000
sh513130,09:37:40,1764639464360,09:38:42,1764639464209,0.746,0.7467,-0.0937,5675.21,0.9075,3.2223,0,0,0.746,1.025,0.745,98833900,0.744,74232300,0.743,72611700,0.742,63213600,0.741,37859600,0.746,50890000,0.747,101966100,0.748,92477700,0.749,75449300,0.75,74058000
sh513130,09:37:43,1764639465344,09:38:44,1764639464599,0.745,0.7467,-0.2277,5675.24,0.9075,1.733,1699500,1267817,0.746,0.984,0.745,100041800,0.744,74717000,0.743,72611700,0.742,63223600,0.741,37859600,0.746,50090700,0.747,101591600,0.748,93367600,0.749,75417300,0.75,74219600
sh513130,09:37:43,1764639466339,09:38:44,1764639464599,0.745,0.7467,-0.2277,5675.24,0.9075,1.7828,0,0,0.745,0.995,0.745,100041800,0.744,74717000,0.743,72611700,0.742,63223600,0.741,37859600,0.746,50090700,0.747,101591600,0.748,93367600,0.749,75417300,0.75,74219600
sh513130,09:37:43,1764639467340,09:38:46,1764639466524,0.745,0.7467,-0.2277,5674.42,0.9075,1.7828,0,0,0.745,1.001,0.745,100041800,0.744,74717000,0.743,72611700,0.742,63223600,0.741,37859600,0.746,50090700,0.747,101591600,0.748,93367600,0.749,75417300,0.75,74219600
sh513130,09:37:46,1764639468343,09:38:46,1764639466524,0.746,0.7467,-0.0937,5674.42,0.9075,2.2594,185700,138466,0.7456,1.003,0.745,100979500,0.744,74660000,0.743,72283500,0.742,63223600,0.741,37870100,0.746,50332200,0.747,101697400,0.748,93389100,0.749,75387300,0.75,74230100
sh513130,09:37:46,1764639469347,09:38:48,1764639468513,0.746,0.7467,-0.0937,5674.75,0.9075,2.9393,0,0,0.746,1.004,0.745,100979500,0.744,74660000,0.743,72283500,0.742,63223600,0.741,37870100,0.746,50332200,0.747,101697400,0.748,93389100,0.749,75387300,0.75,74230100
sh513130,09:37:46,1764639470371,09:38:48,1764639468513,0.746,0.7467,-0.0937,5674.75,0.9075,4.3286,0,0,0.746,1.023,0.745,100979500,0.744,74660000,0.743,72283500,0.742,63223600,0.741,37870100,0.746,50332200,0.747,101697400,0.748,93389100,0.749,75387300,0.75,74230100
sh513130,09:37:49,1764639471342,09:38:50,1764639470671,0.745,0.7467,-0.2277,5675.05,0.9075,3.912,130100,96989,0.7455,0.972,0.745,101643700,0.744,74652300,0.743,72273500,0.742,63228600,0.741,37870100,0.746,58955500,0.747,93365000,0.748,94145700,0.749,75225200,0.75,74328700
sh513130,09:37:49,1764639472347,09:38:50,1764639470671,0.745,0.7467,-0.2277,5675.05,0.9075,3.912,0,0,0.745,1.005,0.745,101643700,0.744,74652300,0.743,72273500,0.742,63228600,0.741,37870100,0.746,58955500,0.747,93365000,0.748,94145700,0.749,75225200,0.75,74328700
sh513130,09:37:49,1764639473545,09:38:52,1764639472824,0.745,0.7467,-0.2277,5674.33,0.9075,3.7187,0,0,0.745,1.198,0.745,101643700,0.744,74652300,0.743,72273500,0.742,63228600,0.741,37870100,0.746,58955500,0.747,93365000,0.748,94145700,0.749,75225200,0.75,74328700
sh513130,09:37:52,1764639474621,09:38:52,1764639472824,0.746,0.7467,-0.0937,5674.33,0.9075,3.2468,63500,47367,0.7459,1.076,0.745,102692600,0.744,74658000,0.743,72333600,0.742,63283300,0.741,37873400,0.746,50836300,0.747,101877900,0.748,94108700,0.749,75587300,0.75,74328200
sh513130,09:37:52,1764639475357,09:38:54,1764639474982,0.746,0.7467,-0.0937,5675.28,0.9075,3.2468,0,0,0.746,0.736,0.745,102692600,0.744,74658000,0.743,72333600,0.742,63283300,0.741,37873400,0.746,50836300,0.747,101877900,0.748,94108700,0.749,75587300,0.75,74328200
sh513130,09:37:52,1764639476341,09:38:54,1764639474982,0.746,0.7467,-0.0937,5675.28,0.9075,2.8492,0,0,0.746,0.984,0.745,102692600,0.744,74658000,0.743,72333600,0.742,63283300,0.741,37873400,0.746,50836300,0.747,101877900,0.748,94108700,0.749,75587300,0.75,74328200
sh513130,09:37:55,1764639477482,09:38:56,1764639477136,0.746,0.7467,-0.0937,5674.3,0.9075,3.0105,278200,207537,0.746,1.141,0.745,103372900,0.744,75355400,0.743,72336700,0.742,63233300,0.741,37876100,0.746,53987200,0.747,102903100,0.748,94114500,0.749,72847000,0.75,74333300
sh513130,09:37:55,1764639478363,09:38:56,1764639477136,0.746,0.7467,-0.0937,5674.3,0.9075,2.5166,0,0,0.746,0.881,0.745,103372900,0.744,75355400,0.743,72336700,0.742,63233300,0.741,37876100,0.746,53987200,0.747,102903100,0.748,94114500,0.749,72847000,0.75,74333300
sh513130,09:37:55,1764639479613,09:38:58,1764639479605,0.746,0.7467,-0.0937,5675.17,0.9075,3.9335,0,0,0.746,1.249,0.745,103372900,0.744,75355400,0.743,72336700,0.742,63233300,0.741,37876100,0.746,53987200,0.747,102903100,0.748,94114500,0.749,72847000,0.75,74333300
sh513130,09:37:58,1764639480364,09:38:58,1764639479605,0.745,0.7467,-0.2277,5675.17,0.9075,3.9335,388800,289773,0.7453,0.752,0.745,91006800,0.744,75381900,0.743,72344700,0.742,63243300,0.741,37896100,0.746,53946300,0.747,104254200,0.748,94273100,0.749,72572800,0.75,74433300
sh513130,09:37:58,1764639481368,09:39:00,1764639480509,0.745,0.7467,-0.2277,5674.49,0.9075,5.7472,0,0,0.745,1.004,0.745,91006800,0.744,75381900,0.743,72344700,0.742,63243300,0.741,37896100,0.746,53946300,0.747,104254200,0.748,94273100,0.749,72572800,0.75,74433300
sh513130,09:37:58,1764639482356,09:39:00,1764639481440,0.745,0.7467,-0.2277,5674.49,0.9075,4.6708,0,0,0.745,0.988,0.745,91006800,0.744,75381900,0.743,72344700,0.742,63243300,0.741,37896100,0.746,53946300,0.747,104254200,0.748,94273100,0.749,72572800,0.75,74433300
sh513130,09:38:01,1764639483379,09:39:02,1764639482506,0.745,0.746,-0.134,5670.86,0.9075,4.1048,60300,44924,0.745,1.023,0.745,90605400,0.744,75163400,0.743,72344700,0.742,63243300,0.741,37896100,0.746,64176800,0.747,95858400,0.748,93233100,0.749,72709100,0.75,74483100
sh513130,09:38:01,1764639484376,09:39:02,1764639483588,0.745,0.746,-0.134,5670.86,0.9075,5.1598,0,0,0.745,0.997,0.745,90605400,0.744,75163400,0.743,72344700,0.742,63243300,0.741,37896100,0.746,64176800,0.747,95858400,0.748,93233100,0.749,72709100,0.75,74483100
sh513130,09:38:01,1764639485372,09:39:04,1764639484456,0.745,0.746,-0.134,5669.87,0.9075,4.344,0,0,0.745,0.996,0.745,90605400,0.744,75163400,0.743,72344700,0.742,63243300,0.741,37896100,0.746,64176800,0.747,95858400,0.748,93233100,0.749,72709100,0.75,74483100
sh513130,09:38:04,1764639486357,09:39:04,1764639485741,0.746,0.746,0.0,5669.87,0.9075,4.344,2526100,1882094,0.7451,0.985,0.745,75967400,0.744,83734700,0.743,74020600,0.742,63733300,0.741,37896100,0.746,64248700,0.747,95995500,0.748,90709200,0.749,72874900,0.75,74530600
sh513130,09:38:04,1764639487775,09:39:06,1764639486499,0.746,0.746,0.0,5669.02,0.9075,4.59,0,0,0.746,1.418,0.745,75967400,0.744,83734700,0.743,74020600,0.742,63733300,0.741,37896100,0.746,64248700,0.747,95995500,0.748,90709200,0.749,72874900,0.75,74530600
sh513130,09:38:04,1764639488375,09:39:06,1764639488044,0.746,0.746,0.0,5669.02,0.9075,4.59,0,0,0.746,0.6,0.745,75967400,0.744,83734700,0.743,74020600,0.742,63733300,0.741,37896100,0.746,64248700,0.747,95995500,0.748,90709200,0.749,72874900,0.75,74530600
sh513130,09:38:07,1764639489379,09:39:08,1764639488530,0.745,0.7453,-0.0403,5671.6,0.9075,5.4227,15400,11473,0.745,1.004,0.745,88397400,0.744,77881600,0.743,73330200,0.742,63948700,0.741,37896100,0.746,64969200,0.747,95250700,0.748,90725900,0.749,72907300,0.75,74569100
sh513130,09:38:07,1764639490391,09:39:08,1764639490063,0.745,0.7453,-0.0403,5671.6,0.9075,5.2048,0,0,0.745,1.013,0.745,88397400,0.744,77881600,0.743,73330200,0.742,63948700,0.741,37896100,0.746,64969200,0.747,95250700,0.748,90725900,0.749,72907300,0.75,74569100
sh513130,09:38:10,1764639491428,09:39:10,1764639490492,0.746,0.7453,0.0939,5671.73,0.9075,4.6347,842100,627409,0.7451,1.036,0.745,89567700,0.744,78769800,0.743,72330200,0.742,63648700,0.741,37906100,0.746,64296400,0.747,95564400,0.748,91695900,0.749,72907300,0.75,74602400
sh513130,09:38:10,1764639492373,09:39:10,1764639492217,0.746,0.7453,0.0939,5671.73,0.9075,4.6347,0,0,0.746,0.945,0.745,89567700,0.744,78769800,0.743,72330200,0.742,63648700,0.741,37906100,0.746,64296400,0.747,95564400,0.748,91695900,0.749,72907300,0.75,74602400
sh513130,09:38:10,1764639493470,09:39:12,1764639492484,0.746,0.7453,0.0939,5671.2,0.9075,4.1709,0,0,0.746,1.098,0.745,89567700,0.744,78769800,0.743,72330200,0.742,63648700,0.741,37906100,0.746,64296400,0.747,95564400,0.748,91695900,0.749,72907300,0.75,74602400
sh513130,09:38:10,1764639494374,09:39:12,1764639494372,0.746,0.7453,0.0939,5671.2,0.9075,3.9858,0,0,0.746,0.903,0.745,89567700,0.744,78769800,0.743,72330200,0.742,63648700,0.741,37906100,0.746,64296400,0.747,95564400,0.748,91695900,0.749,72907300,0.75,74602400
sh513130,09:38:13,1764639495380,09:39:14,1764639494469,0.745,0.7453,-0.0403,5670.0,0.9075,6.9097,1827800,1361721,0.745,1.006,0.745,72449100,0.744,87024300,0.743,91318400,0.742,64048700,0.741,37906100,0.746,65864900,0.747,96941800,0.748,90648000,0.749,73004300,0.75,74732400
sh513130,09:38:13,1764639496382,09:39:14,1764639494469,0.745,0.7453,-0.0403,5670.0,0.9075,6.9097,0,0,0.745,1.002,0.745,72449100,0.744,87024300,0.743,91318400,0.742,64048700,0.741,37906100,0.746,65864900,0.747,96941800,0.748,90648000,0.749,73004300,0.75,74732400
sh513130,09:38:13,1764639497384,09:39:16,1764639496509,0.745,0.7453,-0.0403,5668.87,0.9075,6.0729,0,0,0.745,1.003,0.745,72449100,0.744,87024300,0.743,91318400,0.742,64048700,0.741,37906100,0.746,65864900,0.747,96941800,0.748,90648000,0.749,73004300,0.75,74732400
sh513130,09:38:16,1764639498396,09:39:16,1764639496509,0.745,0.746,-0.134,5668.87,0.9075,5.2039,29675600,22108387,0.745,1.011,0.744,92669400,0.743,95498900,0.742,75434700,0.741,53913600,0.74,46102600,0.745,51796900,0.746,61978200,0.747,97469500,0.748,76615800,0.749,77026500
sh513130,09:38:16,1764639499394,09:39:18,1764639498701,0.745,0.746,-0.134,5667.22,0.9075,3.4266,0,0,0.745,0.998,0.744,92669400,0.743,95498900,0.742,75434700,0.741,53913600,0.74,46102600,0.745,51796900,0.746,61978200,0.747,97469500,0.748,76615800,0.749,77026500
sh513130,09:38:16,1764639500411,09:39:18,1764639498701,0.745,0.746,-0.134,5667.22,0.9075,3.3221,0,0,0.745,1.018,0.744,92669400,0.743,95498900,0.742,75434700,0.741,53913600,0.74,46102600,0.745,51796900,0.746,61978200,0.747,97469500,0.748,76615800,0.749,77026500
sh513130,09:38:16,1764639501381,09:39:20,1764639500809,0.745,0.746,-0.134,5668.57,0.9075,3.3221,0,0,0.745,0.97,0.744,92669400,0.743,95498900,0.742,75434700,0.741,53913600,0.74,46102600,0.745,51796900,0.746,61978200,0.747,97469500,0.748,76615800,0.749,77026500
sh513130,09:38:19,1764639502392,09:39:20,1764639500809,0.745,0.746,-0.134,5668.57,0.9075,3.5953,120500,89773,0.745,1.01,0.744,94577800,0.743,95421300,0.742,75436700,0.741,53955900,0.74,46252600,0.745,22737000,0.746,62598200,0.747,97793900,0.748,76987900,0.749,77032100
sh513130,09:38:22,1764639503425,09:39:22,1764639502966,0.746,0.746,0.0,5667.49,0.9075,3.4701,20188000,15040063,0.745,1.033,0.745,69360700,0.744,95556600,0.743,95421300,0.742,68056700,0.741,37959100,0.746,62475600,0.747,97822600,0.748,77399100,0.749,77583700,0.75,79066100
sh513130,09:38:19,1764639504409,09:39:22,1764639502966,0.745,0.746,-0.134,5667.49,0.9075,2.3809,-20188000,-15040063,0.745,0.984,0.744,94577800,0.743,95421300,0.742,75436700,0.741,53955900,0.74,46252600,0.745,22737000,0.746,62598200,0.747,97793900,0.748,76987900,0.749,77032100
sh513130,09:38:22,1764639505394,09:39:24,1764639505111,0.746,0.746,0.0,5667.87,0.9075,2.3809,20188000,15040063,0.745,0.985,0.745,69360700,0.744,95556600,0.743,95421300,0.742,68056700,0.741,37959100,0.746,62475600,0.747,97822600,0.748,77399100,0.749,77583700,0.75,79066100
sh513130,09:38:22,1764639506392,09:39:24,1764639505111,0.746,0.746,0.0,5667.87,0.9075,2.2661,0,0,0.746,0.999,0.745,69360700,0.744,95556600,0.743,95421300,0.742,68056700,0.741,37959100,0.746,62475600,0.747,97822600,0.748,77399100,0.749,77583700,0.75,79066100
sh513130,09:38:25,1764639507453,09:39:26,1764639507431,0.745,0.746,-0.134,5667.79,0.9075,5.3779,339100,252629,0.745,1.061,0.745,67055400,0.744,95917600,0.743,95421300,0.742,67656700,0.741,37961100,0.746,63705400,0.747,97557900,0.748,77394100,0.749,77538700,0.75,79170600
sh513130,09:38:25,1764639508402,09:39:28,1764639508399,0.745,0.746,-0.134,5667.8,0.9075,4.0554,0,0,0.745,0.949,0.745,67055400,0.744,95917600,0.743,95421300,0.742,67656700,0.741,37961100,0.746,63705400,0.747,97557900,0.748,77394100,0.749,77538700,0.75,79170600
