symbol,tx_server_time,tx_local_time,bd_server_time,bd_local_time,price,iopv,premium_rate,index_price,fx_rate,sentiment,tick_vol,tick_amt,tick_vwap,interval_s,bp1,bv1,bp2,bv2,bp3,bv3,bp4,bv4,bp5,bv5,sp1,sv1,sp2,sv2,sp3,sv3,sp4,sv4,sp5,sv5,idx_delay_ms,fut_delay_ms,data_flags
sh513130,09:31:08,1766453473247,09:32:12,1766453472735,0.722,0.7229,-0.1245,5521.58,0.904,0.8937,0,0,0.722,0.0,0.722,64509700,0.721,62786600,0.720,55785300,0.719,36007300,0.718,32498400,0.723,18293000,0.724,74420100,0.725,73855000,0.726,60668000,0.727,42601300,512,0,1
sh513130,09:31:11,1766453474221,09:32:12,1766453473795,0.722,0.723,-0.1383,5521.58,0.904,0.945,741800,535710,0.7222,0.974,0.722,64836500,0.721,61828400,0.720,55886300,0.719,35987800,0.718,32538700,0.723,19556400,0.724,74351800,0.725,73628300,0.726,60879800,0.727,42810700,425,0,0
sh513130,09:31:11,1766453475223,09:32:14,1766453474982,0.722,0.723,-0.1383,5522.43,0.904,2.609,0,0,0.722,1.002,0.722,64836500,0.721,61828400,0.720,55886300,0.719,35987800,0.718,32538700,0.723,19556400,0.724,74351800,0.725,73628300,0.726,60879800,0.727,42810700,241,0,0
sh513130,09:31:14,1766453476229,09:32:14,1766453476004,0.722,0.723,-0.1383,5522.43,0.904,2.5802,116200,83897,0.722,1.006,0.722,66696100,0.721,62835100,0.720,55886300,0.719,36382800,0.718,32539500,0.723,21245900,0.724,74879400,0.725,73624000,0.726,60879800,0.727,42840700,225,0,0
sh513130,09:31:14,1766453477226,09:32:16,1766453476735,0.722,0.723,-0.1383,5522.4,0.904,2.499,0,0,0.722,0.997,0.722,66696100,0.721,62835100,0.720,55886300,0.719,36382800,0.718,32539500,0.723,21245900,0.724,74879400,0.725,73624000,0.726,60879800,0.727,42840700,491,0,0
sh513130,09:31:14,1766453478213,09:32:16,1766453478199,0.722,0.723,-0.1383,5522.4,0.904,5.3905,0,0,0.722,0.987,0.722,66696100,0.721,62835100,0.720,55886300,0.719,36382800,0.718,32539500,0.723,21245900,0.724,74879400,0.725,73624000,0.726,60879800,0.727,42840700,13,0,0
sh513130,09:31:17,1766453479209,09:32:18,1766453478681,0.722,0.7236,-0.2211,5521.81,0.904,5.3243,1078800,779574,0.7226,0.996,0.722,68002500,0.721,61846000,0.720,57170400,0.719,36412800,0.718,32539300,0.723,21013100,0.724,74161800,0.725,72883000,0.726,60909800,0.727,43000700,528,0,0
sh513130,09:31:17,1766453480214,09:32:18,1766453478681,0.722,0.7236,-0.2211,5521.81,0.904,3.58,0,0,0.722,1.005,0.722,68002500,0.721,61846000,0.720,57170400,0.719,36412800,0.718,32539300,0.723,21013100,0.724,74161800,0.725,72883000,0.726,60909800,0.727,43000700,1533,0,0
sh513130,09:31:17,1766453481199,09:32:20,1766453480727,0.722,0.7236,-0.2211,5522.44,0.904,3.1119,0,0,0.722,0.984,0.722,68002500,0.721,61846000,0.720,57170400,0.719,36412800,0.718,32539300,0.723,21013100,0.724,74161800,0.725,72883000,0.726,60909800,0.727,43000700,471,0,0
sh513130,09:31:20,1766453482189,09:32:20,1766453480727,0.722,0.7236,-0.2211,5522.44,0.904,3.5706,446200,322166,0.722,0.991,0.722,70284000,0.721,61826000,0.720,57185400,0.719,36419700,0.718,32539300,0.723,21366400,0.724,74629100,0.725,73702300,0.726,60868500,0.727,43983700,1462,0,0
sh513130,09:31:20,1766453483183,09:32:22,1766453482697,0.722,0.7236,-0.2211,5523.35,0.904,4.5718,0,0,0.722,0.994,0.722,70284000,0.721,61826000,0.720,57185400,0.719,36419700,0.718,32539300,0.723,21366400,0.724,74629100,0.725,73702300,0.726,60868500,0.727,43983700,485,0,0
sh513130,09:31:20,1766453484179,09:32:22,1766453482697,0.722,0.7236,-0.2211,5523.35,0.904,4.2826,0,0,0.722,0.996,0.722,70284000,0.721,61826000,0.720,57185400,0.719,36419700,0.718,32539300,0.723,21366400,0.724,74629100,0.725,73702300,0.726,60868500,0.727,43983700,1482,0,0
sh513130,09:31:23,1766453485183,09:32:24,1766453484782,0.723,0.723,0.0,5524.46,0.904,4.1321,8511900,6154058,0.723,1.004,0.722,61853700,0.721,62826000,0.720,57485400,0.719,36411700,0.718,32549300,0.723,10379300,0.724,74890500,0.725,72686200,0.726,60858500,0.727,43965700,400,0,0
sh513130,09:31:23,1766453486185,09:32:24,1766453484782,0.723,0.723,0.0,5524.46,0.904,3.2459,0,0,0.723,1.002,0.722,61853700,0.721,62826000,0.720,57485400,0.719,36411700,0.718,32549300,0.723,10379300,0.724,74890500,0.725,72686200,0.726,60858500,0.727,43965700,1402,0,0
sh513130,09:31:23,1766453487173,09:32:26,1766453486978,0.723,0.723,0.0,5524.79,0.904,2.9996,0,0,0.723,0.988,0.722,61853700,0.721,62826000,0.720,57485400,0.719,36411700,0.718,32549300,0.723,10379300,0.724,74890500,0.725,72686200,0.726,60858500,0.727,43965700,195,0,0
sh513130,09:31:23,1766453488170,09:32:26,1766453486978,0.723,0.723,0.0,5524.79,0.904,2.536,0,0,0.723,0.997,0.722,61853700,0.721,62826000,0.720,57485400,0.719,36411700,0.718,32549300,0.723,10379300,0.724,74890500,0.725,72686200,0.726,60858500,0.727,43965700,1192,0,0
sh513130,09:31:26,1766453489164,09:32:28,1766453488694,0.723,0.7243,-0.1795,5523.67,0.904,1.6323,3260200,2357038,0.723,0.994,0.722,70392000,0.721,62826300,0.720,57545800,0.719,36411700,0.718,32603100,0.723,6540200,0.724,74987500,0.725,73686400,0.726,61731900,0.727,43979700,470,0,0
sh513130,09:31:26,1766453490163,09:32:28,1766453489174,0.723,0.7243,-0.1795,5523.67,0.904,1.6002,0,0,0.723,0.999,0.722,70392000,0.721,62826300,0.720,57545800,0.719,36411700,0.718,32603100,0.723,6540200,0.724,74987500,0.725,73686400,0.726,61731900,0.727,43979700,988,0,0
sh513130,09:31:26,1766453491166,09:32:30,1766453490739,0.723,0.7243,-0.1795,5522.72,0.904,2.1637,0,0,0.723,1.003,0.722,70392000,0.721,62826300,0.720,57545800,0.719,36411700,0.718,32603100,0.723,6540200,0.724,74987500,0.725,73686400,0.726,61731900,0.727,43979700,427,0,0
sh513130,09:31:29,1766453492161,09:32:30,1766453491370,0.723,0.7243,-0.1795,5522.72,0.904,2.2899,2743400,1982589,0.7227,0.995,0.722,71607300,0.721,61830700,0.720,57545900,0.719,36431700,0.718,32610200,0.723,6039200,0.724,75864800,0.725,73686400,0.726,62604300,0.727,43019700,791,0,0
sh513130,09:31:29,1766453493154,09:32:32,1766453492705,0.723,0.7243,-0.1795,5522.5,0.904,1.5541,0,0,0.723,0.993,0.722,71607300,0.721,61830700,0.720,57545900,0.719,36431700,0.718,32610200,0.723,6039200,0.724,75864800,0.725,73686400,0.726,62604300,0.727,43019700,448,0,0
sh513130,09:31:32,1766453494152,09:32:32,1766453493572,0.723,0.7236,-0.0829,5522.5,0.904,1.5235,302900,218987,0.723,0.998,0.722,73060400,0.721,61830700,0.720,57670900,0.719,36431700,0.718,32629400,0.723,18749300,0.724,67699000,0.725,72792000,0.726,63209500,0.727,43474100,579,0,0
sh513130,09:31:32,1766453495155,09:32:34,1766453494698,0.723,0.7236,-0.0829,5521.52,0.904,-0.3251,0,0,0.723,1.004,0.722,73060400,0.721,61830700,0.720,57670900,0.719,36431700,0.718,32629400,0.723,18749300,0.724,67699000,0.725,72792000,0.726,63209500,0.727,43474100,456,0,0
sh513130,09:31:32,1766453496146,09:32:34,1766453495774,0.723,0.7236,-0.0829,5521.52,0.904,0.8732,0,0,0.723,0.991,0.722,73060400,0.721,61830700,0.720,57670900,0.719,36431700,0.718,32629400,0.723,18749300,0.724,67699000,0.725,72792000,0.726,63209500,0.727,43474100,372,0,0
sh513130,09:31:32,1766453497151,09:32:36,1766453496843,0.723,0.7236,-0.0829,5519.8,0.904,1.9069,0,0,0.723,1.004,0.722,73060400,0.721,61830700,0.720,57670900,0.719,36431700,0.718,32629400,0.723,18749300,0.724,67699000,0.725,72792000,0.726,63209500,0.727,43474100,307,0,0
sh513130,09:31:35,1766453498149,09:32:36,1766453497975,0.723,0.7236,-0.0829,5519.8,0.904,1.4087,755700,545855,0.7223,0.999,0.722,64450400,0.721,61837700,0.720,57783700,0.719,43830900,0.718,32629400,0.723,20599200,0.724,67735000,0.725,72819000,0.726,63209500,0.727,43460100,174,0,0
sh513130,09:31:35,1766453499130,09:32:38,1766453498747,0.723,0.7236,-0.0829,5520.66,0.904,2.5633,0,0,0.723,0.981,0.722,64450400,0.721,61837700,0.720,57783700,0.719,43830900,0.718,32629400,0.723,20599200,0.724,67735000,0.725,72819000,0.726,63209500,0.727,43460100,383,0,0
sh513130,09:31:38,1766453500128,09:32:38,1766453498747,0.722,0.723,-0.1383,5520.66,0.904,3.4917,123100,88938,0.7225,0.998,0.722,63317400,0.721,61847700,0.720,57982300,0.719,40840900,0.718,32629400,0.723,20734000,0.724,67438500,0.725,72847000,0.726,63324600,0.727,43520100,1381,0,0
sh513130,09:31:38,1766453501133,09:32:40,1766453500711,0.722,0.723,-0.1383,5520.93,0.904,4.2739,0,0,0.722,1.005,0.722,63317400,0.721,61847700,0.720,57982300,0.719,40840900,0.718,32629400,0.723,20734000,0.724,67438500,0.725,72847000,0.726,63324600,0.727,43520100,422,0,0
sh513130,09:31:38,1766453502130,09:32:40,1766453500711,0.722,0.723,-0.1383,5520.93,0.904,7.64,0,0,0.722,0.997,0.722,63317400,0.721,61847700,0.720,57982300,0.719,40840900,0.718,32629400,0.723,20734000,0.724,67438500,0.725,72847000,0.726,63324600,0.727,43520100,1419,0,0
sh513130,09:31:38,1766453503131,09:32:42,1766453502686,0.722,0.723,-0.1383,5520.74,0.904,7.5549,0,0,0.722,1.001,0.722,63317400,0.721,61847700,0.720,57982300,0.719,40840900,0.718,32629400,0.723,20734000,0.724,67438500,0.725,72847000,0.726,63324600,0.727,43520100,445,0,0
sh513130,09:31:41,1766453504147,09:32:42,1766453502686,0.723,0.7223,0.0969,5520.74,0.904,5.9452,910700,657618,0.7221,1.016,0.722,67517000,0.721,61902700,0.720,58092600,0.719,37260900,0.718,32629400,0.723,12870400,0.724,75265000,0.725,72647000,0.726,63334600,0.727,43520100,1460,0,0
sh513130,09:31:41,1766453505155,09:32:44,1766453504709,0.723,0.7223,0.0969,5520.06,0.904,4.4924,0,0,0.723,1.008,0.722,67517000,0.721,61902700,0.720,58092600,0.719,37260900,0.718,32629400,0.723,12870400,0.724,75265000,0.725,72647000,0.726,63334600,0.727,43520100,446,0,0
sh513130,09:31:44,1766453506145,09:32:44,1766453504709,0.723,0.7223,0.0969,5520.06,0.904,3.7132,1409800,1019265,0.723,0.99,0.722,59308100,0.721,61912700,0.720,58972300,0.719,43650900,0.718,32630400,0.723,20224200,0.724,67986100,0.725,72742500,0.726,48329500,0.727,43593100,1435,0,0
sh513130,09:31:44,1766453507149,09:32:46,1766453506765,0.723,0.7223,0.0969,5519.51,0.904,2.8194,0,0,0.723,1.004,0.722,59308100,0.721,61912700,0.720,58972300,0.719,43650900,0.718,32630400,0.723,20224200,0.724,67986100,0.725,72742500,0.726,48329500,0.727,43593100,383,0,0
sh513130,09:31:44,1766453508147,09:32:46,1766453506765,0.723,0.7223,0.0969,5519.51,0.904,3.2726,0,0,0.723,0.999,0.722,59308100,0.721,61912700,0.720,58972300,0.719,43650900,0.718,32630400,0.723,20224200,0.724,67986100,0.725,72742500,0.726,48329500,0.727,43593100,1382,0,0
sh513130,09:31:47,1766453509155,09:32:48,1766453508965,0.722,0.723,-0.1383,5519.02,0.904,4.2946,126500,91341,0.7221,1.008,0.722,62295500,0.721,61727800,0.720,59957000,0.719,43650900,0.718,32645700,0.723,23840600,0.724,68610500,0.725,72767500,0.726,63324500,0.727,43647100,190,0,0
sh513130,09:31:47,1766453510146,09:32:48,1766453508965,0.722,0.723,-0.1383,5519.02,0.904,5.0046,0,0,0.722,0.991,0.722,62295500,0.721,61727800,0.720,59957000,0.719,43650900,0.718,32645700,0.723,23840600,0.724,68610500,0.725,72767500,0.726,63324500,0.727,43647100,1181,0,0
sh513130,09:31:47,1766453511144,09:32:50,1766453510660,0.722,0.723,-0.1383,5518.59,0.904,4.1052,0,0,0.722,0.998,0.722,62295500,0.721,61727800,0.720,59957000,0.719,43650900,0.718,32645700,0.723,23840600,0.724,68610500,0.725,72767500,0.726,63324500,0.727,43647100,483,0,0
sh513130,09:31:47,1766453512148,09:32:50,1766453511155,0.722,0.723,-0.1383,5518.59,0.904,5.304,0,0,0.722,1.004,0.722,62295500,0.721,61727800,0.720,59957000,0.719,43650900,0.718,32645700,0.723,23840600,0.724,68610500,0.725,72767500,0.726,63324500,0.727,43647100,993,0,0
sh513130,09:31:47,1766453513146,09:32:52,1766453512695,0.722,0.723,-0.1383,5519.69,0.904,4.483,0,0,0.722,0.998,0.722,62295500,0.721,61727800,0.720,59957000,0.719,43650900,0.718,32645700,0.723,23840600,0.724,68610500,0.725,72767500,0.726,63324500,0.727,43647100,451,0,0
sh513130,09:31:50,1766453514149,09:32:52,1766453513361,0.722,0.723,-0.1383,5519.69,0.904,2.8508,262100,189437,0.7228,1.003,0.722,62088500,0.721,60782700,0.720,61035700,0.719,43760900,0.718,32645700,0.723,23818300,0.724,68703100,0.725,72837100,0.726,62869900,0.727,43647100,788,0,0
sh513130,09:31:50,1766453515159,09:32:54,1766453514707,0.722,0.723,-0.1383,5519.22,0.904,2.337,0,0,0.722,1.009,0.722,62088500,0.721,60782700,0.720,61035700,0.719,43760900,0.718,32645700,0.723,23818300,0.724,68703100,0.725,72837100,0.726,62869900,0.727,43647100,451,0,0
sh513130,09:31:53,1766453516149,09:32:54,1766453515565,0.723,0.7223,0.0969,5519.22,0.904,2.3442,277400,200354,0.7223,0.991,0.722,63099500,0.721,60818700,0.720,59602800,0.719,43783900,0.718,32754200,0.723,24130700,0.724,68728500,0.725,72963100,0.726,63004800,0.727,43707100,584,0,0
sh513130,09:31:53,1766453517145,09:32:56,1766453516743,0.723,0.7223,0.0969,5519.37,0.904,3.1219,0,0,0.723,0.996,0.722,63099500,0.721,60818700,0.720,59602800,0.719,43783900,0.718,32754200,0.723,24130700,0.724,68728500,0.725,72963100,0.726,63004800,0.727,43707100,401,0,0
sh513130,09:31:53,1766453518148,09:32:56,1766453517761,0.723,0.7223,0.0969,5519.37,0.904,2.6362,0,0,0.723,1.004,0.722,63099500,0.721,60818700,0.720,59602800,0.719,43783900,0.718,32754200,0.723,24130700,0.724,68728500,0.725,72963100,0.726,63004800,0.727,43707100,387,0,0
sh513130,09:31:56,1766453519150,09:32:58,1766453518711,0.723,0.7236,-0.0829,5518.6,0.904,2.3161,727800,526199,0.723,1.002,0.722,62931400,0.721,60819700,0.720,60697600,0.719,43006600,0.718,32754200,0.723,41064800,0.724,69149100,0.725,73853500,0.726,48004800,0.727,43707100,438,0,0
sh513130,09:31:56,1766453520146,09:32:58,1766453519961,0.723,0.7236,-0.0829,5518.6,0.904,2.2805,0,0,0.723,0.996,0.722,62931400,0.721,60819700,0.720,60697600,0.719,43006600,0.718,32754200,0.723,41064800,0.724,69149100,0.725,73853500,0.726,48004800,0.727,43707100,184,0,0
sh513130,09:31:56,1766453521158,09:33:00,1766453520861,0.723,0.7236,-0.0829,5518.82,0.904,1.8526,0,0,0.723,1.012,0.722,62931400,0.721,60819700,0.720,60697600,0.719,43006600,0.718,32754200,0.723,41064800,0.724,69149100,0.725,73853500,0.726,48004800,0.727,43707100,297,0,0
sh513130,09:31:59,1766453522152,09:33:00,1766453520861,0.723,0.7236,-0.0829,5518.82,0.904,2.0857,309000,223312,0.7227,0.994,0.722,54687100,0.721,69767400,0.720,61618300,0.719,43006600,0.718,32757300,0.723,40652800,0.724,69897000,0.725,75785200,0.726,50081500,0.727,43715100,1291,0,0
sh513130,09:31:59,1766453523145,09:33:02,1766453522716,0.723,0.7236,-0.0829,5518.77,0.904,1.8947,0,0,0.723,0.993,0.722,54687100,0.721,69767400,0.720,61618300,0.719,43006600,0.718,32757300,0.723,40652800,0.724,69897000,0.725,75785200,0.726,50081500,0.727,43715100,429,0,0
sh513130,09:32:02,1766453524153,09:33:02,1766453522716,0.723,0.723,0.0,5518.77,0.904,2.8032,658800,475978,0.7225,1.008,0.722,62128900,0.721,61480700,0.720,62529300,0.719,43006600,0.718,34160400,0.723,41154900,0.724,68064100,0.725,75732700,0.726,50077500,0.727,43715100,1437,0,0
sh513130,09:32:02,1766453525154,09:33:04,1766453524730,0.723,0.723,0.0,5519.36,0.904,4.9853,0,0,0.723,1.001,0.722,62128900,0.721,61480700,0.720,62529300,0.719,43006600,0.718,34160400,0.723,41154900,0.724,68064100,0.725,75732700,0.726,50077500,0.727,43715100,424,0,0
sh513130,09:32:02,1766453526145,09:33:04,1766453524730,0.723,0.723,0.0,5519.36,0.904,4.9025,0,0,0.723,0.99,0.722,62128900,0.721,61480700,0.720,62529300,0.719,43006600,0.718,34160400,0.723,41154900,0.724,68064100,0.725,75732700,0.726,50077500,0.727,43715100,1414,0,0
sh513130,09:32:05,1766453527159,09:33:06,1766453526709,0.723,0.723,0.0,5520.54,0.904,4.3171,360600,260371,0.722,1.015,0.722,61852800,0.721,62255800,0.720,65502100,0.719,43029600,0.718,34160400,0.723,26753100,0.724,67981200,0.725,78260300,0.726,67217500,0.727,43755100,450,0,0
sh513130,09:32:05,1766453528168,09:33:06,1766453526709,0.723,0.723,0.0,5520.54,0.904,4.0806,0,0,0.723,1.008,0.722,61852800,0.721,62255800,0.720,65502100,0.719,43029600,0.718,34160400,0.723,26753100,0.724,67981200,0.725,78260300,0.726,67217500,0.727,43755100,1458,0,0
sh513130,09:32:05,1766453529168,09:33:08,1766453528786,0.723,0.723,0.0,5521.11,0.904,2.7736,0,0,0.723,1.001,0.722,61852800,0.721,62255800,0.720,65502100,0.719,43029600,0.718,34160400,0.723,26753100,0.724,67981200,0.725,78260300,0.726,67217500,0.727,43755100,382,0,0
sh513130,09:32:05,1766453530174,09:33:08,1766453528786,0.723,0.723,0.0,5521.11,0.904,2.9842,0,0,0.723,1.006,0.722,61852800,0.721,62255800,0.720,65502100,0.719,43029600,0.718,34160400,0.723,26753100,0.724,67981200,0.725,78260300,0.726,67217500,0.727,43755100,1388,0,0
sh513130,09:32:08,1766453531168,09:33:10,1766453530987,0.723,0.7228,0.0277,5522.3,0.904,2.9176,578800,417957,0.7221,0.994,0.722,69710400,0.721,62297000,0.720,61103900,0.719,35512500,0.718,34179100,0.723,16622100,0.724,76161300,0.725,78352200,0.726,67677500,0.727,43770100,181,0,0
sh513130,09:32:08,1766453532163,09:33:10,1766453530987,0.723,0.7228,0.0277,5522.3,0.904,6.1878,0,0,0.723,0.994,0.722,69710400,0.721,62297000,0.720,61103900,0.719,35512500,0.718,34179100,0.723,16622100,0.724,76161300,0.725,78352200,0.726,67677500,0.727,43770100,1175,0,0
sh513130,09:32:11,1766453533176,09:33:12,1766453532706,0.723,0.7228,0.0277,5526.12,0.904,6.1093,14821600,10716009,0.723,1.013,0.723,51205600,0.722,68720500,0.721,60592200,0.720,49328800,0.719,35512500,0.724,76579000,0.725,77379300,0.726,67642500,0.727,43791100,0.728,40228800,469,0,0
sh513130,09:32:11,1766453534187,09:33:12,1766453533187,0.723,0.7228,0.0277,5526.12,0.904,6.3984,0,0,0.723,1.011,0.723,51205600,0.722,68720500,0.721,60592200,0.720,49328800,0.719,35512500,0.724,76579000,0.725,77379300,0.726,67642500,0.727,43791100,0.728,40228800,1000,0,0
sh513130,09:32:11,1766453535181,09:33:14,1766453534750,0.723,0.7228,0.0277,5526.42,0.904,5.8709,0,0,0.723,0.994,0.723,51205600,0.722,68720500,0.721,60592200,0.720,49328800,0.719,35512500,0.724,76579000,0.725,77379300,0.726,67642500,0.727,43791100,0.728,40228800,430,0,0
sh513130,09:32:11,1766453536185,09:33:14,1766453535384,0.723,0.7228,0.0277,5526.42,0.904,5.0743,0,0,0.723,1.004,0.723,51205600,0.722,68720500,0.721,60592200,0.720,49328800,0.719,35512500,0.724,76579000,0.725,77379300,0.726,67642500,0.727,43791100,0.728,40228800,801,0,0
sh513130,09:32:14,1766453537191,09:33:16,1766453536698,0.723,0.7228,0.0277,5527.13,0.904,4.752,2639700,1910483,0.7238,1.006,0.723,59485700,0.722,63643900,0.721,60593200,0.720,49378800,0.719,35769400,0.724,73716100,0.725,77627000,0.726,67663000,0.727,45819100,0.728,40232900,493,0,0
sh513130,09:32:14,1766453538206,09:33:16,1766453537583,0.723,0.7228,0.0277,5527.13,0.904,4.7783,0,0,0.723,1.015,0.723,59485700,0.722,63643900,0.721,60593200,0.720,49378800,0.719,35769400,0.724,73716100,0.725,77627000,0.726,67663000,0.727,45819100,0.728,40232900,623,0,0
sh513130,09:32:17,1766453539196,09:33:18,1766453538690,0.723,0.7235,-0.0691,5527.68,0.904,4.0411,145700,105343,0.723,0.99,0.723,60786500,0.722,64423600,0.721,60823200,0.720,49397800,0.719,35759600,0.724,74929100,0.725,77704400,0.726,68420600,0.727,45850300,0.728,40237900,505,0,0
sh513130,09:32:17,1766453540191,09:33:18,1766453539786,0.723,0.7235,-0.0691,5527.68,0.904,3.9691,0,0,0.723,0.995,0.723,60786500,0.722,64423600,0.721,60823200,0.720,49397800,0.719,35759600,0.724,74929100,0.725,77704400,0.726,68420600,0.727,45850300,0.728,40237900,405,0,0
sh513130,09:32:17,1766453541199,09:33:20,1766453540681,0.723,0.7235,-0.0691,5527.85,0.904,4.1851,0,0,0.723,1.008,0.723,60786500,0.722,64423600,0.721,60823200,0.720,49397800,0.719,35759600,0.724,74929100,0.725,77704400,0.726,68420600,0.727,45850300,0.728,40237900,518,0,0
sh513130,09:32:20,1766453542199,09:33:20,1766453541978,0.724,0.7235,0.0691,5527.85,0.904,5.12,47100,34054,0.723,1.0,0.723,61564000,0.722,65368000,0.721,59831200,0.720,49507800,0.719,36361100,0.724,74972000,0.725,77974400,0.726,68370600,0.727,45883200,0.728,40267900,220,0,0
sh513130,09:32:20,1766453543199,09:33:22,1766453542717,0.724,0.7235,0.0691,5528.73,0.904,3.9693,0,0,0.724,1.0,0.723,61564000,0.722,65368000,0.721,59831200,0.720,49507800,0.719,36361100,0.724,74972000,0.725,77974400,0.726,68370600,0.727,45883200,0.728,40267900,482,0,0
sh513130,09:32:20,1766453544185,09:33:22,1766453544174,0.724,0.7235,0.0691,5528.73,0.904,3.9673,0,0,0.724,0.986,0.723,61564000,0.722,65368000,0.721,59831200,0.720,49507800,0.719,36361100,0.724,74972000,0.725,77974400,0.726,68370600,0.727,45883200,0.728,40267900,10,0,0
sh513130,09:32:23,1766453545179,09:33:24,1766453544674,0.723,0.7235,-0.0691,5528.83,0.904,4.059,73700,53285,0.723,0.994,0.723,68020900,0.722,66225000,0.721,54836700,0.720,43127900,0.719,36268400,0.724,52114100,0.725,86352300,0.726,63350600,0.727,60883200,0.728,40217900,505,0,0
sh513130,09:32:23,1766453546182,09:33:24,1766453544674,0.723,0.7235,-0.0691,5528.83,0.904,3.4495,0,0,0.723,1.004,0.723,68020900,0.722,66225000,0.721,54836700,0.720,43127900,0.719,36268400,0.724,52114100,0.725,86352300,0.726,63350600,0.727,60883200,0.728,40217900,1508,0,0
sh513130,09:32:23,1766453547189,09:33:26,1766453546654,0.723,0.7235,-0.0691,5528.99,0.904,2.9664,0,0,0.723,1.007,0.723,68020900,0.722,66225000,0.721,54836700,0.720,43127900,0.719,36268400,0.724,52114100,0.725,86352300,0.726,63350600,0.727,60883200,0.728,40217900,535,0,0
sh513130,09:32:26,1766453548187,09:33:26,1766453546654,0.724,0.7235,0.0691,5528.99,0.904,2.8984,533400,386077,0.7238,0.997,0.723,68952700,0.722,66333900,0.721,54836700,0.720,42209100,0.719,36268400,0.724,51692300,0.725,86352300,0.726,63340700,0.727,60945200,0.728,40217900,1533,0,0
sh513130,09:32:26,1766453549180,09:33:28,1766453548676,0.724,0.7235,0.0691,5528.45,0.904,2.7918,0,0,0.724,0.993,0.723,68952700,0.722,66333900,0.721,54836700,0.720,42209100,0.719,36268400,0.724,51692300,0.725,86352300,0.726,63340700,0.727,60945200,0.728,40217900,504,0,0
sh513130,09:32:26,1766453550183,09:33:28,1766453548676,0.724,0.7235,0.0691,5528.45,0.904,3.0661,0,0,0.724,1.003,0.723,68952700,0.722,66333900,0.721,54836700,0.720,42209100,0.719,36268400,0.724,51692300,0.725,86352300,0.726,63340700,0.727,60945200,0.728,40217900,1506,0,0
sh513130,09:32:29,1766453551190,09:33:30,1766453550755,0.724,0.7235,0.0691,5527.45,0.904,2.6575,871900,630551,0.7232,1.007,0.723,61066600,0.722,66322300,0.721,55718600,0.720,49610100,0.719,36268400,0.724,75185600,0.725,80784800,0.726,63350700,0.727,45954900,0.728,40230400,434,0,0
sh513130,09:32:29,1766453552206,09:33:30,1766453550755,0.724,0.7235,0.0691,5527.45,0.904,2.8066,0,0,0.724,1.016,0.723,61066600,0.722,66322300,0.721,55718600,0.720,49610100,0.719,36268400,0.724,75185600,0.725,80784800,0.726,63350700,0.727,45954900,0.728,40230400,1450,0,0
sh513130,09:32:29,1766453553193,09:33:32,1766453552957,0.724,0.7235,0.0691,5528.62,0.904,2.9812,0,0,0.724,0.987,0.723,61066600,0.722,66322300,0.721,55718600,0.720,49610100,0.719,36268400,0.724,75185600,0.725,80784800,0.726,63350700,0.727,45954900,0.728,40230400,235,0,0
sh513130,09:32:32,1766453554194,09:33:32,1766453552957,0.724,0.7242,-0.0276,5528.62,0.904,3.9179,1833300,1327266,0.724,1.001,0.723,67566800,0.722,66237100,0.721,55750800,0.720,45280100,0.719,36268400,0.724,50245500,0.725,79907600,0.726,63791300,0.727,60954900,0.728,40242400,1236,0,0
sh513130,09:32:32,1766453555175,09:33:34,1766453555163,0.724,0.7242,-0.0276,5527.96,0.904,5.1388,0,0,0.724,0.981,0.723,67566800,0.722,66237100,0.721,55750800,0.720,45280100,0.719,36268400,0.724,50245500,0.725,79907600,0.726,63791300,0.727,60954900,0.728,40242400,12,0,0
sh513130,09:32:32,1766453556180,09:33:34,1766453555163,0.724,0.7242,-0.0276,5527.96,0.904,4.9939,0,0,0.724,1.005,0.723,67566800,0.722,66237100,0.721,55750800,0.720,45280100,0.719,36268400,0.724,50245500,0.725,79907600,0.726,63791300,0.727,60954900,0.728,40242400,1017,0,0
sh513130,09:32:32,1766453557188,09:33:36,1766453556719,0.724,0.7242,-0.0276,5528.11,0.904,4.9111,0,0,0.724,1.008,0.723,67566800,0.722,66237100,0.721,55750800,0.720,45280100,0.719,36268400,0.724,50245500,0.725,79907600,0.726,63791300,0.727,60954900,0.728,40242400,468,0,0
sh513130,09:32:35,1766453558184,09:33:36,1766453557360,0.724,0.7242,-0.0276,5528.11,0.904,5.3187,729800,528341,0.724,0.997,0.723,69201300,0.722,66387400,0.721,55854000,0.720,44280100,0.719,36270400,0.724,59966800,0.725,79919100,0.726,63864700,0.727,61826900,0.728,40248400,824,0,0
sh513130,09:32:35,1766453559177,09:33:38,1766453558716,0.724,0.7242,-0.0276,5528.87,0.904,5.834,0,0,0.724,0.993,0.723,69201300,0.722,66387400,0.721,55854000,0.720,44280100,0.719,36270400,0.724,59966800,0.725,79919100,0.726,63864700,0.727,61826900,0.728,40248400,460,0,0
sh513130,09:32:38,1766453560176,09:33:38,1766453559554,0.724,0.7242,-0.0276,5528.87,0.904,4.3416,120800,87385,0.7234,0.999,0.723,63818000,0.722,66430400,0.721,54975100,0.720,49660100,0.719,36270400,0.724,60201900,0.725,79910100,0.726,64106700,0.727,62664000,0.728,40248400,622,0,0
sh513130,09:32:38,1766453561187,09:33:40,1766453560725,0.724,0.7242,-0.0276,5528.32,0.904,3.8631,0,0,0.724,1.011,0.723,63818000,0.722,66430400,0.721,54975100,0.720,49660100,0.719,36270400,0.724,60201900,0.725,79910100,0.726,64106700,0.727,62664000,0.728,40248400,462,0,0
sh513130,09:32:38,1766453562193,09:33:40,1766453562074,0.724,0.7242,-0.0276,5528.32,0.904,4.1445,0,0,0.724,1.005,0.723,63818000,0.722,66430400,0.721,54975100,0.720,49660100,0.719,36270400,0.724,60201900,0.725,79910100,0.726,64106700,0.727,62664000,0.728,40248400,118,0,0
sh513130,09:32:38,1766453563195,09:33:42,1766453562670,0.724,0.7242,-0.0276,5529.03,0.904,4.3776,0,0,0.724,1.002,0.723,63818000,0.722,66430400,0.721,54975100,0.720,49660100,0.719,36270400,0.724,60201900,0.725,79910100,0.726,64106700,0.727,62664000,0.728,40248400,524,0,0
sh513130,09:32:41,1766453564203,09:33:42,1766453563954,0.723,0.7235,-0.0691,5529.03,0.904,5.7905,994500,719114,0.7231,1.008,0.723,47402400,0.722,75115700,0.721,54863400,0.720,48150600,0.719,35270400,0.724,75116800,0.725,79925100,0.726,62150400,0.727,47208700,0.728,39248400,249,0,0
sh513130,09:32:41,1766453565200,09:33:44,1766453564717,0.723,0.7235,-0.0691,5528.15,0.904,5.2953,0,0,0.723,0.997,0.723,47402400,0.722,75115700,0.721,54863400,0.720,48150600,0.719,35270400,0.724,75116800,0.725,79925100,0.726,62150400,0.727,47208700,0.728,39248400,483,0,0
sh513130,09:32:41,1766453566205,09:33:44,1766453566158,0.723,0.7235,-0.0691,5528.15,0.904,6.0114,0,0,0.723,1.005,0.723,47402400,0.722,75115700,0.721,54863400,0.720,48150600,0.719,35270400,0.724,75116800,0.725,79925100,0.726,62150400,0.727,47208700,0.728,39248400,46,0,0
sh513130,09:32:44,1766453567196,09:33:46,1766453566706,0.723,0.7235,-0.0691,5528.4,0.904,5.5588,280300,202935,0.724,0.992,0.723,56920200,0.722,66725700,0.721,55879300,0.720,48230600,0.719,35263200,0.724,74605700,0.725,80045600,0.726,62404500,0.727,47220700,0.728,39290500,488,0,0
sh513130,09:32:44,1766453568202,09:33:46,1766453566706,0.723,0.7235,-0.0691,5528.4,0.904,4.4671,0,0,0.723,1.006,0.723,56920200,0.722,66725700,0.721,55879300,0.720,48230600,0.719,35263200,0.724,74605700,0.725,80045600,0.726,62404500,0.727,47220700,0.728,39290500,1494,0,0
sh513130,09:32:47,1766453569195,09:33:48,1766453568710,0.724,0.7242,-0.0276,5528.25,0.904,3.398,54700,39570,0.7234,0.993,0.723,57166500,0.722,68894500,0.721,56757600,0.720,48285600,0.719,35261000,0.724,74667400,0.725,80349900,0.726,63308800,0.727,47267400,0.728,39290500,484,0,0
sh513130,09:32:47,1766453570204,09:33:48,1766453568710,0.724,0.7242,-0.0276,5528.25,0.904,3.061,0,0,0.724,1.009,0.723,57166500,0.722,68894500,0.721,56757600,0.720,48285600,0.719,35261000,0.724,74667400,0.725,80349900,0.726,63308800,0.727,47267400,0.728,39290500,1493,0,0
sh513130,09:32:47,1766453571200,09:33:50,1766453570710,0.724,0.7242,-0.0276,5527.49,0.904,3.4699,0,0,0.724,0.996,0.723,57166500,0.722,68894500,0.721,56757600,0.720,48285600,0.719,35261000,0.724,74667400,0.725,80349900,0.726,63308800,0.727,47267400,0.728,39290500,489,0,0
sh513130,09:32:50,1766453572193,09:33:50,1766453570710,0.724,0.7242,-0.0276,5527.49,0.904,3.406,33800,24452,0.7234,0.993,0.723,58136200,0.722,68951800,0.721,57446400,0.720,48292800,0.719,35261000,0.724,74949200,0.725,80460500,0.726,64760300,0.727,47475200,0.728,39355500,1482,0,0
sh513130,09:32:50,1766453573218,09:33:52,1766453572774,0.724,0.7242,-0.0276,5526.65,0.904,2.0789,0,0,0.724,1.025,0.723,58136200,0.722,68951800,0.721,57446400,0.720,48292800,0.719,35261000,0.724,74949200,0.725,80460500,0.726,64760300,0.727,47475200,0.728,39355500,444,0,0
sh513130,09:32:50,1766453574196,09:33:52,1766453572774,0.724,0.7242,-0.0276,5526.65,0.904,2.0749,0,0,0.724,0.978,0.723,58136200,0.722,68951800,0.721,57446400,0.720,48292800,0.719,35261000,0.724,74949200,0.725,80460500,0.726,64760300,0.727,47475200,0.728,39355500,1422,0,0
sh513130,09:32:50,1766453575204,09:33:54,1766453574985,0.724,0.7242,-0.0276,5527.4,0.904,2.995,0,0,0.724,1.008,0.723,58136200,0.722,68951800,0.721,57446400,0.720,48292800,0.719,35261000,0.724,74949200,0.725,80460500,0.726,64760300,0.727,47475200,0.728,39355500,219,0,0
sh513130,09:32:53,1766453576193,09:33:54,1766453574985,0.723,0.7235,-0.0691,5527.4,0.904,3.564,153000,110673,0.7234,0.989,0.723,58279400,0.722,69084100,0.721,58334700,0.720,48292800,0.719,35261000,0.724,75532600,0.725,80614400,0.726,65673000,0.727,47499400,0.728,40357000,1207,0,0
sh513130,09:32:53,1766453577200,09:33:56,1766453577193,0.723,0.7235,-0.0691,5526.66,0.904,3.4721,0,0,0.723,1.008,0.723,58279400,0.722,69084100,0.721,58334700,0.720,48292800,0.719,35261000,0.724,75532600,0.725,80614400,0.726,65673000,0.727,47499400,0.728,40357000,7,0,0
sh513130,09:32:56,1766453578199,09:33:56,1766453577193,0.724,0.7235,0.0691,5526.66,0.904,3.4157,245900,177963,0.7237,0.999,0.723,58907000,0.722,70103900,0.721,59158800,0.720,48293000,0.719,35261000,0.724,75715900,0.725,80712200,0.726,66758000,0.727,47163800,0.728,40815200,1006,0,0
sh513130,09:32:56,1766453579205,09:33:58,1766453578675,0.724,0.7235,0.0691,5526.87,0.904,3.8697,0,0,0.724,1.006,0.723,58907000,0.722,70103900,0.721,59158800,0.720,48293000,0.719,35261000,0.724,75715900,0.725,80712200,0.726,66758000,0.727,47163800,0.728,40815200,529,0,0
sh513130,09:32:56,1766453580195,09:33:58,1766453579486,0.724,0.7235,0.0691,5526.87,0.904,3.5367,0,0,0.724,0.99,0.723,58907000,0.722,70103900,0.721,59158800,0.720,48293000,0.719,35261000,0.724,75715900,0.725,80712200,0.726,66758000,0.727,47163800,0.728,40815200,708,0,0
sh513130,09:32:56,1766453581198,09:34:00,1766453580775,0.724,0.7235,0.0691,5526.65,0.904,3.4719,0,0,0.724,1.003,0.723,58907000,0.722,70103900,0.721,59158800,0.720,48293000,0.719,35261000,0.724,75715900,0.725,80712200,0.726,66758000,0.727,47163800,0.728,40815200,423,0,0
sh513130,09:32:59,1766453582203,09:34:00,1766453581595,0.724,0.7235,0.0691,5526.65,0.904,3.8011,464400,335779,0.723,1.005,0.723,58629700,0.722,70104900,0.721,59123800,0.720,48293000,0.719,35262600,0.724,76105200,0.725,82084600,0.726,67631900,0.727,47153800,0.728,40823500,608,0,0
sh513130,09:32:59,1766453583191,09:34:02,1766453582713,0.724,0.7235,0.0691,5526.55,0.904,5.238,0,0,0.724,0.988,0.723,58629700,0.722,70104900,0.721,59123800,0.720,48293000,0.719,35262600,0.724,76105200,0.725,82084600,0.726,67631900,0.727,47153800,0.728,40823500,478,0,0
sh513130,09:33:02,1766453584206,09:34:02,1766453583861,0.724,0.7235,0.0691,5526.55,0.904,4.922,92500,66944,0.7237,1.014,0.723,58854200,0.722,72195700,0.721,61103800,0.720,48293000,0.719,35337600,0.724,61335000,0.725,85831800,0.726,70374900,0.727,61173800,0.728,40856600,344,0,0
sh513130,09:33:02,1766453585190,09:34:04,1766453584715,0.724,0.7235,0.0691,5526.99,0.904,4.4804,0,0,0.724,0.984,0.723,58854200,0.722,72195700,0.721,61103800,0.720,48293000,0.719,35337600,0.724,61335000,0.725,85831800,0.726,70374900,0.727,61173800,0.728,40856600,474,0,0
sh513130,09:33:02,1766453586197,09:34:04,1766453586021,0.724,0.7235,0.0691,5526.99,0.904,4.403,0,0,0.724,1.007,0.723,58854200,0.722,72195700,0.721,61103800,0.720,48293000,0.719,35337600,0.724,61335000,0.725,85831800,0.726,70374900,0.727,61173800,0.728,40856600,173,0,0
sh513130,09:33:05,1766453587191,09:34:06,1766453586696,0.723,0.7235,-0.0691,5526.39,0.904,4.5385,652800,472025,0.7231,0.995,0.723,58677300,0.722,72579200,0.721,61153800,0.720,48313000,0.719,35022800,0.724,76892100,0.725,83404000,0.726,70704500,0.727,47154000,0.728,39946400,495,0,0
sh513130,09:33:05,1766453588195,09:34:06,1766453586696,0.723,0.7235,-0.0691,5526.39,0.904,3.9296,0,0,0.723,1.004,0.723,58677300,0.722,72579200,0.721,61153800,0.720,48313000,0.719,35022800,0.724,76892100,0.725,83404000,0.726,70704500,0.727,47154000,0.728,39946400,1499,0,0
sh513130,09:33:05,1766453589199,09:34:08,1766453588684,0.723,0.7235,-0.0691,5526.02,0.904,3.6507,0,0,0.723,1.004,0.723,58677300,0.722,72579200,0.721,61153800,0.720,48313000,0.719,35022800,0.724,76892100,0.725,83404000,0.726,70704500,0.727,47154000,0.728,39946400,515,0,0
sh513130,09:33:08,1766453590195,09:34:08,1766453588684,0.723,0.7242,-0.1657,5526.02,0.904,3.4435,960000,694678,0.7236,0.996,0.723,56043100,0.722,73091200,0.721,61153800,0.720,48037000,0.719,35022800,0.724,78127000,0.725,85423500,0.726,70735400,0.727,48024100,0.728,40134900,1511,0,0
sh513130,09:33:08,1766453591191,09:34:10,1766453590719,0.723,0.7242,-0.1657,5525.09,0.904,4.3515,0,0,0.723,0.996,0.723,56043100,0.722,73091200,0.721,61153800,0.720,48037000,0.719,35022800,0.724,78127000,0.725,85423500,0.726,70735400,0.727,48024100,0.728,40134900,471,0,0
sh513130,09:33:08,1766453592203,09:34:10,1766453590719,0.723,0.7242,-0.1657,5525.09,0.904,3.9159,0,0,0.723,1.012,0.723,56043100,0.722,73091200,0.721,61153800,0.720,48037000,0.719,35022800,0.724,78127000,0.725,85423500,0.726,70735400,0.727,48024100,0.728,40134900,1483,0,0
sh513130,09:33:11,1766453593196,09:34:12,1766453592756,0.723,0.7236,-0.0829,5525.59,0.904,1.6796,1014500,734121,0.7236,0.993,0.723,47231900,0.722,73405200,0.721,61538800,0.720,48053000,0.719,35027200,0.724,78243100,0.725,85723500,0.726,71162200,0.727,48935200,0.728,40509600,439,0,0
sh513130,09:33:11,1766453594190,09:34:12,1766453592756,0.723,0.7236,-0.0829,5525.59,0.904,1.8905,0,0,0.723,0.995,0.723,47231900,0.722,73405200,0.721,61538800,0.720,48053000,0.719,35027200,0.724,78243100,0.725,85723500,0.726,71162200,0.727,48935200,0.728,40509600,1434,0,0
sh513130,09:33:11,1766453595177,09:34:14,1766453594805,0.723,0.7236,-0.0829,5523.48,0.904,2.5035,0,0,0.723,0.986,0.723,47231900,0.722,73405200,0.721,61538800,0.720,48053000,0.719,35027200,0.724,78243100,0.725,85723500,0.726,71162200,0.727,48935200,0.728,40509600,371,0,0
sh513130,09:33:11,1766453596183,09:34:14,1766453594805,0.723,0.7236,-0.0829,5523.48,0.904,2.6602,0,0,0.723,1.006,0.723,47231900,0.722,73405200,0.721,61538800,0.720,48053000,0.719,35027200,0.724,78243100,0.725,85723500,0.726,71162200,0.727,48935200,0.728,40509600,1377,0,0
sh513130,09:33:14,1766453597189,09:34:16,1766453597013,0.722,0.7236,-0.2211,5525.49,0.904,3.3184,13657500,9874072,0.723,1.007,0.722,85101000,0.721,62538800,0.720,56053000,0.719,35028500,0.718,35885900,0.723,3848600,0.724,82560400,0.725,85758500,0.726,71230200,0.727,44771600,176,0,0
sh513130,09:33:14,1766453598180,09:34:16,1766453597013,0.722,0.7236,-0.2211,5525.49,0.904,2.8813,0,0,0.722,0.991,0.722,85101000,0.721,62538800,0.720,56053000,0.719,35028500,0.718,35885900,0.723,3848600,0.724,82560400,0.725,85758500,0.726,71230200,0.727,44771600,1166,0,0
sh513130,09:33:17,1766453599191,09:34:18,1766453598694,0.723,0.7236,-0.0829,5525.97,0.904,4.6552,5475100,3958579,0.723,1.011,0.723,44715600,0.722,77529800,0.721,62538800,0.720,48453000,0.719,35028500,0.724,79215000,0.725,86322300,0.726,71255200,0.727,45940100,0.728,40566400,497,0,0
sh513130,09:33:17,1766453600197,09:34:18,1766453599208,0.723,0.7236,-0.0829,5525.97,0.904,4.4061,0,0,0.723,1.006,0.723,44715600,0.722,77529800,0.721,62538800,0.720,48453000,0.719,35028500,0.724,79215000,0.725,86322300,0.726,71255200,0.727,45940100,0.728,40566400,989,0,0
sh513130,09:33:17,1766453601193,09:34:20,1766453600739,0.723,0.7236,-0.0829,5526.47,0.904,3.9863,0,0,0.723,0.995,0.723,44715600,0.722,77529800,0.721,62538800,0.720,48453000,0.719,35028500,0.724,79215000,0.725,86322300,0.726,71255200,0.727,45940100,0.728,40566400,453,0,0
sh513130,09:33:20,1766453602200,09:34:20,1766453601400,0.723,0.7236,-0.0829,5526.47,0.904,3.8837,1145800,828416,0.723,1.008,0.723,43683800,0.722,77604100,0.721,62539900,0.720,48587100,0.719,35028600,0.724,78847900,0.725,86437800,0.726,71405200,0.727,46811200,0.728,40571100,800,0,0
sh513130,09:33:20,1766453603201,09:34:22,1766453602708,0.723,0.7236,-0.0829,5525.66,0.904,3.3963,0,0,0.723,1.001,0.723,43683800,0.722,77604100,0.721,62539900,0.720,48587100,0.719,35028600,0.724,78847900,0.725,86437800,0.726,71405200,0.727,46811200,0.728,40571100,493,0,0
sh513130,09:33:20,1766453604201,09:34:22,1766453603594,0.723,0.7236,-0.0829,5525.66,0.904,4.0738,0,0,0.723,1.0,0.723,43683800,0.722,77604100,0.721,62539900,0.720,48587100,0.719,35028600,0.724,78847900,0.725,86437800,0.726,71405200,0.727,46811200,0.728,40571100,607,0,0
sh513130,09:33:23,1766453605199,09:34:24,1766453604775,0.723,0.7236,-0.0829,5525.42,0.904,4.0015,961900,695768,0.7233,0.998,0.723,44304300,0.722,77771900,0.721,62538900,0.720,48304300,0.719,35028700,0.724,79030800,0.725,87019600,0.726,71450100,0.727,47732300,0.728,40715100,423,0,0
sh513130,09:33:23,1766453606193,09:34:24,1766453605787,0.723,0.7236,-0.0829,5525.42,0.904,3.93,0,0,0.723,0.994,0.723,44304300,0.722,77771900,0.721,62538900,0.720,48304300,0.719,35028700,0.724,79030800,0.725,87019600,0.726,71450100,0.727,47732300,0.728,40715100,404,0,0
sh513130,09:33:23,1766453607195,09:34:26,1766453606724,0.723,0.7236,-0.0829,5525.36,0.904,2.4411,0,0,0.723,1.002,0.723,44304300,0.722,77771900,0.721,62538900,0.720,48304300,0.719,35028700,0.724,79030800,0.725,87019600,0.726,71450100,0.727,47732300,0.728,40715100,470,0,0
sh513130,09:33:26,1766453608205,09:34:26,1766453607989,0.723,0.7236,-0.0829,5525.36,0.904,2.4519,1171400,847009,0.7231,1.01,0.723,35026600,0.722,85945800,0.721,62538900,0.720,48339300,0.719,35028700,0.724,83017600,0.725,87019300,0.726,71727100,0.727,47705800,0.728,40711400,215,0,0
sh513130,09:33:26,1766453609193,09:34:28,1766453608691,0.723,0.7236,-0.0829,5524.81,0.904,1.5604,0,0,0.723,0.988,0.723,35026600,0.722,85945800,0.721,62538900,0.720,48339300,0.719,35028700,0.724,83017600,0.725,87019300,0.726,71727100,0.727,47705800,0.728,40711400,501,0,0
sh513130,09:33:26,1766453610197,09:34:28,1766453610185,0.723,0.7236,-0.0829,5524.81,0.904,1.2789,0,0,0.723,1.004,0.723,35026600,0.722,85945800,0.721,62538900,0.720,48339300,0.719,35028700,0.724,83017600,0.725,87019300,0.726,71727100,0.727,47705800,0.728,40711400,12,0,0
sh513130,09:33:29,1766453611205,09:34:30,1766453610832,0.723,0.7236,-0.0829,5524.59,0.904,1.455,1093000,790280,0.723,1.008,0.723,13911200,0.722,85948400,0.721,62548900,0.720,56339800,0.719,35278700,0.724,83331700,0.725,87019300,0.726,71951300,0.727,48596900,0.728,40879300,373,0,0
sh513130,09:33:29,1766453612195,09:34:30,1766453610832,0.723,0.7236,-0.0829,5524.59,0.904,1.4412,0,0,0.723,0.99,0.723,13911200,0.722,85948400,0.721,62548900,0.720,56339800,0.719,35278700,0.724,83331700,0.725,87019300,0.726,71951300,0.727,48596900,0.728,40879300,1363,0,0
sh513130,09:33:29,1766453613194,09:34:32,1766453612908,0.723,0.7236,-0.0829,5524.76,0.904,2.4934,0,0,0.723,0.999,0.723,13911200,0.722,85948400,0.721,62548900,0.720,56339800,0.719,35278700,0.724,83331700,0.725,87019300,0.726,71951300,0.727,48596900,0.728,40879300,285,0,0
sh513130,09:33:32,1766453614197,09:34:32,1766453612908,0.723,0.7236,-0.0829,5524.76,0.904,1.9217,1186900,858493,0.7233,1.004,0.723,4819600,0.722,85088800,0.721,62548900,0.720,56339400,0.719,35278700,0.724,83385200,0.725,86881500,0.726,72008300,0.727,49241400,0.728,40940000,1289,0,0
sh513130,09:33:29,1766453615195,09:34:34,1766453614744,0.723,0.7236,-0.0829,5524.11,0.904,2.703,0,0,0.723,0.998,0.723,13911200,0.722,85948400,0.721,62548900,0.720,56339800,0.719,35278700,0.724,83331700,0.725,87019300,0.726,71951300,0.727,48596900,0.728,40879300,451,0,1
sh513130,09:33:32,1766453616196,09:34:34,1766453614744,0.723,0.7236,-0.0829,5524.11,0.904,3.1356,1186900,858493,0.7233,1.001,0.723,4819600,0.722,85088800,0.721,62548900,0.720,56339400,0.719,35278700,0.724,83385200,0.725,86881500,0.726,72008300,0.727,49241400,0.728,40940000,1452,0,0
sh513130,09:33:35,1766453617197,09:34:36,1766453616787,0.723,0.7236,-0.0829,5522.68,0.904,1.499,3356200,2426534,0.723,1.0,0.722,84879000,0.721,62600500,0.720,56804200,0.719,35278700,0.718,36402000,0.723,14516200,0.724,84024500,0.725,86877500,0.726,72008300,0.727,49259400,408,0,0
sh513130,09:33:35,1766453618203,09:34:36,1766453616787,0.723,0.7236,-0.0829,5522.68,0.904,1.6398,0,0,0.723,1.006,0.722,84879000,0.721,62600500,0.720,56804200,0.719,35278700,0.718,36402000,0.723,14516200,0.724,84024500,0.725,86877500,0.726,72008300,0.727,49259400,1414,0,0
sh513130,09:33:35,1766453619201,09:34:38,1766453618981,0.723,0.7236,-0.0829,5520.19,0.904,2.1614,0,0,0.723,0.999,0.722,84879000,0.721,62600500,0.720,56804200,0.719,35278700,0.718,36402000,0.723,14516200,0.724,84024500,0.725,86877500,0.726,72008300,0.727,49259400,220,0,0
sh513130,09:33:35,1766453620201,09:34:38,1766453618981,0.723,0.7236,-0.0829,5520.19,0.904,2.4878,0,0,0.723,0.999,0.722,84879000,0.721,62600500,0.720,56804200,0.719,35278700,0.718,36402000,0.723,14516200,0.724,84024500,0.725,86877500,0.726,72008300,0.727,49259400,1219,0,0
sh513130,09:33:38,1766453621205,09:34:40,1766453621174,0.723,0.7236,-0.0829,5519.34,0.904,5.0919,24200,17496,0.723,1.004,0.722,86598100,0.721,68600500,0.720,65334300,0.719,35280900,0.718,36402000,0.723,27327400,0.724,77639100,0.725,86103500,0.726,71748300,0.727,44338500,31,0,0
sh513130,09:33:38,1766453622193,09:34:40,1766453621174,0.723,0.7236,-0.0829,5519.34,0.904,4.9712,0,0,0.723,0.989,0.722,86598100,0.721,68600500,0.720,65334300,0.719,35280900,0.718,36402000,0.723,27327400,0.724,77639100,0.725,86103500,0.726,71748300,0.727,44338500,1019,0,0
sh513130,09:33:38,1766453623209,09:34:42,1766453622719,0.723,0.7236,-0.0829,5519.06,0.904,4.5801,0,0,0.723,1.015,0.722,86598100,0.721,68600500,0.720,65334300,0.719,35280900,0.718,36402000,0.723,27327400,0.724,77639100,0.725,86103500,0.726,71748300,0.727,44338500,489,0,0
sh513130,09:33:41,1766453624213,09:34:42,1766453623374,0.723,0.7236,-0.0829,5519.06,0.904,4.5015,667300,482458,0.723,1.004,0.722,78733200,0.721,68545600,0.720,65336300,0.719,38280900,0.718,36471600,0.723,38435200,0.724,78790500,0.725,87000000,0.726,51093400,0.727,44348400,838,0,0
sh513130,09:33:41,1766453625219,09:34:44,1766453624731,0.723,0.7236,-0.0829,5518.43,0.904,4.9243,0,0,0.723,1.006,0.722,78733200,0.721,68545600,0.720,65336300,0.719,38280900,0.718,36471600,0.723,38435200,0.724,78790500,0.725,87000000,0.726,51093400,0.727,44348400,487,0,0
sh513130,09:33:44,1766453626218,09:34:44,1766453625583,0.723,0.7236,-0.0829,5518.43,0.904,3.8569,519600,375302,0.7223,0.999,0.722,81272400,0.721,68051600,0.720,66231600,0.719,35330900,0.718,36471600,0.723,37431800,0.724,77123500,0.725,87873500,0.726,69093400,0.727,44348400,634,0,0
sh513130,09:33:44,1766453627214,09:34:46,1766453626731,0.723,0.7236,-0.0829,5519.76,0.904,3.8579,0,0,0.723,0.997,0.722,81272400,0.721,68051600,0.720,66231600,0.719,35330900,0.718,36471600,0.723,37431800,0.724,77123500,0.725,87873500,0.726,69093400,0.727,44348400,483,0,0
sh513130,09:33:44,1766453628214,09:34:46,1766453627789,0.723,0.7236,-0.0829,5519.76,0.904,2.5516,0,0,0.723,1.0,0.722,81272400,0.721,68051600,0.720,66231600,0.719,35330900,0.718,36471600,0.723,37431800,0.724,77123500,0.725,87873500,0.726,69093400,0.727,44348400,425,0,0
sh513130,09:33:47,1766453629216,09:34:48,1766453628746,0.723,0.7229,0.0138,5518.36,0.904,2.5027,30800,22268,0.723,1.002,0.722,73846600,0.721,68021600,0.720,67299600,0.719,42716900,0.718,36499100,0.723,41454600,0.724,76650700,0.725,87871600,0.726,66208100,0.727,44348400,470,0,0
sh513130,09:33:47,1766453630212,09:34:48,1766453629993,0.723,0.7229,0.0138,5518.36,0.904,2.2118,0,0,0.723,0.995,0.722,73846600,0.721,68021600,0.720,67299600,0.719,42716900,0.718,36499100,0.723,41454600,0.724,76650700,0.725,87871600,0.726,66208100,0.727,44348400,218,0,0
sh513130,09:33:47,1766453631207,09:34:50,1766453630905,0.723,0.7229,0.0138,5518.08,0.904,4.1591,0,0,0.723,0.995,0.722,73846600,0.721,68021600,0.720,67299600,0.719,42716900,0.718,36499100,0.723,41454600,0.724,76650700,0.725,87871600,0.726,66208100,0.727,44348400,301,0,0
sh513130,09:33:47,1766453632211,09:34:50,1766453632189,0.723,0.7229,0.0138,5518.08,0.904,6.3362,0,0,0.723,1.004,0.722,73846600,0.721,68021600,0.720,67299600,0.719,42716900,0.718,36499100,0.723,41454600,0.724,76650700,0.725,87871600,0.726,66208100,0.727,44348400,22,0,0
sh513130,09:33:50,1766453633215,09:34:52,1766453632987,0.723,0.7229,0.0138,5518.32,0.904,6.2459,259100,187324,0.723,1.004,0.722,77764000,0.721,68172600,0.720,67376600,0.719,38765100,0.718,36499100,0.723,43574800,0.724,76326800,0.725,87321100,0.726,66208100,0.727,44400000,227,0,0
sh513130,09:33:50,1766453634211,09:34:52,1766453632987,0.723,0.7229,0.0138,5518.32,0.904,6.5277,0,0,0.723,0.996,0.722,77764000,0.721,68172600,0.720,67376600,0.719,38765100,0.718,36499100,0.723,43574800,0.724,76326800,0.725,87321100,0.726,66208100,0.727,44400000,1223,0,0
sh513130,09:33:50,1766453635208,09:34:54,1766453634707,0.723,0.7229,0.0138,5518.04,0.904,5.7231,0,0,0.723,0.997,0.722,77764000,0.721,68172600,0.720,67376600,0.719,38765100,0.718,36499100,0.723,43574800,0.724,76326800,0.725,87321100,0.726,66208100,0.727,44400000,500,0,0
sh513130,09:33:53,1766453636211,09:34:54,1766453634707,0.723,0.7229,0.0138,5518.04,0.904,5.6932,204900,148070,0.7226,1.003,0.722,73045500,0.721,68184600,0.720,68386200,0.719,43145100,0.718,36499100,0.723,43727900,0.724,77182000,0.725,88252500,0.726,66235900,0.727,44251600,1503,0,0
sh513130,09:33:53,1766453637211,09:34:56,1766453636671,0.723,0.7229,0.0138,5517.12,0.904,4.9707,0,0,0.723,1.0,0.722,73045500,0.721,68184600,0.720,68386200,0.719,43145100,0.718,36499100,0.723,43727900,0.724,77182000,0.725,88252500,0.726,66235900,0.727,44251600,540,0,0
sh513130,09:33:56,1766453638210,09:34:56,1766453636671,0.723,0.7229,0.0138,5517.12,0.904,5.659,474000,342497,0.7226,0.999,0.722,77037700,0.721,68185600,0.720,69639800,0.719,38765100,0.718,36499100,0.723,58908500,0.724,77725100,0.725,89421600,0.726,51235900,0.727,44251600,1539,0,0
sh513130,09:33:56,1766453639219,09:34:58,1766453638777,0.723,0.7229,0.0138,5517.01,0.904,7.1195,0,0,0.723,1.009,0.722,77037700,0.721,68185600,0.720,69639800,0.719,38765100,0.718,36499100,0.723,58908500,0.724,77725100,0.725,89421600,0.726,51235900,0.727,44251600,442,0,0
sh513130,09:33:56,1766453640209,09:34:58,1766453638777,0.723,0.7229,0.0138,5517.01,0.904,6.8182,0,0,0.723,0.99,0.722,77037700,0.721,68185600,0.720,69639800,0.719,38765100,0.718,36499100,0.723,58908500,0.724,77725100,0.725,89421600,0.726,51235900,0.727,44251600,1431,0,0
sh513130,09:33:56,1766453641218,09:35:00,1766453640980,0.723,0.7229,0.0138,5516.81,0.904,5.4102,0,0,0.723,1.009,0.722,77037700,0.721,68185600,0.720,69639800,0.719,38765100,0.718,36499100,0.723,58908500,0.724,77725100,0.725,89421600,0.726,51235900,0.727,44251600,237,0,0
sh513130,09:33:59,1766453642212,09:35:00,1766453640980,0.723,0.7229,0.0138,5516.81,0.904,4.2608,37200,26885,0.7227,0.995,0.722,72676900,0.721,68222600,0.720,70576800,0.719,43145100,0.718,36499100,0.723,44677900,0.724,80205000,0.725,90315700,0.726,66220600,0.727,44251600,1232,0,0
sh513130,09:33:59,1766453643211,09:35:02,1766453643181,0.723,0.7229,0.0138,5516.75,0.904,3.4837,0,0,0.723,0.999,0.722,72676900,0.721,68222600,0.720,70576800,0.719,43145100,0.718,36499100,0.723,44677900,0.724,80205000,0.725,90315700,0.726,66220600,0.727,44251600,29,0,0
sh513130,09:34:02,1766453644221,09:35:02,1766453643867,0.723,0.7229,0.0138,5516.75,0.904,3.4196,77300,55888,0.723,1.01,0.722,62631200,0.721,68222600,0.720,71197300,0.719,43145100,0.718,36499100,0.723,60351500,0.724,80429800,0.725,90346200,0.726,51204400,0.727,44271600,353,0,0
sh513130,09:34:02,1766453645211,09:35:04,1766453644790,0.723,0.7229,0.0138,5516.24,0.904,3.1258,0,0,0.723,0.99,0.722,62631200,0.721,68222600,0.720,71197300,0.719,43145100,0.718,36499100,0.723,60351500,0.724,80429800,0.725,90346200,0.726,51204400,0.727,44271600,421,0,0
sh513130,09:34:02,1766453646224,09:35:04,1766453645380,0.723,0.7229,0.0138,5516.24,0.904,2.6894,0,0,0.723,1.013,0.722,62631200,0.721,68222600,0.720,71197300,0.719,43145100,0.718,36499100,0.723,60351500,0.724,80429800,0.725,90346200,0.726,51204400,0.727,44271600,844,0,0
sh513130,09:34:02,1766453647229,09:35:06,1766453646649,0.723,0.7229,0.0138,5515.97,0.904,2.9129,0,0,0.723,1.005,0.722,62631200,0.721,68222600,0.720,71197300,0.719,43145100,0.718,36499100,0.723,60351500,0.724,80429800,0.725,90346200,0.726,51204400,0.727,44271600,580,0,0
sh513130,09:34:05,1766453648227,09:35:06,1766453647578,0.722,0.7229,-0.1245,5515.97,0.904,2.8579,209500,151368,0.7225,0.997,0.722,54028400,0.721,76622600,0.720,71222300,0.719,43147100,0.718,36499100,0.723,60600500,0.724,81490400,0.725,90845600,0.726,51359100,0.727,44311300,649,0,0
sh513130,09:34:05,1766453649236,09:35:08,1766453648640,0.722,0.7229,-0.1245,5516.98,0.904,2.4483,0,0,0.722,1.009,0.722,54028400,0.721,76622600,0.720,71222300,0.719,43147100,0.718,36499100,0.723,60600500,0.724,81490400,0.725,90845600,0.726,51359100,0.727,44311300,596,0,0
sh513130,09:34:05,1766453650225,09:35:08,1766453649774,0.722,0.7229,-0.1245,5516.98,0.904,2.1888,0,0,0.722,0.989,0.722,54028400,0.721,76622600,0.720,71222300,0.719,43147100,0.718,36499100,0.723,60600500,0.724,81490400,0.725,90845600,0.726,51359100,0.727,44311300,450,0,0
sh513130,09:34:08,1766453651224,09:35:10,1766453650721,0.723,0.7229,0.0138,5515.91,0.904,1.9074,198900,143635,0.7221,0.999,0.722,62096300,0.721,68298300,0.720,71262800,0.719,43147100,0.718,36499100,0.723,62554300,0.724,81637100,0.725,90865500,0.726,51259100,0.727,44540500,502,0,0
sh513130,09:34:08,1766453652237,09:35:10,1766453651962,0.723,0.7229,0.0138,5515.91,0.904,1.7718,0,0,0.723,1.014,0.722,62096300,0.721,68298300,0.720,71262800,0.719,43147100,0.718,36499100,0.723,62554300,0.724,81637100,0.725,90865500,0.726,51259100,0.727,44540500,275,0,0
sh513130,09:34:11,1766453653251,09:35:12,1766453652656,0.722,0.7229,-0.1245,5516.85,0.904,1.7371,447900,323484,0.7222,1.014,0.722,53443400,0.721,76771100,0.720,71266800,0.719,43174800,0.718,36559100,0.723,64243200,0.724,81288200,0.725,91060700,0.726,51308600,0.727,44540500,595,0,0
sh513130,09:34:11,1766453654245,09:35:12,1766453654151,0.722,0.7229,-0.1245,5516.85,0.904,1.585,0,0,0.722,0.993,0.722,53443400,0.721,76771100,0.720,71266800,0.719,43174800,0.718,36559100,0.723,64243200,0.724,81288200,0.725,91060700,0.726,51308600,0.727,44540500,94,0,0
sh513130,09:34:11,1766453655242,09:35:14,1766453654704,0.722,0.7229,-0.1245,5516.14,0.904,3.1652,0,0,0.722,0.997,0.722,53443400,0.721,76771100,0.720,71266800,0.719,43174800,0.718,36559100,0.723,64243200,0.724,81288200,0.725,91060700,0.726,51308600,0.727,44540500,538,0,0
sh513130,09:34:11,1766453656247,09:35:14,1766453654704,0.722,0.7229,-0.1245,5516.14,0.904,3.0428,0,0,0.722,1.005,0.722,53443400,0.721,76771100,0.720,71266800,0.719,43174800,0.718,36559100,0.723,64243200,0.724,81288200,0.725,91060700,0.726,51308600,0.727,44540500,1543,0,0
sh513130,09:34:14,1766453657243,09:35:16,1766453656737,0.723,0.7229,0.0138,5516.44,0.904,2.4844,86400,62410,0.7223,0.996,0.722,50563800,0.721,76772500,0.720,71268800,0.719,43566800,0.718,37358900,0.723,64771500,0.724,81282300,0.725,91100700,0.726,51308600,0.727,44540500,506,0,0
sh513130,09:34:14,1766453658241,09:35:16,1766453656737,0.723,0.7229,0.0138,5516.44,0.904,2.8795,0,0,0.723,0.997,0.722,50563800,0.721,76772500,0.720,71268800,0.719,43566800,0.718,37358900,0.723,64771500,0.724,81282300,0.725,91100700,0.726,51308600,0.727,44540500,1503,0,0
sh513130,09:34:17,1766453659240,09:35:18,1766453658693,0.722,0.7229,-0.1245,5515.9,0.904,1.9934,505800,365246,0.7221,0.999,0.722,48808100,0.721,68374200,0.720,71268800,0.719,43186800,0.718,37358900,0.723,65452200,0.724,81282300,0.725,91170700,0.726,51308600,0.727,43540300,546,0,0
sh513130,09:34:17,1766453660242,09:35:18,1766453658693,0.722,0.7229,-0.1245,5515.9,0.904,3.2021,0,0,0.722,1.003,0.722,48808100,0.721,68374200,0.720,71268800,0.719,43186800,0.718,37358900,0.723,65452200,0.724,81282300,0.725,91170700,0.726,51308600,0.727,43540300,1549,0,0
sh513130,09:34:17,1766453661239,09:35:20,1766453660730,0.722,0.7229,-0.1245,5515.08,0.904,4.4638,0,0,0.722,0.997,0.722,48808100,0.721,68374200,0.720,71268800,0.719,43186800,0.718,37358900,0.723,65452200,0.724,81282300,0.725,91170700,0.726,51308600,0.727,43540300,508,0,0
sh513130,09:34:20,1766453662245,09:35:20,1766453660730,0.722,0.7229,-0.1245,5515.08,0.904,3.563,303600,219199,0.722,1.007,0.722,47594100,0.721,76805600,0.720,71265800,0.719,43556800,0.718,37358900,0.723,66911000,0.724,82288500,0.725,91185700,0.726,51333600,0.727,43586400,1515,0,0
sh513130,09:34:20,1766453663251,09:35:22,1766453662922,0.722,0.7229,-0.1245,5514.02,0.904,3.6439,0,0,0.722,1.005,0.722,47594100,0.721,76805600,0.720,71265800,0.719,43556800,0.718,37358900,0.723,66911000,0.724,82288500,0.725,91185700,0.726,51333600,0.727,43586400,328,0,0
sh513130,09:34:20,1766453664241,09:35:22,1766453662922,0.722,0.7229,-0.1245,5514.02,0.904,3.632,0,0,0.722,0.99,0.722,47594100,0.721,76805600,0.720,71265800,0.719,43556800,0.718,37358900,0.723,66911000,0.724,82288500,0.725,91185700,0.726,51333600,0.727,43586400,1318,0,0
sh513130,09:34:20,1766453665255,09:35:24,1766453665110,0.722,0.7229,-0.1245,5513.96,0.904,3.1534,0,0,0.722,1.014,0.722,47594100,0.721,76805600,0.720,71265800,0.719,43556800,0.718,37358900,0.723,66911000,0.724,82288500,0.725,91185700,0.726,51333600,0.727,43586400,144,0,0
sh513130,09:34:23,1766453666265,09:35:24,1766453665110,0.722,0.7229,-0.1245,5513.96,0.904,2.7292,323300,233664,0.7227,1.011,0.722,33514300,0.721,78404800,0.720,73664600,0.719,56556800,0.718,37376900,0.723,67027500,0.724,82352800,0.725,91265700,0.726,51346100,0.727,43587400,1154,0,0
sh513130,09:34:23,1766453667268,09:35:26,1766453666859,0.722,0.7229,-0.1245,5513.23,0.904,5.7321,0,0,0.722,1.003,0.722,33514300,0.721,78404800,0.720,73664600,0.719,56556800,0.718,37376900,0.723,67027500,0.724,82352800,0.725,91265700,0.726,51346100,0.727,43587400,409,0,0
sh513130,09:34:26,1766453668262,09:35:26,1766453667308,0.722,0.7222,-0.0277,5513.23,0.904,5.5426,1863900,1345736,0.722,0.994,0.722,23505800,0.721,78404800,0.720,73465600,0.719,57556800,0.718,37397200,0.723,67246800,0.724,82986500,0.725,91300700,0.726,51762900,0.727,43755500,954,0,0
sh513130,09:34:26,1766453669258,09:35:28,1766453668670,0.722,0.7222,-0.0277,5513.6,0.904,5.473,0,0,0.722,0.995,0.722,23505800,0.721,78404800,0.720,73465600,0.719,57556800,0.718,37397200,0.723,67246800,0.724,82986500,0.725,91300700,0.726,51762900,0.727,43755500,587,0,0
sh513130,09:34:26,1766453670256,09:35:28,1766453669498,0.722,0.7222,-0.0277,5513.6,0.904,4.3716,0,0,0.722,0.999,0.722,23505800,0.721,78404800,0.720,73465600,0.719,57556800,0.718,37397200,0.723,67246800,0.724,82986500,0.725,91300700,0.726,51762900,0.727,43755500,758,0,0
sh513130,09:34:29,1766453671255,09:35:30,1766453670721,0.722,0.7222,-0.0277,5513.31,0.904,3.5341,1870800,1350718,0.722,0.999,0.722,25069000,0.721,79342500,0.720,73482500,0.719,57556800,0.718,37397200,0.723,68380100,0.724,82914500,0.725,91315100,0.726,51809200,0.727,43735500,534,0,0
sh513130,09:34:29,1766453672269,09:35:30,1766453671693,0.722,0.7222,-0.0277,5513.31,0.904,6.1139,0,0,0.722,1.014,0.722,25069000,0.721,79342500,0.720,73482500,0.719,57556800,0.718,37397200,0.723,68380100,0.724,82914500,0.725,91315100,0.726,51809200,0.727,43735500,575,0,0
sh513130,09:34:29,1766453673282,09:35:32,1766453672740,0.722,0.7222,-0.0277,5514.23,0.904,5.4896,0,0,0.722,1.014,0.722,25069000,0.721,79342500,0.720,73482500,0.719,57556800,0.718,37397200,0.723,68380100,0.724,82914500,0.725,91315100,0.726,51809200,0.727,43735500,542,0,0
sh513130,09:34:32,1766453674271,09:35:32,1766453673894,0.723,0.7222,0.1108,5514.23,0.904,5.1909,441000,318402,0.722,0.989,0.722,26705900,0.721,79343300,0.720,73506900,0.719,57586800,0.718,37397200,0.723,69564800,0.724,82838400,0.725,91445100,0.726,51829200,0.727,43735500,376,0,0
sh513130,09:34:32,1766453675283,09:35:34,1766453674657,0.723,0.7222,0.1108,5513.73,0.904,5.995,0,0,0.723,1.012,0.722,26705900,0.721,79343300,0.720,73506900,0.719,57586800,0.718,37397200,0.723,69564800,0.724,82838400,0.725,91445100,0.726,51829200,0.727,43735500,626,0,0
sh513130,09:34:32,1766453676282,09:35:34,1766453676102,0.723,0.7222,0.1108,5513.73,0.904,5.8312,0,0,0.723,0.999,0.722,26705900,0.721,79343300,0.720,73506900,0.719,57586800,0.718,37397200,0.723,69564800,0.724,82838400,0.725,91445100,0.726,51829200,0.727,43735500,179,0,0
sh513130,09:34:35,1766453677269,09:35:36,1766453676768,0.722,0.7222,-0.0277,5514.13,0.904,6.0674,887100,640491,0.722,0.987,0.722,25754800,0.721,79618100,0.720,73457400,0.719,57586800,0.718,37397200,0.723,70205500,0.724,82723000,0.725,91293700,0.726,51839200,0.727,43735500,499,0,0
sh513130,09:34:35,1766453678281,09:35:36,1766453676768,0.722,0.7222,-0.0277,5514.13,0.904,5.4451,0,0,0.722,1.012,0.722,25754800,0.721,79618100,0.720,73457400,0.719,57586800,0.718,37397200,0.723,70205500,0.724,82723000,0.725,91293700,0.726,51839200,0.727,43735500,1511,0,0
sh513130,09:34:35,1766453679280,09:35:38,1766453678761,0.722,0.7222,-0.0277,5514.16,0.904,4.8744,0,0,0.722,0.999,0.722,25754800,0.721,79618100,0.720,73457400,0.719,57586800,0.718,37397200,0.723,70205500,0.724,82723000,0.725,91293700,0.726,51839200,0.727,43735500,519,0,0
sh513130,09:34:38,1766453680271,09:35:38,1766453678761,0.722,0.7222,-0.0277,5514.16,0.904,4.4719,655400,473201,0.722,0.99,0.722,20590600,0.721,79785000,0.720,73387400,0.719,57587800,0.718,37397200,0.723,71246600,0.724,83068900,0.725,90833700,0.726,51829200,0.727,43725800,1509,0,0
sh513130,09:34:38,1766453681286,09:35:40,1766453680693,0.722,0.7222,-0.0277,5514.11,0.904,4.4478,0,0,0.722,1.015,0.722,20590600,0.721,79785000,0.720,73387400,0.719,57587800,0.718,37397200,0.723,71246600,0.724,83068900,0.725,90833700,0.726,51829200,0.727,43725800,592,0,0
sh513130,09:34:38,1766453682291,09:35:40,1766453680693,0.722,0.7222,-0.0277,5514.11,0.904,5.758,0,0,0.722,1.005,0.722,20590600,0.721,79785000,0.720,73387400,0.719,57587800,0.718,37397200,0.723,71246600,0.724,83068900,0.725,90833700,0.726,51829200,0.727,43725800,1598,0,0
sh513130,09:34:38,1766453683291,09:35:42,1766453682742,0.722,0.7222,-0.0277,5512.95,0.904,5.4849,0,0,0.722,1.0,0.722,20590600,0.721,79785000,0.720,73387400,0.719,57587800,0.718,37397200,0.723,71246600,0.724,83068900,0.725,90833700,0.726,51829200,0.727,43725800,548,0,0
sh513130,09:34:41,1766453684294,09:35:42,1766453682742,0.722,0.7222,-0.0277,5512.95,0.904,5.5943,3633500,2623402,0.722,1.004,0.722,16983600,0.721,79933000,0.720,73703200,0.719,57556800,0.718,37397200,0.723,72198100,0.724,83270300,0.725,91075700,0.726,51798000,0.727,43726800,1552,0,0
sh513130,09:34:41,1766453685300,09:35:44,1766453684888,0.722,0.7222,-0.0277,5512.62,0.904,6.0518,0,0,0.722,1.006,0.722,16983600,0.721,79933000,0.720,73703200,0.719,57556800,0.718,37397200,0.723,72198100,0.724,83270300,0.725,91075700,0.726,51798000,0.727,43726800,412,0,0
sh513130,09:34:44,1766453686303,09:35:44,1766453684888,0.722,0.7222,-0.0277,5512.62,0.904,5.597,15606200,11267677,0.722,1.003,0.721,82249900,0.720,76445200,0.719,58556800,0.718,38429200,0.717,27091500,0.722,8613300,0.723,59614400,0.724,79714700,0.725,88751000,0.726,46754200,1415,0,0
sh513130,09:34:44,1766453687310,09:35:46,1766453687077,0.722,0.7222,-0.0277,5512.36,0.904,7.0756,0,0,0.722,1.007,0.721,82249900,0.720,76445200,0.719,58556800,0.718,38429200,0.717,27091500,0.722,8613300,0.723,59614400,0.724,79714700,0.725,88751000,0.726,46754200,232,0,0
sh513130,09:34:44,1766453688301,09:35:46,1766453687077,0.722,0.7222,-0.0277,5512.36,0.904,6.9864,0,0,0.722,0.991,0.721,82249900,0.720,76445200,0.719,58556800,0.718,38429200,0.717,27091500,0.722,8613300,0.723,59614400,0.724,79714700,0.725,88751000,0.726,46754200,1223,0,0
sh513130,09:34:47,1766453689315,09:35:48,1766453689267,0.722,0.7222,-0.0277,5512.15,0.904,6.6116,529300,382154,0.722,1.014,0.721,80282000,0.720,75444200,0.719,61526800,0.718,38429200,0.717,27091500,0.722,11537100,0.723,62817600,0.724,78498200,0.725,85481000,0.726,46754200,47,0,0
sh513130,09:34:47,1766453690306,09:35:48,1766453689267,0.722,0.7222,-0.0277,5512.15,0.904,6.4865,0,0,0.722,0.991,0.721,80282000,0.720,75444200,0.719,61526800,0.718,38429200,0.717,27091500,0.722,11537100,0.723,62817600,0.724,78498200,0.725,85481000,0.726,46754200,1038,0,0
sh513130,09:34:47,1766453691316,09:35:50,1766453690729,0.722,0.7222,-0.0277,5511.09,0.904,6.212,0,0,0.722,1.011,0.721,80282000,0.720,75444200,0.719,61526800,0.718,38429200,0.717,27091500,0.722,11537100,0.723,62817600,0.724,78498200,0.725,85481000,0.726,46754200,586,0,0
sh513130,09:34:50,1766453692321,09:35:50,1766453691459,0.721,0.7222,-0.1662,5511.09,0.904,6.1219,1039000,750140,0.722,1.004,0.721,79364300,0.720,75464800,0.719,61526800,0.718,38452200,0.717,27241600,0.722,23440800,0.723,52992700,0.724,78716300,0.725,86498000,0.726,47954200,861,0,0
sh513130,09:34:50,1766453693330,09:35:52,1766453692718,0.721,0.7222,-0.1662,5511.69,0.904,6.904,0,0,0.721,1.009,0.721,79364300,0.720,75464800,0.719,61526800,0.718,38452200,0.717,27241600,0.722,23440800,0.723,52992700,0.724,78716300,0.725,86498000,0.726,47954200,612,0,0
sh513130,09:34:53,1766453694321,09:35:52,1766453693648,0.721,0.7222,-0.1662,5511.69,0.904,6.2089,220300,158885,0.7212,0.991,0.721,79723500,0.720,75491600,0.719,61639900,0.718,38452200,0.717,27271800,0.722,25083900,0.723,53573400,0.724,78646000,0.725,86443000,0.726,47896900,673,0,0
sh513130,09:34:53,1766453695326,09:35:54,1766453694819,0.721,0.7222,-0.1662,5510.46,0.904,8.2011,0,0,0.721,1.006,0.721,79723500,0.720,75491600,0.719,61639900,0.718,38452200,0.717,27271800,0.722,25083900,0.723,53573400,0.724,78646000,0.725,86443000,0.726,47896900,507,0,0
sh513130,09:34:53,1766453696318,09:35:54,1766453695863,0.721,0.7222,-0.1662,5510.46,0.904,8.1238,0,0,0.721,0.991,0.721,79723500,0.720,75491600,0.719,61639900,0.718,38452200,0.717,27271800,0.722,25083900,0.723,53573400,0.724,78646000,0.725,86443000,0.726,47896900,454,0,0
sh513130,09:34:53,1766453697319,09:35:56,1766453696679,0.721,0.7222,-0.1662,5510.4,0.904,7.5028,0,0,0.721,1.001,0.721,79723500,0.720,75491600,0.719,61639900,0.718,38452200,0.717,27271800,0.722,25083900,0.723,53573400,0.724,78646000,0.725,86443000,0.726,47896900,640,0,0
sh513130,09:34:56,1766453698331,09:35:56,1766453698092,0.721,0.7222,-0.1662,5510.4,0.904,7.4221,24700,17810,0.7211,1.013,0.721,79773700,0.720,75631000,0.719,61639900,0.718,38452200,0.717,27271800,0.722,27689800,0.723,53326000,0.724,78855700,0.725,86360500,0.726,47891900,238,0,0
sh513130,09:34:56,1766453699324,09:35:58,1766453698718,0.721,0.7222,-0.1662,5510.44,0.904,6.8875,0,0,0.721,0.992,0.721,79773700,0.720,75631000,0.719,61639900,0.718,38452200,0.717,27271800,0.722,27689800,0.723,53326000,0.724,78855700,0.725,86360500,0.726,47891900,605,0,0
sh513130,09:34:56,1766453700323,09:35:58,1766453700292,0.721,0.7222,-0.1662,5510.44,0.904,6.7976,0,0,0.721,1.0,0.721,79773700,0.720,75631000,0.719,61639900,0.718,38452200,0.717,27271800,0.722,27689800,0.723,53326000,0.724,78855700,0.725,86360500,0.726,47891900,30,0,0
sh513130,09:34:59,1766453701330,09:36:00,1766453700700,0.722,0.7222,-0.0277,5510.44,0.904,8.0134,653100,470978,0.7211,1.007,0.721,69751700,0.720,75726000,0.719,61639900,0.718,41452200,0.717,27292800,0.722,50978800,0.723,58543700,0.724,85195000,0.725,68350500,0.726,47881900,630,0,0
sh513130,09:34:59,1766453702324,09:36:00,1766453700700,0.722,0.7222,-0.0277,5510.44,0.904,8.1474,0,0,0.722,0.993,0.721,69751700,0.720,75726000,0.719,61639900,0.718,41452200,0.717,27292800,0.722,50978800,0.723,58543700,0.724,85195000,0.725,68350500,0.726,47881900,1623,0,0
sh513130,09:34:59,1766453703326,09:36:02,1766453702755,0.722,0.7222,-0.0277,5509.41,0.904,8.4719,0,0,0.722,1.002,0.721,69751700,0.720,75726000,0.719,61639900,0.718,41452200,0.717,27292800,0.722,50978800,0.723,58543700,0.724,85195000,0.725,68350500,0.726,47881900,570,0,0
sh513130,09:35:02,1766453704332,09:36:02,1766453703862,0.722,0.7222,-0.0277,5509.41,0.904,7.8555,237400,171203,0.7212,1.007,0.721,66649400,0.720,76814200,0.719,62521400,0.718,45839500,0.717,27362800,0.722,55224000,0.723,58549200,0.724,85240100,0.725,68982800,0.726,47866400,469,0,0
sh513130,09:35:02,1766453705346,09:36:04,1766453704687,0.722,0.7222,-0.0277,5508.0,0.904,7.6627,0,0,0.722,1.014,0.721,66649400,0.720,76814200,0.719,62521400,0.718,45839500,0.717,27362800,0.722,55224000,0.723,58549200,0.724,85240100,0.725,68982800,0.726,47866400,658,0,0
sh513130,09:35:02,1766453706341,09:36:04,1766453704687,0.722,0.7222,-0.0277,5508.0,0.904,7.5779,0,0,0.722,0.995,0.721,66649400,0.720,76814200,0.719,62521400,0.718,45839500,0.717,27362800,0.722,55224000,0.723,58549200,0.724,85240100,0.725,68982800,0.726,47866400,1653,0,0
sh513130,09:35:05,1766453707345,09:36:06,1766453706890,0.721,0.7222,-0.1662,5508.28,0.904,6.6702,162300,117023,0.721,1.004,0.721,68170400,0.720,91864100,0.719,63402200,0.718,38771600,0.717,27984200,0.722,52722300,0.723,53952800,0.724,82884100,0.725,68982800,0.726,48164900,454,0,0
sh513130,09:35:05,1766453708349,09:36:06,1766453706890,0.721,0.7222,-0.1662,5508.28,0.904,5.9195,0,0,0.721,1.003,0.721,68170400,0.720,91864100,0.719,63402200,0.718,38771600,0.717,27984200,0.722,52722300,0.723,53952800,0.724,82884100,0.725,68982800,0.726,48164900,1458,0,0
sh513130,09:35:05,1766453709361,09:36:08,1766453709091,0.721,0.7222,-0.1662,5507.5,0.904,5.2366,0,0,0.721,1.012,0.721,68170400,0.720,91864100,0.719,63402200,0.718,38771600,0.717,27984200,0.722,52722300,0.723,53952800,0.724,82884100,0.725,68982800,0.726,48164900,269,0,0
sh513130,09:35:08,1766453710349,09:36:08,1766453709091,0.722,0.7215,0.0693,5507.5,0.904,5.1517,24900,17970,0.7217,0.989,0.721,38390100,0.720,97502300,0.719,63283000,0.718,54562500,0.717,27984200,0.722,54579100,0.723,53740400,0.724,83579100,0.725,69160100,0.726,48255500,1258,0,0
sh513130,09:35:08,1766453711362,09:36:10,1766453711283,0.722,0.7215,0.0693,5506.22,0.904,5.2322,0,0,0.722,1.013,0.721,38390100,0.720,97502300,0.719,63283000,0.718,54562500,0.717,27984200,0.722,54579100,0.723,53740400,0.724,83579100,0.725,69160100,0.726,48255500,78,0,0
sh513130,09:35:08,1766453712353,09:36:10,1766453711283,0.722,0.7215,0.0693,5506.22,0.904,5.561,0,0,0.722,0.991,0.721,38390100,0.720,97502300,0.719,63283000,0.718,54562500,0.717,27984200,0.722,54579100,0.723,53740400,0.724,83579100,0.725,69160100,0.726,48255500,1070,0,0
sh513130,09:35:11,1766453713358,09:36:12,1766453712720,0.721,0.7215,-0.0693,5506.08,0.904,6.4522,305500,220295,0.7211,1.004,0.721,36417900,0.720,97530300,0.719,73164000,0.718,59612500,0.717,28544100,0.722,55680300,0.723,54962100,0.724,83895100,0.725,69239700,0.726,48256800,637,0,0
sh513130,09:35:11,1766453714355,09:36:12,1766453713487,0.721,0.7215,-0.0693,5506.08,0.904,5.367,0,0,0.721,0.998,0.721,36417900,0.720,97530300,0.719,73164000,0.718,59612500,0.717,28544100,0.722,55680300,0.723,54962100,0.724,83895100,0.725,69239700,0.726,48256800,868,0,0
sh513130,09:35:11,1766453715361,09:36:14,1766453714690,0.721,0.7215,-0.0693,5507.19,0.904,5.2811,0,0,0.721,1.006,0.721,36417900,0.720,97530300,0.719,73164000,0.718,59612500,0.717,28544100,0.722,55680300,0.723,54962100,0.724,83895100,0.725,69239700,0.726,48256800,670,0,0
sh513130,09:35:14,1766453716361,09:36:14,1766453715680,0.721,0.7215,-0.0693,5507.19,0.904,4.4286,1251700,902525,0.721,1.0,0.721,39536300,0.720,97421700,0.719,75055200,0.718,51216000,0.717,28544100,0.722,57210200,0.723,54157300,0.724,84287400,0.725,68778900,0.726,48256800,680,0,0
sh513130,09:35:14,1766453717358,09:36:16,1766453716649,0.721,0.7215,-0.0693,5505.56,0.904,3.3603,0,0,0.721,0.997,0.721,39536300,0.720,97421700,0.719,75055200,0.718,51216000,0.717,28544100,0.722,57210200,0.723,54157300,0.724,84287400,0.725,68778900,0.726,48256800,708,0,0
sh513130,09:35:14,1766453718348,09:36:16,1766453717877,0.721,0.7215,-0.0693,5505.56,0.904,2.8809,0,0,0.721,0.991,0.721,39536300,0.720,97421700,0.719,75055200,0.718,51216000,0.717,28544100,0.722,57210200,0.723,54157300,0.724,84287400,0.725,68778900,0.726,48256800,471,0,0
sh513130,09:35:17,1766453719358,09:36:18,1766453718738,0.722,0.7216,0.0554,5505.19,0.904,2.9577,52900,38151,0.7212,1.009,0.721,27605600,0.720,97542700,0.719,74265400,0.718,59626000,0.717,28972300,0.722,59037200,0.723,55035800,0.724,83157700,0.725,68469600,0.726,48283400,620,0,0
sh513130,09:35:17,1766453720361,09:36:18,1766453720073,0.722,0.7216,0.0554,5505.19,0.904,1.9836,0,0,0.722,1.003,0.721,27605600,0.720,97542700,0.719,74265400,0.718,59626000,0.717,28972300,0.722,59037200,0.723,55035800,0.724,83157700,0.725,68469600,0.726,48283400,287,0,0
sh513130,09:35:17,1766453721350,09:36:20,1766453720662,0.722,0.7216,0.0554,5505.71,0.904,1.9034,0,0,0.722,0.989,0.721,27605600,0.720,97542700,0.719,74265400,0.718,59626000,0.717,28972300,0.722,59037200,0.723,55035800,0.724,83157700,0.725,68469600,0.726,48283400,687,0,0
sh513130,09:35:20,1766453722354,09:36:20,1766453722261,0.722,0.7216,0.0554,5505.71,0.904,2.6708,1770500,1276531,0.721,1.004,0.721,21826300,0.720,97634700,0.719,74921400,0.718,60054200,0.717,28973300,0.722,58757600,0.723,55057900,0.724,83277300,0.725,68479600,0.726,48269500,93,0,0
sh513130,09:35:20,1766453723349,09:36:22,1766453722708,0.722,0.7216,0.0554,5502.83,0.904,2.6562,0,0,0.722,0.995,0.721,21826300,0.720,97634700,0.719,74921400,0.718,60054200,0.717,28973300,0.722,58757600,0.723,55057900,0.724,83277300,0.725,68479600,0.726,48269500,640,0,0
sh513130,09:35:23,1766453724357,09:36:22,1766453722708,0.722,0.7216,0.0554,5502.83,0.904,4.1153,5791900,4175974,0.721,1.008,0.721,15550200,0.720,97655200,0.719,75945900,0.718,60154200,0.717,28771100,0.722,62973700,0.723,54843200,0.724,82020400,0.725,68473600,0.726,48269500,1648,0,0
sh513130,09:35:20,1766453725363,09:36:24,1766453724722,0.722,0.7216,0.0554,5502.27,0.904,3.2015,0,0,0.722,1.006,0.721,21826300,0.720,97634700,0.719,74921400,0.718,60054200,0.717,28973300,0.722,58757600,0.723,55057900,0.724,83277300,0.725,68479600,0.726,48269500,640,0,1
sh513130,09:35:23,1766453726366,09:36:24,1766453724722,0.722,0.7216,0.0554,5502.27,0.904,2.5251,5791900,4175974,0.721,1.003,0.721,15550200,0.720,97655200,0.719,75945900,0.718,60154200,0.717,28771100,0.722,62973700,0.723,54843200,0.724,82020400,0.725,68473600,0.726,48269500,1643,0,0
sh513130,09:35:23,1766453727376,09:36:26,1766453726639,0.722,0.7216,0.0554,5502.98,0.904,2.1506,0,0,0.722,1.01,0.721,15550200,0.720,97655200,0.719,75945900,0.718,60154200,0.717,28771100,0.722,62973700,0.723,54843200,0.724,82020400,0.725,68473600,0.726,48269500,737,0,0
sh513130,09:35:23,1766453728376,09:36:26,1766453726639,0.722,0.7216,0.0554,5502.98,0.904,2.1437,0,0,0.722,1.0,0.721,15550200,0.720,97655200,0.719,75945900,0.718,60154200,0.717,28771100,0.722,62973700,0.723,54843200,0.724,82020400,0.725,68473600,0.726,48269500,1737,0,0
sh513130,09:35:26,1766453729365,09:36:28,1766453728834,0.721,0.7209,0.0139,5500.88,0.904,2.935,16868300,12162047,0.721,0.989,0.720,97991200,0.719,78482100,0.718,60244300,0.717,28812100,0.716,26990900,0.722,63080100,0.723,53745000,0.724,83141100,0.725,63364500,0.726,48249000,531,0,0
sh513130,09:35:26,1766453730368,09:36:28,1766453728834,0.721,0.7209,0.0139,5500.88,0.904,2.8796,0,0,0.721,1.003,0.720,97991200,0.719,78482100,0.718,60244300,0.717,28812100,0.716,26990900,0.722,63080100,0.723,53745000,0.724,83141100,0.725,63364500,0.726,48249000,1533,0,0
sh513130,09:35:29,1766453731365,09:36:30,1766453731036,0.721,0.7209,0.0139,5502.01,0.904,2.4623,4773500,3441738,0.721,0.997,0.720,99274200,0.719,78758700,0.718,62815300,0.717,28817100,0.716,26990900,0.721,1391600,0.722,63058900,0.723,53896900,0.724,82810900,0.725,63611800,329,0,0
sh513130,09:35:29,1766453732366,09:36:30,1766453731036,0.721,0.7209,0.0139,5502.01,0.904,2.2987,0,0,0.721,1.001,0.720,99274200,0.719,78758700,0.718,62815300,0.717,28817100,0.716,26990900,0.721,1391600,0.722,63058900,0.723,53896900,0.724,82810900,0.725,63611800,1329,0,0
sh513130,09:35:32,1766453733372,09:36:32,1766453733231,0.721,0.7209,0.0139,5501.69,0.904,2.8859,154800,111547,0.7206,1.006,0.720,99402600,0.719,79274900,0.718,63217400,0.717,28817100,0.716,27001300,0.721,7573700,0.722,64504200,0.723,52593200,0.724,80986200,0.725,63611800,141,0,0
sh513130,09:35:32,1766453734378,09:36:32,1766453733231,0.721,0.7209,0.0139,5501.69,0.904,2.3268,0,0,0.721,1.005,0.720,99402600,0.719,79274900,0.718,63217400,0.717,28817100,0.716,27001300,0.721,7573700,0.722,64504200,0.723,52593200,0.724,80986200,0.725,63611800,1146,0,0
sh513130,09:35:32,1766453735366,09:36:34,1766453734665,0.721,0.7209,0.0139,5502.49,0.904,2.1862,0,0,0.721,0.988,0.720,99402600,0.719,79274900,0.718,63217400,0.717,28817100,0.716,27001300,0.721,7573700,0.722,64504200,0.723,52593200,0.724,80986200,0.725,63611800,700,0,0
sh513130,09:35:32,1766453736368,09:36:34,1766453735431,0.721,0.7209,0.0139,5502.49,0.904,2.1439,0,0,0.721,1.003,0.720,99402600,0.719,79274900,0.718,63217400,0.717,28817100,0.716,27001300,0.721,7573700,0.722,64504200,0.723,52593200,0.724,80986200,0.725,63611800,936,0,0
sh513130,09:35:35,1766453737377,09:36:36,1766453736701,0.72,0.7209,-0.1248,5501.73,0.904,4.3175,522900,377010,0.721,1.008,0.720,98625000,0.719,79515000,0.718,63217400,0.717,28817100,0.716,27001300,0.721,7721400,0.722,64393700,0.723,52834800,0.724,80927900,0.725,64571800,675,0,0
sh513130,09:35:35,1766453738373,09:36:36,1766453737621,0.72,0.7209,-0.1248,5501.73,0.904,4.4638,0,0,0.72,0.997,0.720,98625000,0.719,79515000,0.718,63217400,0.717,28817100,0.716,27001300,0.721,7721400,0.722,64393700,0.723,52834800,0.724,80927900,0.725,64571800,752,0,0
sh513130,09:35:35,1766453739367,09:36:38,1766453738692,0.72,0.7209,-0.1248,5502.26,0.904,3.9094,0,0,0.72,0.994,0.720,98625000,0.719,79515000,0.718,63217400,0.717,28817100,0.716,27001300,0.721,7721400,0.722,64393700,0.723,52834800,0.724,80927900,0.725,64571800,675,0,0
sh513130,09:35:35,1766453740371,09:36:38,1766453739819,0.72,0.7209,-0.1248,5502.26,0.904,3.8392,0,0,0.72,1.004,0.720,98625000,0.719,79515000,0.718,63217400,0.717,28817100,0.716,27001300,0.721,7721400,0.722,64393700,0.723,52834800,0.724,80927900,0.725,64571800,551,0,0
sh513130,09:35:38,1766453741378,09:36:40,1766453740705,0.721,0.7209,0.0139,5501.41,0.904,2.483,1045400,753512,0.7208,1.008,0.720,98790000,0.719,79515000,0.718,62077400,0.717,28817100,0.716,27011400,0.721,8403400,0.722,65554400,0.723,50316300,0.724,80972800,0.725,64591400,672,0,0
sh513130,09:35:38,1766453742385,09:36:40,1766453742011,0.721,0.7209,0.0139,5501.41,0.904,2.8473,0,0,0.721,1.007,0.720,98790000,0.719,79515000,0.718,62077400,0.717,28817100,0.716,27011400,0.721,8403400,0.722,65554400,0.723,50316300,0.724,80972800,0.725,64591400,374,0,0
sh513130,09:35:38,1766453743393,09:36:42,1766453742709,0.721,0.7209,0.0139,5501.73,0.904,2.0167,0,0,0.721,1.008,0.720,98790000,0.719,79515000,0.718,62077400,0.717,28817100,0.716,27011400,0.721,8403400,0.722,65554400,0.723,50316300,0.724,80972800,0.725,64591400,684,0,0
sh513130,09:35:41,1766453744383,09:36:42,1766453744194,0.72,0.7209,-0.1248,5501.73,0.904,1.3448,241100,173811,0.7209,0.99,0.720,98983500,0.719,79585900,0.718,63087400,0.717,28825400,0.716,27011400,0.721,14022000,0.722,65008100,0.723,50198100,0.724,75958500,0.725,64591500,188,0,0
sh513130,09:35:41,1766453745389,09:36:44,1766453744668,0.72,0.7209,-0.1248,5501.26,0.904,1.3182,0,0,0.72,1.006,0.720,98983500,0.719,79585900,0.718,63087400,0.717,28825400,0.716,27011400,0.721,14022000,0.722,65008100,0.723,50198100,0.724,75958500,0.725,64591500,721,0,0
sh513130,09:35:44,1766453746382,09:36:44,1766453746380,0.72,0.7209,-0.1248,5501.26,0.904,3.6329,547800,394421,0.72,0.993,0.720,98208800,0.719,79781300,0.718,63118200,0.717,28831400,0.716,27811200,0.721,16841500,0.722,64522900,0.723,51358400,0.724,75890100,0.725,64586500,2,0,0
sh513130,09:35:44,1766453747391,09:36:46,1766453746742,0.72,0.7209,-0.1248,5501.49,0.904,2.9725,0,0,0.72,1.009,0.720,98208800,0.719,79781300,0.718,63118200,0.717,28831400,0.716,27811200,0.721,16841500,0.722,64522900,0.723,51358400,0.724,75890100,0.725,64586500,648,0,0
sh513130,09:35:44,1766453748384,09:36:46,1766453746742,0.72,0.7209,-0.1248,5501.49,0.904,1.4183,0,0,0.72,0.994,0.720,98208800,0.719,79781300,0.718,63118200,0.717,28831400,0.716,27811200,0.721,16841500,0.722,64522900,0.723,51358400,0.724,75890100,0.725,64586500,1642,0,0
sh513130,09:35:44,1766453749392,09:36:48,1766453748692,0.72,0.7209,-0.1248,5501.63,0.904,1.4233,0,0,0.72,1.008,0.720,98208800,0.719,79781300,0.718,63118200,0.717,28831400,0.716,27811200,0.721,16841500,0.722,64522900,0.723,51358400,0.724,75890100,0.725,64586500,699,0,0
sh513130,09:35:47,1766453750383,09:36:48,1766453748692,0.72,0.7209,-0.1248,5501.63,0.904,1.2578,1094200,787824,0.72,0.991,0.720,97049300,0.719,80295300,0.718,64297400,0.717,28886400,0.716,27859100,0.721,17576900,0.722,63815900,0.723,51400100,0.724,75885100,0.725,64586500,1690,0,0
sh513130,09:35:50,1766453751388,09:36:50,1766453750763,0.72,0.7209,-0.1248,5501.87,0.904,1.513,1292400,930741,0.7202,1.005,0.720,96314800,0.719,79919300,0.718,64431500,0.717,28915400,0.716,27862100,0.721,9721100,0.722,62590800,0.723,51459500,0.724,75885100,0.725,65500400,624,0,0
sh513130,09:35:47,1766453752393,09:36:50,1766453750763,0.72,0.7209,-0.1248,5501.87,0.904,1.1294,0,0,0.72,1.005,0.720,97049300,0.719,80295300,0.718,64297400,0.717,28886400,0.716,27859100,0.721,17576900,0.722,63815900,0.723,51400100,0.724,75885100,0.725,64586500,1630,0,1
sh513130,09:35:50,1766453753407,09:36:52,1766453752956,0.72,0.7209,-0.1248,5501.64,0.904,1.1478,1292400,930741,0.7202,1.013,0.720,96314800,0.719,79919300,0.718,64431500,0.717,28915400,0.716,27862100,0.721,9721100,0.722,62590800,0.723,51459500,0.724,75885100,0.725,65500400,451,0,0
sh513130,09:35:50,1766453754402,09:36:52,1766453752956,0.72,0.7209,-0.1248,5501.64,0.904,1.3634,0,0,0.72,0.995,0.720,96314800,0.719,79919300,0.718,64431500,0.717,28915400,0.716,27862100,0.721,9721100,0.722,62590800,0.723,51459500,0.724,75885100,0.725,65500400,1446,0,0
sh513130,09:35:50,1766453755400,09:36:54,1766453755151,0.72,0.7209,-0.1248,5502.81,0.904,2.8956,0,0,0.72,0.998,0.720,96314800,0.719,79919300,0.718,64431500,0.717,28915400,0.716,27862100,0.721,9721100,0.722,62590800,0.723,51459500,0.724,75885100,0.725,65500400,249,0,0
sh513130,09:35:53,1766453756404,09:36:54,1766453755151,0.721,0.7209,0.0139,5502.81,0.904,5.9443,630800,454750,0.7209,1.004,0.720,97276100,0.719,79034900,0.718,64639300,0.717,29268200,0.716,27862100,0.721,10041200,0.722,62121300,0.723,51458500,0.724,75935100,0.725,65532000,1253,0,0
sh513130,09:35:53,1766453757406,09:36:56,1766453757345,0.721,0.7209,0.0139,5504.87,0.904,6.3815,0,0,0.721,1.002,0.720,97276100,0.719,79034900,0.718,64639300,0.717,29268200,0.716,27862100,0.721,10041200,0.722,62121300,0.723,51458500,0.724,75935100,0.725,65532000,61,0,0
sh513130,09:35:53,1766453758400,09:36:56,1766453757345,0.721,0.7209,0.0139,5504.87,0.904,6.2911,0,0,0.721,0.994,0.720,97276100,0.719,79034900,0.718,64639300,0.717,29268200,0.716,27862100,0.721,10041200,0.722,62121300,0.723,51458500,0.724,75935100,0.725,65532000,1054,0,0
sh513130,09:35:56,1766453759406,09:36:58,1766453758685,0.721,0.7209,0.0139,5504.33,0.904,5.3835,8436100,6082353,0.721,1.006,0.721,35557600,0.720,99311300,0.719,78082000,0.718,63370200,0.717,29275200,0.722,61280900,0.723,52881100,0.724,83828800,0.725,66405500,0.726,48366700,720,0,0
sh513130,09:35:56,1766453760402,09:36:58,1766453759537,0.721,0.7209,0.0139,5504.33,0.904,5.3363,0,0,0.721,0.996,0.721,35557600,0.720,99311300,0.719,78082000,0.718,63370200,0.717,29275200,0.722,61280900,0.723,52881100,0.724,83828800,0.725,66405500,0.726,48366700,865,0,0
sh513130,09:35:59,1766453761405,09:37:00,1766453760703,0.721,0.7209,0.0139,5505.28,0.904,5.3755,868200,625972,0.721,1.003,0.721,57172500,0.720,100848300,0.719,78734400,0.718,53999300,0.717,29275200,0.722,60374800,0.723,51872300,0.724,84823500,0.725,67245400,0.726,48382700,702,0,0
sh513130,09:35:59,1766453762395,09:37:00,1766453761728,0.721,0.7209,0.0139,5505.28,0.904,5.2962,0,0,0.721,0.99,0.721,57172500,0.720,100848300,0.719,78734400,0.718,53999300,0.717,29275200,0.722,60374800,0.723,51872300,0.724,84823500,0.725,67245400,0.726,48382700,667,0,0
sh513130,09:35:59,1766453763407,09:37:02,1766453762699,0.721,0.7209,0.0139,5506.3,0.904,5.7123,0,0,0.721,1.012,0.721,57172500,0.720,100848300,0.719,78734400,0.718,53999300,0.717,29275200,0.722,60374800,0.723,51872300,0.724,84823500,0.725,67245400,0.726,48382700,708,0,0
sh513130,09:36:02,1766453764407,09:37:02,1766453763927,0.722,0.7216,0.0554,5506.3,0.904,4.9888,507600,366080,0.7212,1.0,0.721,69167600,0.720,92595100,0.719,78878400,0.718,53088700,0.717,29285200,0.722,62741000,0.723,52623500,0.724,85407700,0.725,68123900,0.726,48382700,479,0,0
sh513130,09:36:02,1766453765400,09:37:04,1766453764680,0.722,0.7216,0.0554,5506.99,0.904,4.541,0,0,0.722,0.993,0.721,69167600,0.720,92595100,0.719,78878400,0.718,53088700,0.717,29285200,0.722,62741000,0.723,52623500,0.724,85407700,0.725,68123900,0.726,48382700,719,0,0
sh513130,09:36:02,1766453766400,09:37:04,1766453766119,0.722,0.7216,0.0554,5506.99,0.904,4.4183,0,0,0.722,1.0,0.721,69167600,0.720,92595100,0.719,78878400,0.718,53088700,0.717,29285200,0.722,62741000,0.723,52623500,0.724,85407700,0.725,68123900,0.726,48382700,280,0,0
sh513130,09:36:05,1766453767404,09:37:06,1766453766714,0.722,0.7216,0.0554,5507.97,0.904,2.8066,97100,70023,0.7211,1.005,0.721,62241200,0.720,92674400,0.719,79033400,0.718,54271300,0.717,29306200,0.722,64860500,0.723,53133600,0.724,85530000,0.725,68996200,0.726,48382800,689,0,0
sh513130,09:36:05,1766453768406,09:37:06,1766453768313,0.722,0.7216,0.0554,5507.97,0.904,2.3866,0,0,0.722,1.002,0.721,62241200,0.720,92674400,0.719,79033400,0.718,54271300,0.717,29306200,0.722,64860500,0.723,53133600,0.724,85530000,0.725,68996200,0.726,48382800,92,0,0
sh513130,09:36:05,1766453769410,09:37:08,1766453768673,0.722,0.7216,0.0554,5506.21,0.904,2.4765,0,0,0.722,1.004,0.721,62241200,0.720,92674400,0.719,79033400,0.718,54271300,0.717,29306200,0.722,64860500,0.723,53133600,0.724,85530000,0.725,68996200,0.726,48382800,736,0,0
sh513130,09:36:08,1766453770414,09:37:08,1766453768673,0.722,0.7215,0.0693,5506.21,0.904,2.3703,38100,27474,0.7211,1.004,0.721,39990400,0.720,101327100,0.719,77978700,0.718,62483000,0.717,29326300,0.722,64898700,0.723,54011400,0.724,85430100,0.725,69895700,0.726,48382800,1740,0,0
sh513130,09:36:08,1766453771427,09:37:10,1766453770688,0.722,0.7215,0.0693,5506.82,0.904,4.0068,0,0,0.722,1.013,0.721,39990400,0.720,101327100,0.719,77978700,0.718,62483000,0.717,29326300,0.722,64898700,0.723,54011400,0.724,85430100,0.725,69895700,0.726,48382800,737,0,0
sh513130,09:36:08,1766453772426,09:37:10,1766453770688,0.722,0.7215,0.0693,5506.82,0.904,3.9353,0,0,0.722,1.0,0.721,39990400,0.720,101327100,0.719,77978700,0.718,62483000,0.717,29326300,0.722,64898700,0.723,54011400,0.724,85430100,0.725,69895700,0.726,48382800,1737,0,0
sh513130,09:36:11,1766453773444,09:37:12,1766453772717,0.722,0.7215,0.0693,5506.42,0.904,3.5022,253700,182992,0.7213,1.018,0.721,18816700,0.720,100714700,0.719,78204400,0.718,62493100,0.717,29326300,0.722,66751400,0.723,54021400,0.724,84490100,0.725,70916600,0.726,48382800,727,0,0
sh513130,09:36:11,1766453774438,09:37:12,1766453772717,0.722,0.7215,0.0693,5506.42,0.904,3.5142,0,0,0.722,0.994,0.721,18816700,0.720,100714700,0.719,78204400,0.718,62493100,0.717,29326300,0.722,66751400,0.723,54021400,0.724,84490100,0.725,70916600,0.726,48382800,1721,0,0
sh513130,09:36:11,1766453775438,09:37:14,1766453774919,0.722,0.7215,0.0693,5505.58,0.904,2.8014,0,0,0.722,1.0,0.721,18816700,0.720,100714700,0.719,78204400,0.718,62493100,0.717,29326300,0.722,66751400,0.723,54021400,0.724,84490100,0.725,70916600,0.726,48382800,518,0,0
sh513130,09:36:14,1766453776442,09:37:14,1766453774919,0.721,0.7215,-0.0693,5505.58,0.904,3.3105,742700,535504,0.721,1.004,0.721,15308400,0.720,100905100,0.719,78324800,0.718,62614500,0.717,29331300,0.722,68903000,0.723,54323200,0.724,84460600,0.725,70916600,0.726,48613700,1522,0,0
sh513130,09:36:11,1766453777448,09:37:16,1766453777120,0.722,0.7215,0.0693,5504.5,0.904,2.9474,0,0,0.722,1.006,0.721,18816700,0.720,100714700,0.719,78204400,0.718,62493100,0.717,29326300,0.722,66751400,0.723,54021400,0.724,84490100,0.725,70916600,0.726,48382800,327,0,1
sh513130,09:36:14,1766453778444,09:37:16,1766453777120,0.721,0.7215,-0.0693,5504.5,0.904,4.0126,742700,535504,0.721,0.996,0.721,15308400,0.720,100905100,0.719,78324800,0.718,62614500,0.717,29331300,0.722,68903000,0.723,54323200,0.724,84460600,0.725,70916600,0.726,48613700,1324,0,0
sh513130,09:36:17,1766453779455,09:37:18,1766453779314,0.721,0.7215,-0.0693,5505.37,0.904,6.6283,437300,315546,0.7216,1.011,0.721,23605400,0.720,100939600,0.719,79355800,0.718,62637000,0.717,29336800,0.722,68324100,0.723,53481500,0.724,84441500,0.725,71070500,0.726,48616700,141,0,0
sh513130,09:36:17,1766453780446,09:37:18,1766453779314,0.721,0.7215,-0.0693,5505.37,0.904,5.2652,0,0,0.721,0.99,0.721,23605400,0.720,100939600,0.719,79355800,0.718,62637000,0.717,29336800,0.722,68324100,0.723,53481500,0.724,84441500,0.725,71070500,0.726,48616700,1131,0,0
sh513130,09:36:20,1766453781452,09:37:20,1766453780695,0.721,0.7215,-0.0693,5505.69,0.904,4.7292,2617400,1887150,0.721,1.006,0.721,60487200,0.720,92659800,0.719,79812100,0.718,47652400,0.717,29608100,0.722,69760200,0.723,54574800,0.724,84880700,0.725,71212000,0.726,48379100,756,0,0
sh513130,09:36:20,1766453782442,09:37:20,1766453781508,0.721,0.7215,-0.0693,5505.69,0.904,4.649,0,0,0.721,0.99,0.721,60487200,0.720,92659800,0.719,79812100,0.718,47652400,0.717,29608100,0.722,69760200,0.723,54574800,0.724,84880700,0.725,71212000,0.726,48379100,933,0,0
sh513130,09:36:20,1766453783453,09:37:22,1766453782686,0.721,0.7215,-0.0693,5506.19,0.904,4.3038,0,0,0.721,1.011,0.721,60487200,0.720,92659800,0.719,79812100,0.718,47652400,0.717,29608100,0.722,69760200,0.723,54574800,0.724,84880700,0.725,71212000,0.726,48379100,766,0,0
sh513130,09:36:20,1766453784442,09:37:22,1766453783701,0.721,0.7215,-0.0693,5506.19,0.904,3.35,0,0,0.721,0.989,0.721,60487200,0.720,92659800,0.719,79812100,0.718,47652400,0.717,29608100,0.722,69760200,0.723,54574800,0.724,84880700,0.725,71212000,0.726,48379100,741,0,0
sh513130,09:36:23,1766453785451,09:37:24,1766453784670,0.721,0.7215,-0.0693,5507.03,0.904,3.2904,74800,53941,0.7211,1.009,0.721,62755000,0.720,92466100,0.719,79812100,0.718,45302200,0.717,30263000,0.722,69532000,0.723,54867500,0.724,86446100,0.725,71302000,0.726,48370100,780,0,0
sh513130,09:36:23,1766453786455,09:37:24,1766453785892,0.721,0.7215,-0.0693,5507.03,0.904,2.9895,0,0,0.721,1.004,0.721,62755000,0.720,92466100,0.719,79812100,0.718,45302200,0.717,30263000,0.722,69532000,0.723,54867500,0.724,86446100,0.725,71302000,0.726,48370100,563,0,0
sh513130,09:36:23,1766453787454,09:37:26,1766453786692,0.721,0.7215,-0.0693,5507.15,0.904,3.1135,0,0,0.721,0.999,0.721,62755000,0.720,92466100,0.719,79812100,0.718,45302200,0.717,30263000,0.722,69532000,0.723,54867500,0.724,86446100,0.725,71302000,0.726,48370100,762,0,0
sh513130,09:36:26,1766453788454,09:37:26,1766453788096,0.721,0.7222,-0.1662,5507.15,0.904,2.2367,487200,351551,0.7216,1.0,0.721,67514100,0.720,92923800,0.719,80321200,0.718,42376200,0.717,30269000,0.722,69079500,0.723,54623300,0.724,86446100,0.725,72161400,0.726,48374000,358,0,0
sh513130,09:36:26,1766453789442,09:37:28,1766453788761,0.721,0.7222,-0.1662,5506.28,0.904,2.1976,0,0,0.721,0.988,0.721,67514100,0.720,92923800,0.719,80321200,0.718,42376200,0.717,30269000,0.722,69079500,0.723,54623300,0.724,86446100,0.725,72161400,0.726,48374000,681,0,0
sh513130,09:36:26,1766453790457,09:37:28,1766453790300,0.721,0.7222,-0.1662,5506.28,0.904,3.0201,0,0,0.721,1.014,0.721,67514100,0.720,92923800,0.719,80321200,0.718,42376200,0.717,30269000,0.722,69079500,0.723,54623300,0.724,86446100,0.725,72161400,0.726,48374000,156,0,0
sh513130,09:36:29,1766453791456,09:37:30,1766453790672,0.721,0.7222,-0.1662,5507.24,0.904,2.9633,6800,4903,0.721,1.0,0.721,65737400,0.720,93076100,0.719,80321500,0.718,44456200,0.717,30269000,0.722,68095100,0.723,54567700,0.724,87654400,0.725,72232000,0.726,48421900,784,0,0
sh513130,09:36:29,1766453792459,09:37:30,1766453790672,0.721,0.7222,-0.1662,5507.24,0.904,2.4928,0,0,0.721,1.003,0.721,65737400,0.720,93076100,0.719,80321500,0.718,44456200,0.717,30269000,0.722,68095100,0.723,54567700,0.724,87654400,0.725,72232000,0.726,48421900,1787,0,0
sh513130,09:36:29,1766453793473,09:37:32,1766453792687,0.721,0.7222,-0.1662,5508.4,0.904,2.9929,0,0,0.721,1.014,0.721,65737400,0.720,93076100,0.719,80321500,0.718,44456200,0.717,30269000,0.722,68095100,0.723,54567700,0.724,87654400,0.725,72232000,0.726,48421900,786,0,0
sh513130,09:36:32,1766453794475,09:37:32,1766453792687,0.722,0.7222,-0.0277,5508.4,0.904,2.3631,149500,107768,0.7209,1.002,0.721,68122400,0.720,92401900,0.719,80321500,0.718,42487200,0.717,30270100,0.722,67343100,0.723,54617700,0.724,87865600,0.725,72732000,0.726,48421900,1788,0,0
sh513130,09:36:32,1766453795486,09:37:34,1766453794712,0.722,0.7222,-0.0277,5508.46,0.904,2.8239,0,0,0.722,1.011,0.721,68122400,0.720,92401900,0.719,80321500,0.718,42487200,0.717,30270100,0.722,67343100,0.723,54617700,0.724,87865600,0.725,72732000,0.726,48421900,773,0,0
sh513130,09:36:35,1766453796479,09:37:34,1766453794712,0.721,0.7222,-0.1662,5508.46,0.904,2.8867,121400,87529,0.721,0.993,0.721,69440200,0.720,92840200,0.719,80322500,0.718,42606800,0.717,30874400,0.722,68327200,0.723,54817800,0.724,88013600,0.725,72723800,0.726,48939900,1767,0,0
sh513130,09:36:35,1766453797487,09:37:36,1766453796892,0.721,0.7222,-0.1662,5507.46,0.904,2.8453,0,0,0.721,1.008,0.721,69440200,0.720,92840200,0.719,80322500,0.718,42606800,0.717,30874400,0.722,68327200,0.723,54817800,0.724,88013600,0.725,72723800,0.726,48939900,595,0,0
sh513130,09:36:35,1766453798505,09:37:36,1766453796892,0.721,0.7222,-0.1662,5507.46,0.904,2.6925,0,0,0.721,1.018,0.721,69440200,0.720,92840200,0.719,80322500,0.718,42606800,0.717,30874400,0.722,68327200,0.723,54817800,0.724,88013600,0.725,72723800,0.726,48939900,1612,0,0
sh513130,09:36:35,1766453799517,09:37:38,1766453799096,0.721,0.7222,-0.1662,5508.39,0.904,2.76,0,0,0.721,1.012,0.721,69440200,0.720,92840200,0.719,80322500,0.718,42606800,0.717,30874400,0.722,68327200,0.723,54817800,0.724,88013600,0.725,72723800,0.726,48939900,420,0,0
sh513130,09:36:38,1766453800512,09:37:38,1766453799096,0.721,0.7222,-0.1662,5508.39,0.904,2.7076,1146000,826270,0.721,0.995,0.721,68567400,0.720,93185900,0.719,80406000,0.718,42627900,0.717,30874900,0.722,68524500,0.723,54822000,0.724,87986000,0.725,72723800,0.726,48999900,1415,0,0
sh513130,09:36:38,1766453801510,09:37:40,1766453801306,0.721,0.7222,-0.1662,5508.16,0.904,2.1246,0,0,0.721,0.998,0.721,68567400,0.720,93185900,0.719,80406000,0.718,42627900,0.717,30874900,0.722,68524500,0.723,54822000,0.724,87986000,0.725,72723800,0.726,48999900,203,0,0
sh513130,09:36:38,1766453802508,09:37:40,1766453801306,0.721,0.7222,-0.1662,5508.16,0.904,1.7765,0,0,0.721,0.997,0.721,68567400,0.720,93185900,0.719,80406000,0.718,42627900,0.717,30874900,0.722,68524500,0.723,54822000,0.724,87986000,0.725,72723800,0.726,48999900,1201,0,0
sh513130,09:36:41,1766453803516,09:37:42,1766453803513,0.721,0.7222,-0.1662,5508.45,0.904,1.6246,158800,114495,0.721,1.008,0.721,69536000,0.720,93263900,0.719,80296100,0.718,42645200,0.717,30924900,0.722,69040500,0.723,54872000,0.724,87951000,0.725,72323800,0.726,48999900,3,0,0
sh513130,09:36:41,1766453804519,09:37:42,1766453803513,0.721,0.7222,-0.1662,5508.45,0.904,1.6036,0,0,0.721,1.003,0.721,69536000,0.720,93263900,0.719,80296100,0.718,42645200,0.717,30924900,0.722,69040500,0.723,54872000,0.724,87951000,0.725,72323800,0.726,48999900,1006,0,0
sh513130,09:36:41,1766453805524,09:37:44,1766453804698,0.721,0.7222,-0.1662,5509.26,0.904,1.4681,0,0,0.721,1.005,0.721,69536000,0.720,93263900,0.719,80296100,0.718,42645200,0.717,30924900,0.722,69040500,0.723,54872000,0.724,87951000,0.725,72323800,0.726,48999900,825,0,0
sh513130,09:36:44,1766453806526,09:37:44,1766453805713,0.721,0.7222,-0.1662,5509.26,0.904,2.1616,612000,441342,0.7211,1.002,0.721,70018800,0.720,93467800,0.719,80296800,0.718,42647200,0.717,30880800,0.722,70242700,0.723,56151700,0.724,87951000,0.725,72338800,0.726,49197600,813,0,0
sh513130,09:36:44,1766453807524,09:37:46,1766453806724,0.721,0.7222,-0.1662,5508.42,0.904,2.1313,0,0,0.721,0.998,0.721,70018800,0.720,93467800,0.719,80296800,0.718,42647200,0.717,30880800,0.722,70242700,0.723,56151700,0.724,87951000,0.725,72338800,0.726,49197600,800,0,0
sh513130,09:36:47,1766453808525,09:37:46,1766453807916,0.722,0.7222,-0.0277,5508.42,0.904,3.2131,659800,475720,0.721,1.001,0.721,69996600,0.720,93723800,0.719,80404100,0.718,42697200,0.717,30882800,0.722,46910600,0.723,64735900,0.724,87944000,0.725,87530900,0.726,49191600,609,0,0
sh513130,09:36:47,1766453809525,09:37:48,1766453809118,0.722,0.7222,-0.0277,5509.64,0.904,3.2086,0,0,0.722,1.0,0.721,69996600,0.720,93723800,0.719,80404100,0.718,42697200,0.717,30882800,0.722,46910600,0.723,64735900,0.724,87944000,0.725,87530900,0.726,49191600,406,0,0
sh513130,09:36:47,1766453810520,09:37:48,1766453810116,0.722,0.7222,-0.0277,5509.64,0.904,3.3477,0,0,0.722,0.995,0.721,69996600,0.720,93723800,0.719,80404100,0.718,42697200,0.717,30882800,0.722,46910600,0.723,64735900,0.724,87944000,0.725,87530900,0.726,49191600,404,0,0
sh513130,09:36:47,1766453811526,09:37:50,1766453810669,0.722,0.7222,-0.0277,5509.41,0.904,6.3675,0,0,0.722,1.006,0.721,69996600,0.720,93723800,0.719,80404100,0.718,42697200,0.717,30882800,0.722,46910600,0.723,64735900,0.724,87944000,0.725,87530900,0.726,49191600,857,0,0
sh513130,09:36:50,1766453812526,09:37:50,1766453812307,0.722,0.7222,-0.0277,5509.41,0.904,6.3077,48900,35274,0.7213,1.0,0.721,70035300,0.720,93829900,0.719,79426100,0.718,42768000,0.717,30889800,0.722,46218900,0.723,64635900,0.724,88337300,0.725,87566400,0.726,49191600,218,0,0
sh513130,09:36:50,1766453813526,09:37:52,1766453812650,0.722,0.7222,-0.0277,5509.0,0.904,6.2703,0,0,0.722,1.0,0.721,70035300,0.720,93829900,0.719,79426100,0.718,42768000,0.717,30889800,0.722,46218900,0.723,64635900,0.724,88337300,0.725,87566400,0.726,49191600,876,0,0
sh513130,09:36:50,1766453814519,09:37:52,1766453814510,0.722,0.7222,-0.0277,5509.0,0.904,7.323,0,0,0.722,0.993,0.721,70035300,0.720,93829900,0.719,79426100,0.718,42768000,0.717,30889800,0.722,46218900,0.723,64635900,0.724,88337300,0.725,87566400,0.726,49191600,9,0,0
sh513130,09:36:53,1766453815530,09:37:54,1766453814719,0.722,0.7215,0.0693,5509.14,0.904,6.1031,2110800,1523929,0.722,1.011,0.721,70127800,0.720,93880000,0.719,80416100,0.718,42610900,0.717,30897200,0.722,59343100,0.723,64975300,0.724,88370400,0.725,72504800,0.726,49191600,811,0,0
sh513130,09:36:53,1766453816521,09:37:54,1766453814719,0.722,0.7215,0.0693,5509.14,0.904,6.8814,0,0,0.722,0.99,0.721,70127800,0.720,93880000,0.719,80416100,0.718,42610900,0.717,30897200,0.722,59343100,0.723,64975300,0.724,88370400,0.725,72504800,0.726,49191600,1802,0,0
sh513130,09:36:53,1766453817530,09:37:56,1766453816747,0.722,0.7215,0.0693,5509.16,0.904,5.8472,0,0,0.722,1.01,0.721,70127800,0.720,93880000,0.719,80416100,0.718,42610900,0.717,30897200,0.722,59343100,0.723,64975300,0.724,88370400,0.725,72504800,0.726,49191600,783,0,0
sh513130,09:36:56,1766453818534,09:37:56,1766453816747,0.721,0.7215,-0.0693,5509.16,0.904,5.7583,682000,492344,0.7219,1.004,0.721,70335000,0.720,94299300,0.719,80366300,0.718,42610900,0.717,30898200,0.722,59220600,0.723,57157600,0.724,88345100,0.725,72504800,0.726,50344700,1787,0,0
sh513130,09:36:56,1766453819550,09:37:58,1766453818908,0.721,0.7215,-0.0693,5508.77,0.904,6.1887,0,0,0.721,1.015,0.721,70335000,0.720,94299300,0.719,80366300,0.718,42610900,0.717,30898200,0.722,59220600,0.723,57157600,0.724,88345100,0.725,72504800,0.726,50344700,641,0,0
sh513130,09:36:56,1766453820539,09:37:58,1766453818908,0.721,0.7215,-0.0693,5508.77,0.904,6.0875,0,0,0.721,0.99,0.721,70335000,0.720,94299300,0.719,80366300,0.718,42610900,0.717,30898200,0.722,59220600,0.723,57157600,0.724,88345100,0.725,72504800,0.726,50344700,1630,0,0
sh513130,09:36:56,1766453821544,09:38:00,1766453821123,0.721,0.7215,-0.0693,5508.24,0.904,4.6866,0,0,0.721,1.005,0.721,70335000,0.720,94299300,0.719,80366300,0.718,42610900,0.717,30898200,0.722,59220600,0.723,57157600,0.724,88345100,0.725,72504800,0.726,50344700,420,0,0
sh513130,09:36:59,1766453822538,09:38:00,1766453821123,0.721,0.7215,-0.0693,5508.24,0.904,4.6069,599000,431895,0.721,0.994,0.721,71463200,0.720,94679200,0.719,80376300,0.718,42612900,0.717,30898300,0.722,67994200,0.723,57250900,0.724,88685600,0.725,72506800,0.726,50344700,1415,0,0
sh513130,09:36:59,1766453823550,09:38:02,1766453823330,0.721,0.7215,-0.0693,5508.89,0.904,5.1618,0,0,0.721,1.011,0.721,71463200,0.720,94679200,0.719,80376300,0.718,42612900,0.717,30898300,0.722,67994200,0.723,57250900,0.724,88685600,0.725,72506800,0.726,50344700,218,0,0
sh513130,09:37:02,1766453824536,09:38:02,1766453823863,0.722,0.7216,0.0554,5508.89,0.904,4.5681,56900,41027,0.721,0.987,0.721,71790100,0.720,95722500,0.719,80396300,0.718,43637400,0.717,30896300,0.722,68712200,0.723,57190900,0.724,88392100,0.725,72506800,0.726,50389000,672,0,0
sh513130,09:37:02,1766453825540,09:38:04,1766453824759,0.722,0.7216,0.0554,5508.68,0.904,4.6995,0,0,0.722,1.004,0.721,71790100,0.720,95722500,0.719,80396300,0.718,43637400,0.717,30896300,0.722,68712200,0.723,57190900,0.724,88392100,0.725,72506800,0.726,50389000,780,0,0
sh513130,09:37:02,1766453826550,09:38:04,1766453825540,0.722,0.7216,0.0554,5508.68,0.904,4.6429,0,0,0.722,1.01,0.721,71790100,0.720,95722500,0.719,80396300,0.718,43637400,0.717,30896300,0.722,68712200,0.723,57190900,0.724,88392100,0.725,72506800,0.726,50389000,1009,0,0
sh513130,09:37:05,1766453827547,09:38:06,1766453826729,0.721,0.7216,-0.0831,5508.02,0.904,4.1303,75200,54220,0.721,0.997,0.721,73111400,0.720,96025900,0.719,80396300,0.718,44637900,0.717,32895300,0.722,68430400,0.723,57219600,0.724,88392200,0.725,72523700,0.726,50384000,818,0,0
sh513130,09:37:05,1766453828545,09:38:06,1766453827746,0.721,0.7216,-0.0831,5508.02,0.904,3.2494,0,0,0.721,0.998,0.721,73111400,0.720,96025900,0.719,80396300,0.718,44637900,0.717,32895300,0.722,68430400,0.723,57219600,0.724,88392200,0.725,72523700,0.726,50384000,798,0,0
sh513130,09:37:05,1766453829540,09:38:08,1766453828655,0.721,0.7216,-0.0831,5508.89,0.904,3.189,0,0,0.721,0.996,0.721,73111400,0.720,96025900,0.719,80396300,0.718,44637900,0.717,32895300,0.722,68430400,0.723,57219600,0.724,88392200,0.725,72523700,0.726,50384000,885,0,0
sh513130,09:37:08,1766453830546,09:38:08,1766453829959,0.721,0.7216,-0.0831,5508.89,0.904,2.7997,64300,46365,0.7211,1.006,0.721,73519600,0.720,96167500,0.719,80478900,0.718,44630900,0.717,33895800,0.722,69009500,0.723,57202100,0.724,88408700,0.725,72661700,0.726,50384000,586,0,0
sh513130,09:37:08,1766453831539,09:38:10,1766453830710,0.721,0.7216,-0.0831,5507.73,0.904,1.4766,0,0,0.721,0.993,0.721,73519600,0.720,96167500,0.719,80478900,0.718,44630900,0.717,33895800,0.722,69009500,0.723,57202100,0.724,88408700,0.725,72661700,0.726,50384000,828,0,0
sh513130,09:37:08,1766453832538,09:38:10,1766453832162,0.721,0.7216,-0.0831,5507.73,0.904,1.039,0,0,0.721,0.999,0.721,73519600,0.720,96167500,0.719,80478900,0.718,44630900,0.717,33895800,0.722,69009500,0.723,57202100,0.724,88408700,0.725,72661700,0.726,50384000,376,0,0
sh513130,09:37:11,1766453833542,09:38:12,1766453832670,0.721,0.7216,-0.0831,5507.97,0.904,1.2039,326400,235440,0.7213,1.003,0.721,73501500,0.720,96357500,0.719,80681000,0.718,44562300,0.717,33965900,0.722,70699900,0.723,57230600,0.724,88190000,0.725,72261700,0.726,50384000,871,0,0
sh513130,09:37:11,1766453834536,09:38:12,1766453834365,0.721,0.7216,-0.0831,5507.97,0.904,2.6988,0,0,0.721,0.994,0.721,73501500,0.720,96357500,0.719,80681000,0.718,44562300,0.717,33965900,0.722,70699900,0.723,57230600,0.724,88190000,0.725,72261700,0.726,50384000,170,0,0
sh513130,09:37:11,1766453835550,09:38:14,1766453834912,0.721,0.7216,-0.0831,5508.65,0.904,3.6165,0,0,0.721,1.014,0.721,73501500,0.720,96357500,0.719,80681000,0.718,44562300,0.717,33965900,0.722,70699900,0.723,57230600,0.724,88190000,0.725,72261700,0.726,50384000,638,0,0
sh513130,09:37:14,1766453836555,09:38:14,1766453834912,0.721,0.7216,-0.0831,5508.65,0.904,4.771,501800,361799,0.721,1.005,0.721,73940500,0.720,96376900,0.719,80681200,0.718,44564300,0.717,34083700,0.722,71466700,0.723,57762100,0.724,88190000,0.725,72301700,0.726,50384000,1643,0,0
