symbol,tx_server_time,tx_local_time,bd_server_time,bd_local_time,price,iopv,premium_rate,index_price,fx_rate,sentiment,tick_vol,tick_amt,tick_vwap,interval_s,bp1,bv1,bp2,bv2,bp3,bv3,bp4,bv4,bp5,bv5,sp1,sv1,sp2,sv2,sp3,sv3,sp4,sv4,sp5,sv5
sh513130,10:05:55,1764209158609,,0,0.748,0.7489,-0.1202,0.0,0.9093,0.0,0,0,0.748,0.0,0.747,125729100,0.746,105047400,0.745,71803600,0.744,57377500,0.743,41663200,0.748,14189600,0.749,138256600,0.75,137436300,0.751,99955500,0.752,48668900
sh513130,10:05:55,1764209159359,,0,0.748,0.7489,-0.1202,0.0,0.9093,0.6292,0,0,0.748,0.75,0.747,125729100,0.746,105047400,0.745,71803600,0.744,57377500,0.743,41663200,0.748,14189600,0.749,138256600,0.75,137436300,0.751,99955500,0.752,48668900
sh513130,10:05:55,1764209160358,,0,0.748,0.7489,-0.1202,0.0,0.9093,0.6292,0,0,0.748,0.999,0.747,125729100,0.746,105047400,0.745,71803600,0.744,57377500,0.743,41663200,0.748,14189600,0.749,138256600,0.75,137436300,0.751,99955500,0.752,48668900
sh513130,10:05:58,1764209161359,,0,0.747,0.7489,-0.2537,0.0,0.9093,2.3234,3468000,2593901,0.748,1.001,0.747,117746000,0.746,113142900,0.745,73275500,0.744,57377500,0.743,42712100,0.748,36382600,0.749,138361600,0.75,144803200,0.751,92475200,0.752,48661700
sh513130,10:05:58,1764209162362,,0,0.747,0.7489,-0.2537,0.0,0.9093,3.3004,0,0,0.747,1.003,0.747,117746000,0.746,113142900,0.745,73275500,0.744,57377500,0.743,42712100,0.748,36382600,0.749,138361600,0.75,144803200,0.751,92475200,0.752,48661700
sh513130,10:06:01,1764209163367,,0,0.748,0.7489,-0.1202,0.0,0.9093,2.8429,622000,465256,0.748,1.005,0.747,125900500,0.746,106103700,0.745,73338900,0.744,57369900,0.743,42739300,0.748,36044100,0.749,130149100,0.75,137046400,0.751,95515200,0.752,49161700
sh513130,10:06:01,1764209164372,,0,0.748,0.7489,-0.1202,0.0,0.9093,2.8429,0,0,0.748,1.005,0.747,125900500,0.746,106103700,0.745,73338900,0.744,57369900,0.743,42739300,0.748,36044100,0.749,130149100,0.75,137046400,0.751,95515200,0.752,49161700
sh513130,10:06:01,1764209165376,,0,0.748,0.7489,-0.1202,0.0,0.9093,2.2667,0,0,0.748,1.004,0.747,125900500,0.746,106103700,0.745,73338900,0.744,57369900,0.743,42739300,0.748,36044100,0.749,130149100,0.75,137046400,0.751,95515200,0.752,49161700
sh513130,10:06:04,1764209166404,,0,0.748,0.7489,-0.1202,0.0,0.9093,2.5597,1578500,1180487,0.7479,1.028,0.747,125775000,0.746,106087800,0.745,73351200,0.744,57399600,0.743,43239300,0.748,29260100,0.749,141748100,0.75,136510300,0.751,100912600,0.752,49465700
sh513130,10:06:04,1764209167381,,0,0.748,0.7489,-0.1202,0.0,0.9093,2.5597,0,0,0.748,0.977,0.747,125775000,0.746,106087800,0.745,73351200,0.744,57399600,0.743,43239300,0.748,29260100,0.749,141748100,0.75,136510300,0.751,100912600,0.752,49465700
sh513130,10:06:04,1764209168376,,0,0.748,0.7489,-0.1202,0.0,0.9093,3.275,0,0,0.748,0.995,0.747,125775000,0.746,106087800,0.745,73351200,0.744,57399600,0.743,43239300,0.748,29260100,0.749,141748100,0.75,136510300,0.751,100912600,0.752,49465700
sh513130,10:06:04,1764209169389,,0,0.748,0.7489,-0.1202,0.0,0.9093,2.9669,0,0,0.748,1.013,0.747,125775000,0.746,106087800,0.745,73351200,0.744,57399600,0.743,43239300,0.748,29260100,0.749,141748100,0.75,136510300,0.751,100912600,0.752,49465700
sh513130,10:06:07,1764209170412,,0,0.748,0.7489,-0.1202,0.0,0.9093,4.1284,7230900,5408712,0.748,1.023,0.748,68692200,0.747,125951900,0.746,95024400,0.745,67105400,0.744,41288000,0.749,129182100,0.75,136716200,0.751,101038400,0.752,49465700,0.753,49997500
sh513130,10:06:07,1764209171443,,0,0.748,0.7489,-0.1202,0.0,0.9093,4.3734,0,0,0.748,1.031,0.748,68692200,0.747,125951900,0.746,95024400,0.745,67105400,0.744,41288000,0.749,129182100,0.75,136716200,0.751,101038400,0.752,49465700,0.753,49997500
sh513130,10:06:07,1764209172437,,0,0.748,0.7489,-0.1202,0.0,0.9093,2.6234,0,0,0.748,0.994,0.748,68692200,0.747,125951900,0.746,95024400,0.745,67105400,0.744,41288000,0.749,129182100,0.75,136716200,0.751,101038400,0.752,49465700,0.753,49997500
sh513130,10:06:10,1764209173507,,0,0.748,0.7489,-0.1202,0.0,0.9093,2.6234,587500,439450,0.748,1.07,0.748,72369600,0.747,126220500,0.746,94977900,0.745,62730300,0.744,36288800,0.749,127883900,0.75,137114700,0.751,102116400,0.752,49975900,0.753,49920500
sh513130,10:06:10,1764209174481,,0,0.748,0.7489,-0.1202,0.0,0.9093,3.9157,0,0,0.748,0.974,0.748,72369600,0.747,126220500,0.746,94977900,0.745,62730300,0.744,36288800,0.749,127883900,0.75,137114700,0.751,102116400,0.752,49975900,0.753,49920500
sh513130,10:06:10,1764209175503,,0,0.748,0.7489,-0.1202,0.0,0.9093,4.0851,0,0,0.748,1.021,0.748,72369600,0.747,126220500,0.746,94977900,0.745,62730300,0.744,36288800,0.749,127883900,0.75,137114700,0.751,102116400,0.752,49975900,0.753,49920500
sh513130,10:06:13,1764209176402,,0,0.748,0.7489,-0.1202,0.0,0.9093,3.5351,240400,179922,0.7484,0.899,0.748,60742200,0.747,126245700,0.746,94984700,0.745,70734300,0.744,36282300,0.749,127929100,0.75,137513400,0.751,102257400,0.752,49976900,0.753,49920500
sh513130,10:06:13,1764209177425,,0,0.748,0.7489,-0.1202,0.0,0.9093,5.9247,0,0,0.748,1.023,0.748,60742200,0.747,126245700,0.746,94984700,0.745,70734300,0.744,36282300,0.749,127929100,0.75,137513400,0.751,102257400,0.752,49976900,0.753,49920500
sh513130,10:06:16,1764209178458,,0,0.748,0.7489,-0.1202,0.0,0.9093,5.9247,316100,236497,0.7482,1.033,0.748,90588900,0.747,117459500,0.746,93015300,0.745,61731900,0.744,41282300,0.749,125841000,0.75,137591000,0.751,103278300,0.752,49995500,0.753,49920500
sh513130,10:06:16,1764209179508,,0,0.748,0.7489,-0.1202,0.0,0.9093,5.2106,0,0,0.748,1.049,0.748,90588900,0.747,117459500,0.746,93015300,0.745,61731900,0.744,41282300,0.749,125841000,0.75,137591000,0.751,103278300,0.752,49995500,0.753,49920500
sh513130,10:06:16,1764209180496,,0,0.748,0.7489,-0.1202,0.0,0.9093,4.6512,0,0,0.748,0.988,0.748,90588900,0.747,117459500,0.746,93015300,0.745,61731900,0.744,41282300,0.749,125841000,0.75,137591000,0.751,103278300,0.752,49995500,0.753,49920500
sh513130,10:06:16,1764209181506,,0,0.748,0.7489,-0.1202,0.0,0.9093,3.8829,0,0,0.748,1.01,0.748,90588900,0.747,117459500,0.746,93015300,0.745,61731900,0.744,41282300,0.749,125841000,0.75,137591000,0.751,103278300,0.752,49995500,0.753,49920500
sh513130,10:06:19,1764209182480,,0,0.749,0.7489,0.0134,0.0,0.9093,3.2093,703100,526246,0.7485,0.974,0.748,82057500,0.747,126465600,0.746,93956000,0.745,62675200,0.744,41325500,0.749,126565700,0.75,137458700,0.751,102349300,0.752,50437000,0.753,49944300
sh513130,10:06:19,1764209183503,,0,0.749,0.7489,0.0134,0.0,0.9093,4.1155,0,0,0.749,1.023,0.748,82057500,0.747,126465600,0.746,93956000,0.745,62675200,0.744,41325500,0.749,126565700,0.75,137458700,0.751,102349300,0.752,50437000,0.753,49944300
sh513130,10:06:22,1764209184520,,0,0.748,0.7489,-0.1202,0.0,0.9093,3.8082,738000,552148,0.7482,1.018,0.748,64524000,0.747,126424200,0.746,94052300,0.745,75575200,0.744,41328700,0.749,127136900,0.75,137492100,0.751,102400600,0.752,50939000,0.753,50123800
sh513130,10:06:22,1764209185526,,0,0.748,0.7489,-0.1202,0.0,0.9093,3.8082,0,0,0.748,1.006,0.748,64524000,0.747,126424200,0.746,94052300,0.745,75575200,0.744,41328700,0.749,127136900,0.75,137492100,0.751,102400600,0.752,50939000,0.753,50123800
sh513130,10:06:22,1764209186392,,0,0.748,0.7489,-0.1202,0.0,0.9093,1.8517,0,0,0.748,0.866,0.748,64524000,0.747,126424200,0.746,94052300,0.745,75575200,0.744,41328700,0.749,127136900,0.75,137492100,0.751,102400600,0.752,50939000,0.753,50123800
sh513130,10:06:25,1764209187392,,0,0.748,0.7489,-0.1202,0.0,0.9093,2.0866,1271600,951878,0.7486,1.0,0.748,63933500,0.747,126532200,0.746,94052300,0.745,75575200,0.744,41228700,0.749,127501400,0.75,137564500,0.751,102520000,0.752,50941000,0.753,50203800
sh513130,10:06:22,1764209188395,,0,0.748,0.7489,-0.1202,0.0,0.9093,0.2563,-1271600,-951878,0.748,1.003,0.748,64524000,0.747,126424200,0.746,94052300,0.745,75575200,0.744,41328700,0.749,127136900,0.75,137492100,0.751,102400600,0.752,50939000,0.753,50123800
sh513130,10:06:25,1764209189394,,0,0.748,0.7489,-0.1202,0.0,0.9093,0.2563,1271600,951878,0.7486,0.999,0.748,63933500,0.747,126532200,0.746,94052300,0.745,75575200,0.744,41228700,0.749,127501400,0.75,137564500,0.751,102520000,0.752,50941000,0.753,50203800
sh513130,10:06:25,1764209190396,,0,0.748,0.7489,-0.1202,0.0,0.9093,0.8332,0,0,0.748,1.002,0.748,63933500,0.747,126532200,0.746,94052300,0.745,75575200,0.744,41228700,0.749,127501400,0.75,137564500,0.751,102520000,0.752,50941000,0.753,50203800
sh513130,10:06:28,1764209191395,,0,0.748,0.7489,-0.1202,0.0,0.9093,0.7918,18636200,13940310,0.748,1.0,0.747,119474600,0.746,101952300,0.745,77777700,0.744,57209700,0.743,43794000,0.748,17475300,0.749,139396400,0.75,146794000,0.751,93712200,0.752,50591600
sh513130,10:06:28,1764209192401,,0,0.748,0.7489,-0.1202,0.0,0.9093,0.8482,0,0,0.748,1.006,0.747,119474600,0.746,101952300,0.745,77777700,0.744,57209700,0.743,43794000,0.748,17475300,0.749,139396400,0.75,146794000,0.751,93712200,0.752,50591600
sh513130,10:06:28,1764209193404,,0,0.748,0.7489,-0.1202,0.0,0.9093,1.4342,0,0,0.748,1.003,0.747,119474600,0.746,101952300,0.745,77777700,0.744,57209700,0.743,43794000,0.748,17475300,0.749,139396400,0.75,146794000,0.751,93712200,0.752,50591600
sh513130,10:06:31,1764209194407,,0,0.747,0.7489,-0.2537,0.0,0.9093,1.1216,1995200,1492260,0.7479,1.003,0.747,117274800,0.746,103051400,0.745,79186900,0.744,57186000,0.743,43855000,0.748,37621500,0.749,140384400,0.75,146692900,0.751,93762500,0.752,50731600
sh513130,10:06:31,1764209195408,,0,0.747,0.7489,-0.2537,0.0,0.9093,1.7976,0,0,0.747,1.001,0.747,117274800,0.746,103051400,0.745,79186900,0.744,57186000,0.743,43855000,0.748,37621500,0.749,140384400,0.75,146692900,0.751,93762500,0.752,50731600
sh513130,10:06:31,1764209196412,,0,0.747,0.7489,-0.2537,0.0,0.9093,1.4934,0,0,0.747,1.004,0.747,117274800,0.746,103051400,0.745,79186900,0.744,57186000,0.743,43855000,0.748,37621500,0.749,140384400,0.75,146692900,0.751,93762500,0.752,50731600
sh513130,10:06:34,1764209197414,,0,0.747,0.7489,-0.2537,0.0,0.9093,2.1314,81300,60801,0.7479,1.002,0.747,119551700,0.746,103905300,0.745,78156900,0.744,57136000,0.743,43855000,0.748,31733900,0.749,140888600,0.75,146179800,0.751,93534400,0.752,50742700
sh513130,10:06:34,1764209198413,,0,0.747,0.7489,-0.2537,0.0,0.9093,2.2831,0,0,0.747,0.999,0.747,119551700,0.746,103905300,0.745,78156900,0.744,57136000,0.743,43855000,0.748,31733900,0.749,140888600,0.75,146179800,0.751,93534400,0.752,50742700
sh513130,10:06:37,1764209199421,,0,0.748,0.7489,-0.1202,0.0,0.9093,2.3928,268600,200907,0.748,1.008,0.747,120581900,0.746,104759200,0.745,78157100,0.744,57136000,0.743,44055000,0.748,38578200,0.749,141919800,0.75,146271900,0.751,93300700,0.752,50742700
sh513130,10:06:37,1764209200413,,0,0.748,0.7489,-0.1202,0.0,0.9093,2.5859,0,0,0.748,0.993,0.747,120581900,0.746,104759200,0.745,78157100,0.744,57136000,0.743,44055000,0.748,38578200,0.749,141919800,0.75,146271900,0.751,93300700,0.752,50742700
sh513130,10:06:37,1764209201417,,0,0.748,0.7489,-0.1202,0.0,0.9093,3.378,0,0,0.748,1.004,0.747,120581900,0.746,104759200,0.745,78157100,0.744,57136000,0.743,44055000,0.748,38578200,0.749,141919800,0.75,146271900,0.751,93300700,0.752,50742700
sh513130,10:06:37,1764209202420,,0,0.748,0.7489,-0.1202,0.0,0.9093,2.4151,0,0,0.748,1.003,0.747,120581900,0.746,104759200,0.745,78157100,0.744,57136000,0.743,44055000,0.748,38578200,0.749,141919800,0.75,146271900,0.751,93300700,0.752,50742700
sh513130,10:06:40,1764209203418,,0,0.748,0.7489,-0.1202,0.0,0.9093,2.5213,280200,209521,0.7478,0.998,0.747,119605000,0.746,105630700,0.745,79112100,0.744,57146000,0.743,44075000,0.748,77179900,0.749,131876900,0.75,147122800,0.751,72176000,0.752,50807700
sh513130,10:06:40,1764209204421,,0,0.748,0.7489,-0.1202,0.0,0.9093,1.8646,0,0,0.748,1.003,0.747,119605000,0.746,105630700,0.745,79112100,0.744,57146000,0.743,44075000,0.748,77179900,0.749,131876900,0.75,147122800,0.751,72176000,0.752,50807700
sh513130,10:06:40,1764209205423,,0,0.748,0.7489,-0.1202,0.0,0.9093,2.1878,0,0,0.748,1.001,0.747,119605000,0.746,105630700,0.745,79112100,0.744,57146000,0.743,44075000,0.748,77179900,0.749,131876900,0.75,147122800,0.751,72176000,0.752,50807700
sh513130,10:06:40,1764209206421,,0,0.748,0.7489,-0.1202,0.0,0.9093,2.0817,0,0,0.748,0.998,0.747,119605000,0.746,105630700,0.745,79112100,0.744,57146000,0.743,44075000,0.748,77179900,0.749,131876900,0.75,147122800,0.751,72176000,0.752,50807700
sh513130,10:06:43,1764209207425,,0,0.747,0.7489,-0.2537,0.0,0.9093,2.8088,431500,322665,0.7478,1.004,0.747,107342200,0.746,115575000,0.745,81102100,0.744,57496000,0.743,43141700,0.748,81480100,0.749,140185900,0.75,138211400,0.751,69947900,0.752,50974100
sh513130,10:06:46,1764209208427,,0,0.747,0.7482,-0.1604,0.0,0.9093,1.7607,457300,341743,0.7473,1.002,0.747,45241600,0.746,116459100,0.745,99120300,0.744,70467800,0.743,59140500,0.748,95210300,0.749,139247200,0.75,136029200,0.751,59947900,0.752,39027500
sh513130,10:06:46,1764209209426,,0,0.747,0.7482,-0.1604,0.0,0.9093,1.6722,0,0,0.747,0.999,0.747,45241600,0.746,116459100,0.745,99120300,0.744,70467800,0.743,59140500,0.748,95210300,0.749,139247200,0.75,136029200,0.751,59947900,0.752,39027500
sh513130,10:06:46,1764209210428,,0,0.747,0.7482,-0.1604,0.0,0.9093,3.5261,0,0,0.747,1.001,0.747,45241600,0.746,116459100,0.745,99120300,0.744,70467800,0.743,59140500,0.748,95210300,0.749,139247200,0.75,136029200,0.751,59947900,0.752,39027500
sh513130,10:06:49,1764209211431,,0,0.747,0.7482,-0.1604,0.0,0.9093,4.4225,1747400,1305325,0.747,1.003,0.747,114464600,0.746,109365300,0.745,98136000,0.744,56417800,0.743,43143700,0.748,52145600,0.749,131732400,0.75,145946800,0.751,83455000,0.752,51053100
sh513130,10:06:49,1764209212432,,0,0.747,0.7482,-0.1604,0.0,0.9093,4.5355,0,0,0.747,1.001,0.747,114464600,0.746,109365300,0.745,98136000,0.744,56417800,0.743,43143700,0.748,52145600,0.749,131732400,0.75,145946800,0.751,83455000,0.752,51053100
sh513130,10:06:49,1764209213431,,0,0.747,0.7482,-0.1604,0.0,0.9093,4.1293,0,0,0.747,0.999,0.747,114464600,0.746,109365300,0.745,98136000,0.744,56417800,0.743,43143700,0.748,52145600,0.749,131732400,0.75,145946800,0.751,83455000,0.752,51053100
sh513130,10:06:49,1764209214429,,0,0.747,0.7482,-0.1604,0.0,0.9093,4.1293,0,0,0.747,0.998,0.747,114464600,0.746,109365300,0.745,98136000,0.744,56417800,0.743,43143700,0.748,52145600,0.749,131732400,0.75,145946800,0.751,83455000,0.752,51053100
sh513130,10:06:52,1764209215433,,0,0.747,0.7482,-0.1604,0.0,0.9093,2.6356,1121800,839105,0.748,1.004,0.747,113614800,0.746,110133100,0.745,97146000,0.744,56414100,0.743,43143700,0.748,81900700,0.749,131799000,0.75,147438300,0.751,59985000,0.752,51417100
sh513130,10:06:52,1764209216435,,0,0.747,0.7482,-0.1604,0.0,0.9093,2.6356,0,0,0.747,1.002,0.747,113614800,0.746,110133100,0.745,97146000,0.744,56414100,0.743,43143700,0.748,81900700,0.749,131799000,0.75,147438300,0.751,59985000,0.752,51417100
sh513130,10:06:52,1764209217440,,0,0.747,0.7482,-0.1604,0.0,0.9093,2.3996,0,0,0.747,1.006,0.747,113614800,0.746,110133100,0.745,97146000,0.744,56414100,0.743,43143700,0.748,81900700,0.749,131799000,0.75,147438300,0.751,59985000,0.752,51417100
sh513130,10:06:55,1764209218439,,0,0.747,0.7482,-0.1604,0.0,0.9093,1.9167,240400,179599,0.7471,0.999,0.747,114588100,0.746,111094300,0.745,97209200,0.744,56404100,0.743,43153400,0.748,66554000,0.749,133601500,0.75,148441600,0.751,78083200,0.752,51447100
sh513130,10:06:55,1764209219436,,0,0.747,0.7482,-0.1604,0.0,0.9093,1.9167,0,0,0.747,0.997,0.747,114588100,0.746,111094300,0.745,97209200,0.744,56404100,0.743,43153400,0.748,66554000,0.749,133601500,0.75,148441600,0.751,78083200,0.752,51447100
sh513130,10:06:55,1764209220442,,0,0.747,0.7482,-0.1604,0.0,0.9093,1.6454,0,0,0.747,1.006,0.747,114588100,0.746,111094300,0.745,97209200,0.744,56404100,0.743,43153400,0.748,66554000,0.749,133601500,0.75,148441600,0.751,78083200,0.752,51447100
sh513130,10:06:58,1764209221444,,0,0.748,0.7482,-0.0267,0.0,0.9093,1.556,160900,120198,0.747,1.002,0.747,114343700,0.746,111921400,0.745,97345200,0.744,56404100,0.743,43163400,0.748,62646200,0.749,133689200,0.75,147478100,0.751,85066400,0.752,51448100
sh513130,10:06:58,1764209222443,,0,0.748,0.7482,-0.0267,0.0,0.9093,1.6213,0,0,0.748,0.999,0.747,114343700,0.746,111921400,0.745,97345200,0.744,56404100,0.743,43163400,0.748,62646200,0.749,133689200,0.75,147478100,0.751,85066400,0.752,51448100
sh513130,10:06:58,1764209223447,,0,0.748,0.7482,-0.0267,0.0,0.9093,1.8999,0,0,0.748,1.004,0.747,114343700,0.746,111921400,0.745,97345200,0.744,56404100,0.743,43163400,0.748,62646200,0.749,133689200,0.75,147478100,0.751,85066400,0.752,51448100
sh513130,10:07:01,1764209224445,,0,0.747,0.7482,-0.1604,0.0,0.9093,1.8884,36300,27119,0.7471,0.998,0.747,114500000,0.746,112855300,0.745,97366200,0.744,56394100,0.743,43163400,0.748,65031900,0.749,134461800,0.75,147380600,0.751,85925600,0.752,51546900
sh513130,10:07:01,1764209225448,,0,0.747,0.7482,-0.1604,0.0,0.9093,1.4891,0,0,0.747,1.003,0.747,114500000,0.746,112855300,0.745,97366200,0.744,56394100,0.743,43163400,0.748,65031900,0.749,134461800,0.75,147380600,0.751,85925600,0.752,51546900
sh513130,10:07:04,1764209226453,,0,0.748,0.7482,-0.0267,0.0,0.9093,1.4588,419800,314000,0.748,1.005,0.747,114279000,0.746,113462400,0.745,97366200,0.744,56372800,0.743,43163400,0.748,71689200,0.749,134683500,0.75,147388600,0.751,80590800,0.752,51526800
sh513130,10:07:04,1764209227453,,0,0.748,0.7482,-0.0267,0.0,0.9093,2.1273,0,0,0.748,1.0,0.747,114279000,0.746,113462400,0.745,97366200,0.744,56372800,0.743,43163400,0.748,71689200,0.749,134683500,0.75,147388600,0.751,80590800,0.752,51526800
sh513130,10:07:04,1764209228457,,0,0.748,0.7482,-0.0267,0.0,0.9093,3.674,0,0,0.748,1.004,0.747,114279000,0.746,113462400,0.745,97366200,0.744,56372800,0.743,43163400,0.748,71689200,0.749,134683500,0.75,147388600,0.751,80590800,0.752,51526800
sh513130,10:07:07,1764209229456,,0,0.747,0.7482,-0.1604,0.0,0.9093,3.5061,52700,39395,0.7475,0.999,0.747,103604100,0.746,121949200,0.745,99346200,0.744,56372800,0.743,43308900,0.748,91856000,0.749,143270900,0.75,138595900,0.751,63397100,0.752,51526800
sh513130,10:07:07,1764209230462,,0,0.747,0.7482,-0.1604,0.0,0.9093,3.3757,0,0,0.747,1.006,0.747,103604100,0.746,121949200,0.745,99346200,0.744,56372800,0.743,43308900,0.748,91856000,0.749,143270900,0.75,138595900,0.751,63397100,0.752,51526800
sh513130,10:07:07,1764209231461,,0,0.747,0.7482,-0.1604,0.0,0.9093,3.0334,0,0,0.747,0.999,0.747,103604100,0.746,121949200,0.745,99346200,0.744,56372800,0.743,43308900,0.748,91856000,0.749,143270900,0.75,138595900,0.751,63397100,0.752,51526800
sh513130,10:07:10,1764209232461,,0,0.747,0.7482,-0.1604,0.0,0.9093,3.236,166100,124183,0.7476,1.0,0.747,103605200,0.746,121995400,0.745,99348200,0.744,56352800,0.743,43308900,0.748,91784700,0.749,135271900,0.75,147589000,0.751,64205400,0.752,51526800
sh513130,10:07:10,1764209233463,,0,0.747,0.7482,-0.1604,0.0,0.9093,3.3889,0,0,0.747,1.002,0.747,103605200,0.746,121995400,0.745,99348200,0.744,56352800,0.743,43308900,0.748,91784700,0.749,135271900,0.75,147589000,0.751,64205400,0.752,51526800
sh513130,10:07:10,1764209234467,,0,0.747,0.7482,-0.1604,0.0,0.9093,3.797,0,0,0.747,1.004,0.747,103605200,0.746,121995400,0.745,99348200,0.744,56352800,0.743,43308900,0.748,91784700,0.749,135271900,0.75,147589000,0.751,64205400,0.752,51526800
sh513130,10:07:10,1764209235467,,0,0.747,0.7482,-0.1604,0.0,0.9093,3.3086,0,0,0.747,1.0,0.747,103605200,0.746,121995400,0.745,99348200,0.744,56352800,0.743,43308900,0.748,91784700,0.749,135271900,0.75,147589000,0.751,64205400,0.752,51526800
sh513130,10:07:13,1764209236465,,0,0.748,0.7482,-0.0267,0.0,0.9093,3.3086,557900,416978,0.7474,0.998,0.747,113633600,0.746,113595400,0.745,98416600,0.744,56482500,0.743,43309900,0.748,68908300,0.749,135302700,0.75,145960400,0.751,88750900,0.752,51667500
sh513130,10:07:13,1764209237473,,0,0.748,0.7482,-0.0267,0.0,0.9093,4.4076,0,0,0.748,1.008,0.747,113633600,0.746,113595400,0.745,98416600,0.744,56482500,0.743,43309900,0.748,68908300,0.749,135302700,0.75,145960400,0.751,88750900,0.752,51667500
sh513130,10:07:16,1764209238473,,0,0.747,0.7482,-0.1604,0.0,0.9093,4.9101,310400,232001,0.7474,1.0,0.747,113114900,0.746,114041500,0.745,98425100,0.744,56482500,0.743,43338500,0.748,93900700,0.749,135446400,0.75,146169100,0.751,66224200,0.752,51683500
sh513130,10:07:16,1764209239476,,0,0.747,0.7482,-0.1604,0.0,0.9093,3.9544,0,0,0.747,1.003,0.747,113114900,0.746,114041500,0.745,98425100,0.744,56482500,0.743,43338500,0.748,93900700,0.749,135446400,0.75,146169100,0.751,66224200,0.752,51683500
sh513130,10:07:16,1764209240475,,0,0.747,0.7482,-0.1604,0.0,0.9093,3.4159,0,0,0.747,0.999,0.747,113114900,0.746,114041500,0.745,98425100,0.744,56482500,0.743,43338500,0.748,93900700,0.749,135446400,0.75,146169100,0.751,66224200,0.752,51683500
sh513130,10:07:16,1764209241478,,0,0.747,0.7482,-0.1604,0.0,0.9093,3.2958,0,0,0.747,1.003,0.747,113114900,0.746,114041500,0.745,98425100,0.744,56482500,0.743,43338500,0.748,93900700,0.749,135446400,0.75,146169100,0.751,66224200,0.752,51683500
sh513130,10:07:19,1764209242478,,0,0.747,0.7482,-0.1604,0.0,0.9093,3.1424,147500,110199,0.7471,1.0,0.747,113977300,0.746,114054900,0.745,97545700,0.744,56382500,0.743,43338500,0.748,94788000,0.749,135412900,0.75,147604500,0.751,67065500,0.752,51883500
sh513130,10:07:19,1764209243481,,0,0.747,0.7482,-0.1604,0.0,0.9093,1.849,0,0,0.747,1.003,0.747,113977300,0.746,114054900,0.745,97545700,0.744,56382500,0.743,43338500,0.748,94788000,0.749,135412900,0.75,147604500,0.751,67065500,0.752,51883500
sh513130,10:07:19,1764209244482,,0,0.747,0.7482,-0.1604,0.0,0.9093,1.767,0,0,0.747,1.001,0.747,113977300,0.746,114054900,0.745,97545700,0.744,56382500,0.743,43338500,0.748,94788000,0.749,135412900,0.75,147604500,0.751,67065500,0.752,51883500
sh513130,10:07:22,1764209245485,,0,0.748,0.7482,-0.0267,0.0,0.9093,1.9118,419500,313755,0.7479,1.004,0.747,112928200,0.746,114092300,0.745,98535800,0.744,56382500,0.743,43338500,0.748,81541300,0.749,136432000,0.75,146635400,0.751,82914000,0.752,51883500
sh513130,10:07:22,1764209246487,,0,0.748,0.7482,-0.0267,0.0,0.9093,1.1987,0,0,0.748,1.002,0.747,112928200,0.746,114092300,0.745,98535800,0.744,56382500,0.743,43338500,0.748,81541300,0.749,136432000,0.75,146635400,0.751,82914000,0.752,51883500
sh513130,10:07:25,1764209247616,,0,0.747,0.7482,-0.1604,0.0,0.9093,1.1987,132200,98755,0.747,1.129,0.747,112869600,0.746,114092300,0.745,98555800,0.744,56493300,0.743,43298500,0.748,82888600,0.749,135744300,0.75,146815400,0.751,83762300,0.752,51902100
sh513130,10:07:25,1764209248622,,0,0.747,0.7482,-0.1604,0.0,0.9093,1.1579,0,0,0.747,1.006,0.747,112869600,0.746,114092300,0.745,98555800,0.744,56493300,0.743,43298500,0.748,82888600,0.749,135744300,0.75,146815400,0.751,83762300,0.752,51902100
sh513130,10:07:25,1764209249489,,0,0.747,0.7482,-0.1604,0.0,0.9093,1.1205,0,0,0.747,0.867,0.747,112869600,0.746,114092300,0.745,98555800,0.744,56493300,0.743,43298500,0.748,82888600,0.749,135744300,0.75,146815400,0.751,83762300,0.752,51902100
sh513130,10:07:28,1764209250595,,0,0.747,0.7482,-0.1604,0.0,0.9093,3.5425,1204900,900138,0.7471,1.106,0.747,112939900,0.746,114092300,0.745,97574600,0.744,56478300,0.743,43387700,0.748,60884000,0.749,144187600,0.75,148222100,0.751,93285600,0.752,51892100
sh513130,10:07:28,1764209251565,,0,0.747,0.7482,-0.1604,0.0,0.9093,3.913,0,0,0.747,0.97,0.747,112939900,0.746,114092300,0.745,97574600,0.744,56478300,0.743,43387700,0.748,60884000,0.749,144187600,0.75,148222100,0.751,93285600,0.752,51892100
sh513130,10:07:28,1764209252557,,0,0.747,0.7482,-0.1604,0.0,0.9093,3.614,0,0,0.747,0.992,0.747,112939900,0.746,114092300,0.745,97574600,0.744,56478300,0.743,43387700,0.748,60884000,0.749,144187600,0.75,148222100,0.751,93285600,0.752,51892100
sh513130,10:07:31,1764209253493,,0,0.747,0.7482,-0.1604,0.0,0.9093,4.2437,276400,206493,0.7471,0.936,0.747,112674300,0.746,114133000,0.745,97574600,0.744,56481400,0.743,43397700,0.748,79483700,0.749,135976400,0.75,149212000,0.751,88974600,0.752,51892100
sh513130,10:07:28,1764209254498,,0,0.747,0.7482,-0.1604,0.0,0.9093,3.2004,-276400,-206493,0.747,1.005,0.747,112939900,0.746,114092300,0.745,97574600,0.744,56478300,0.743,43387700,0.748,60884000,0.749,144187600,0.75,148222100,0.751,93285600,0.752,51892100
sh513130,10:07:31,1764209255501,,0,0.747,0.7482,-0.1604,0.0,0.9093,3.9867,276400,206493,0.7471,1.003,0.747,112674300,0.746,114133000,0.745,97574600,0.744,56481400,0.743,43397700,0.748,79483700,0.749,135976400,0.75,149212000,0.751,88974600,0.752,51892100
sh513130,10:07:34,1764209256498,,0,0.747,0.7482,-0.1604,0.0,0.9093,1.8544,136800,102210,0.7471,0.997,0.747,112580600,0.746,114638000,0.745,97636400,0.744,56501400,0.743,43398900,0.748,71701000,0.749,135826400,0.75,149373800,0.751,89118100,0.752,51942100
sh513130,10:07:34,1764209257505,,0,0.747,0.7482,-0.1604,0.0,0.9093,2.7489,0,0,0.747,1.007,0.747,112580600,0.746,114638000,0.745,97636400,0.744,56501400,0.743,43398900,0.748,71701000,0.749,135826400,0.75,149373800,0.751,89118100,0.752,51942100
sh513130,10:07:34,1764209258698,,0,0.747,0.7482,-0.1604,0.0,0.9093,2.7489,0,0,0.747,1.193,0.747,112580600,0.746,114638000,0.745,97636400,0.744,56501400,0.743,43398900,0.748,71701000,0.749,135826400,0.75,149373800,0.751,89118100,0.752,51942100
sh513130,10:07:37,1764209259502,,0,0.747,0.7482,-0.1604,0.0,0.9093,2.1327,126100,94202,0.747,0.805,0.747,113466200,0.746,114639000,0.745,96686400,0.744,56522700,0.743,43395600,0.748,62924700,0.749,144304400,0.75,149417300,0.751,94122100,0.752,51953300
sh513130,10:07:37,1764209260494,,0,0.747,0.7482,-0.1604,0.0,0.9093,2.1327,0,0,0.747,0.992,0.747,113466200,0.746,114639000,0.745,96686400,0.744,56522700,0.743,43395600,0.748,62924700,0.749,144304400,0.75,149417300,0.751,94122100,0.752,51953300
sh513130,10:07:37,1764209261503,,0,0.747,0.7482,-0.1604,0.0,0.9093,2.4124,0,0,0.747,1.009,0.747,113466200,0.746,114639000,0.745,96686400,0.744,56522700,0.743,43395600,0.748,62924700,0.749,144304400,0.75,149417300,0.751,94122100,0.752,51953300
sh513130,10:07:40,1764209262505,,0,0.748,0.7482,-0.0267,0.0,0.9093,3.3774,238400,178116,0.7471,1.002,0.747,113096700,0.746,114639000,0.745,96740600,0.744,56055700,0.743,43405600,0.748,64122900,0.749,144327100,0.75,149468900,0.751,94122100,0.752,51975600
sh513130,10:07:40,1764209263500,,0,0.748,0.7482,-0.0267,0.0,0.9093,3.3774,0,0,0.748,0.995,0.747,113096700,0.746,114639000,0.745,96740600,0.744,56055700,0.743,43405600,0.748,64122900,0.749,144327100,0.75,149468900,0.751,94122100,0.752,51975600
sh513130,10:07:40,1764209264503,,0,0.748,0.7482,-0.0267,0.0,0.9093,3.1111,0,0,0.748,1.003,0.747,113096700,0.746,114639000,0.745,96740600,0.744,56055700,0.743,43405600,0.748,64122900,0.749,144327100,0.75,149468900,0.751,94122100,0.752,51975600
sh513130,10:07:43,1764209265508,,0,0.748,0.7482,-0.0267,0.0,0.9093,2.3365,335700,251078,0.7479,1.005,0.747,112267900,0.746,114759000,0.745,97730600,0.744,56035700,0.743,43408100,0.748,64931400,0.749,144494000,0.75,150514700,0.751,94122100,0.752,52178700
sh513130,10:07:43,1764209266510,,0,0.748,0.7482,-0.0267,0.0,0.9093,2.3501,0,0,0.748,1.001,0.747,112267900,0.746,114759000,0.745,97730600,0.744,56035700,0.743,43408100,0.748,64931400,0.749,144494000,0.75,150514700,0.751,94122100,0.752,52178700
sh513130,10:07:43,1764209267512,,0,0.748,0.7482,-0.0267,0.0,0.9093,2.5337,0,0,0.748,1.002,0.747,112267900,0.746,114759000,0.745,97730600,0.744,56035700,0.743,43408100,0.748,64931400,0.749,144494000,0.75,150514700,0.751,94122100,0.752,52178700
sh513130,10:07:43,1764209268513,,0,0.748,0.7482,-0.0267,0.0,0.9093,2.3682,0,0,0.748,1.001,0.747,112267900,0.746,114759000,0.745,97730600,0.744,56035700,0.743,43408100,0.748,64931400,0.749,144494000,0.75,150514700,0.751,94122100,0.752,52178700
sh513130,10:07:46,1764209269511,,0,0.747,0.7482,-0.1604,0.0,0.9093,2.3682,1255300,938892,0.7479,0.999,0.747,112188100,0.746,114758400,0.745,97733200,0.744,56035700,0.743,43408100,0.748,82670400,0.749,136068500,0.75,150604700,0.751,89170300,0.752,52288700
sh513130,10:07:46,1764209270516,,0,0.747,0.7482,-0.1604,0.0,0.9093,2.875,0,0,0.747,1.005,0.747,112188100,0.746,114758400,0.745,97733200,0.744,56035700,0.743,43408100,0.748,82670400,0.749,136068500,0.75,150604700,0.751,89170300,0.752,52288700
sh513130,10:07:46,1764209271521,,0,0.747,0.7482,-0.1604,0.0,0.9093,2.8298,0,0,0.747,1.004,0.747,112188100,0.746,114758400,0.745,97733200,0.744,56035700,0.743,43408100,0.748,82670400,0.749,136068500,0.75,150604700,0.751,89170300,0.752,52288700
sh513130,10:07:49,1764209272521,,0,0.747,0.7482,-0.1604,0.0,0.9093,2.6955,139300,104157,0.7477,1.0,0.747,96833200,0.746,118025000,0.745,98754900,0.744,56055700,0.743,43408100,0.748,102932000,0.749,136146700,0.75,145518300,0.751,65505500,0.752,52288700
sh513130,10:07:49,1764209273518,,0,0.747,0.7482,-0.1604,0.0,0.9093,3.7146,0,0,0.747,0.997,0.747,96833200,0.746,118025000,0.745,98754900,0.744,56055700,0.743,43408100,0.748,102932000,0.749,136146700,0.75,145518300,0.751,65505500,0.752,52288700
sh513130,10:07:52,1764209274521,,0,0.747,0.7482,-0.1604,0.0,0.9093,4.3058,618100,461879,0.7473,1.004,0.747,96337300,0.746,118148400,0.745,99754900,0.744,56055700,0.743,43403100,0.748,104195900,0.749,144253800,0.75,135056700,0.751,65505500,0.752,52187300
sh513130,10:07:52,1764209275522,,0,0.747,0.7482,-0.1604,0.0,0.9093,3.5896,0,0,0.747,1.001,0.747,96337300,0.746,118148400,0.745,99754900,0.744,56055700,0.743,43403100,0.748,104195900,0.749,144253800,0.75,135056700,0.751,65505500,0.752,52187300
sh513130,10:07:52,1764209276525,,0,0.747,0.7482,-0.1604,0.0,0.9093,3.4135,0,0,0.747,1.003,0.747,96337300,0.746,118148400,0.745,99754900,0.744,56055700,0.743,43403100,0.748,104195900,0.749,144253800,0.75,135056700,0.751,65505500,0.752,52187300
sh513130,10:07:52,1764209277526,,0,0.747,0.7482,-0.1604,0.0,0.9093,3.6012,0,0,0.747,1.001,0.747,96337300,0.746,118148400,0.745,99754900,0.744,56055700,0.743,43403100,0.748,104195900,0.749,144253800,0.75,135056700,0.751,65505500,0.752,52187300
sh513130,10:07:55,1764209278527,,0,0.747,0.7482,-0.1604,0.0,0.9093,3.2646,664800,496606,0.747,1.001,0.747,104746500,0.746,109748400,0.745,98764500,0.744,56042700,0.743,43405100,0.748,103420300,0.749,135537500,0.75,144135700,0.751,65609300,0.752,52266300
sh513130,10:07:55,1764209279528,,0,0.747,0.7482,-0.1604,0.0,0.9093,0.6429,0,0,0.747,1.001,0.747,104746500,0.746,109748400,0.745,98764500,0.744,56042700,0.743,43405100,0.748,103420300,0.749,135537500,0.75,144135700,0.751,65609300,0.752,52266300
sh513130,10:07:58,1764209280530,,0,0.747,0.7482,-0.1604,0.0,0.9093,0.203,187000,139709,0.7471,1.002,0.747,105598000,0.746,109748400,0.745,98071000,0.744,55826100,0.743,43405100,0.748,85648900,0.749,135438200,0.75,145199600,0.751,83984300,0.752,52569400
sh513130,10:07:58,1764209281535,,0,0.747,0.7482,-0.1604,0.0,0.9093,0.1678,0,0,0.747,1.005,0.747,105598000,0.746,109748400,0.745,98071000,0.744,55826100,0.743,43405100,0.748,85648900,0.749,135438200,0.75,145199600,0.751,83984300,0.752,52569400
sh513130,10:07:58,1764209282536,,0,0.747,0.7482,-0.1604,0.0,0.9093,1.504,0,0,0.747,1.001,0.747,105598000,0.746,109748400,0.745,98071000,0.744,55826100,0.743,43405100,0.748,85648900,0.749,135438200,0.75,145199600,0.751,83984300,0.752,52569400
sh513130,10:07:58,1764209283534,,0,0.747,0.7482,-0.1604,0.0,0.9093,1.4298,0,0,0.747,0.998,0.747,105598000,0.746,109748400,0.745,98071000,0.744,55826100,0.743,43405100,0.748,85648900,0.749,135438200,0.75,145199600,0.751,83984300,0.752,52569400
sh513130,10:08:01,1764209284538,,0,0.747,0.7482,-0.1604,0.0,0.9093,2.443,358700,268150,0.7476,1.004,0.747,106132100,0.746,109847600,0.745,98171000,0.744,55826100,0.743,43410400,0.748,87345900,0.749,136225100,0.75,145199200,0.751,82859300,0.752,52569400
sh513130,10:08:01,1764209285539,,0,0.747,0.7482,-0.1604,0.0,0.9093,2.3595,0,0,0.747,1.0,0.747,106132100,0.746,109847600,0.745,98171000,0.744,55826100,0.743,43410400,0.748,87345900,0.749,136225100,0.75,145199200,0.751,82859300,0.752,52569400
sh513130,10:08:04,1764209286537,,0,0.747,0.7482,-0.1604,0.0,0.9093,2.3595,136100,101727,0.7474,0.998,0.747,106197000,0.746,109847600,0.745,98171000,0.744,55826100,0.743,43410400,0.748,86394400,0.749,136240800,0.75,145198700,0.751,84000300,0.752,52569400
sh513130,10:08:04,1764209287544,,0,0.747,0.7482,-0.1604,0.0,0.9093,2.128,0,0,0.747,1.007,0.747,106197000,0.746,109847600,0.745,98171000,0.744,55826100,0.743,43410400,0.748,86394400,0.749,136240800,0.75,145198700,0.751,84000300,0.752,52569400
sh513130,10:08:04,1764209288544,,0,0.747,0.7482,-0.1604,0.0,0.9093,2.4096,0,0,0.747,1.0,0.747,106197000,0.746,109847600,0.745,98171000,0.744,55826100,0.743,43410400,0.748,86394400,0.749,136240800,0.75,145198700,0.751,84000300,0.752,52569400
sh513130,10:08:07,1764209289545,,0,0.747,0.7482,-0.1604,0.0,0.9093,3.0874,865600,646605,0.747,1.002,0.747,106193800,0.746,109847600,0.745,98921000,0.744,55835500,0.743,43413200,0.748,76501000,0.749,136455200,0.75,145381000,0.751,89000300,0.752,52569400
sh513130,10:08:07,1764209290548,,0,0.747,0.7482,-0.1604,0.0,0.9093,3.673,0,0,0.747,1.003,0.747,106193800,0.746,109847600,0.745,98921000,0.744,55835500,0.743,43413200,0.748,76501000,0.749,136455200,0.75,145381000,0.751,89000300,0.752,52569400
sh513130,10:08:07,1764209291549,,0,0.747,0.7482,-0.1604,0.0,0.9093,3.2062,0,0,0.747,1.001,0.747,106193800,0.746,109847600,0.745,98921000,0.744,55835500,0.743,43413200,0.748,76501000,0.749,136455200,0.75,145381000,0.751,89000300,0.752,52569400
sh513130,10:08:07,1764209292554,,0,0.747,0.7482,-0.1604,0.0,0.9093,5.6819,0,0,0.747,1.005,0.747,106193800,0.746,109847600,0.745,98921000,0.744,55835500,0.743,43413200,0.748,76501000,0.749,136455200,0.75,145381000,0.751,89000300,0.752,52569400
sh513130,10:08:10,1764209293553,,0,0.747,0.7482,-0.1604,0.0,0.9093,5.0414,689400,515262,0.7474,0.999,0.747,121530400,0.746,101896500,0.745,97931000,0.744,55835500,0.743,43413200,0.748,63190200,0.749,144874600,0.75,137494000,0.751,97300300,0.752,52619400
sh513130,10:08:10,1764209294552,,0,0.747,0.7482,-0.1604,0.0,0.9093,5.3931,0,0,0.747,0.999,0.747,121530400,0.746,101896500,0.745,97931000,0.744,55835500,0.743,43413200,0.748,63190200,0.749,144874600,0.75,137494000,0.751,97300300,0.752,52619400
sh513130,10:08:10,1764209295551,,0,0.747,0.7482,-0.1604,0.0,0.9093,4.3689,0,0,0.747,1.0,0.747,121530400,0.746,101896500,0.745,97931000,0.744,55835500,0.743,43413200,0.748,63190200,0.749,144874600,0.75,137494000,0.751,97300300,0.752,52619400
sh513130,10:08:13,1764209296556,,0,0.747,0.7482,-0.1604,0.0,0.9093,3.5331,6731600,5035170,0.748,1.004,0.747,113161800,0.746,109259200,0.745,98934500,0.744,55835500,0.743,43423200,0.748,69857500,0.749,136570600,0.75,145604000,0.751,89600300,0.752,52657700
sh513130,10:08:13,1764209297557,,0,0.747,0.7482,-0.1604,0.0,0.9093,2.9983,0,0,0.747,1.001,0.747,113161800,0.746,109259200,0.745,98934500,0.744,55835500,0.743,43423200,0.748,69857500,0.749,136570600,0.75,145604000,0.751,89600300,0.752,52657700
sh513130,10:08:16,1764209298558,,0,0.747,0.7489,-0.2537,0.0,0.9093,2.4339,539800,403231,0.747,1.001,0.747,112875900,0.746,109259200,0.745,98974800,0.744,55862700,0.743,43443200,0.748,79957500,0.749,143930600,0.75,138748300,0.751,84994300,0.752,53697700
sh513130,10:08:16,1764209299560,,0,0.747,0.7489,-0.2537,0.0,0.9093,4.1813,0,0,0.747,1.002,0.747,112875900,0.746,109259200,0.745,98974800,0.744,55862700,0.743,43443200,0.748,79957500,0.749,143930600,0.75,138748300,0.751,84994300,0.752,53697700
sh513130,10:08:16,1764209300564,,0,0.747,0.7489,-0.2537,0.0,0.9093,4.3298,0,0,0.747,1.004,0.747,112875900,0.746,109259200,0.745,98974800,0.744,55862700,0.743,43443200,0.748,79957500,0.749,143930600,0.75,138748300,0.751,84994300,0.752,53697700
sh513130,10:08:16,1764209301568,,0,0.747,0.7489,-0.2537,0.0,0.9093,3.5446,0,0,0.747,1.005,0.747,112875900,0.746,109259200,0.745,98974800,0.744,55862700,0.743,43443200,0.748,79957500,0.749,143930600,0.75,138748300,0.751,84994300,0.752,53697700
sh513130,10:08:19,1764209302568,,0,0.747,0.7489,-0.2537,0.0,0.9093,2.9125,376900,281559,0.747,1.0,0.747,112656700,0.746,109309200,0.745,99006100,0.744,55862700,0.743,43410500,0.748,81415800,0.749,136053800,0.75,145855200,0.751,83869800,0.752,53708200
sh513130,10:08:19,1764209303568,,0,0.747,0.7489,-0.2537,0.0,0.9093,2.4338,0,0,0.747,1.001,0.747,112656700,0.746,109309200,0.745,99006100,0.744,55862700,0.743,43410500,0.748,81415800,0.749,136053800,0.75,145855200,0.751,83869800,0.752,53708200
sh513130,10:08:19,1764209304593,,0,0.747,0.7489,-0.2537,0.0,0.9093,2.7682,0,0,0.747,1.025,0.747,112656700,0.746,109309200,0.745,99006100,0.744,55862700,0.743,43410500,0.748,81415800,0.749,136053800,0.75,145855200,0.751,83869800,0.752,53708200
sh513130,10:08:22,1764209305574,,0,0.747,0.7489,-0.2537,0.0,0.9093,2.4744,294800,220318,0.7473,0.981,0.747,112484400,0.746,109206500,0.745,98991100,0.744,55882700,0.743,43410500,0.748,81737600,0.749,136128100,0.75,145878600,0.751,83869900,0.752,53837900
sh513130,10:08:22,1764209306574,,0,0.747,0.7489,-0.2537,0.0,0.9093,1.9066,0,0,0.747,1.0,0.747,112484400,0.746,109206500,0.745,98991100,0.744,55882700,0.743,43410500,0.748,81737600,0.749,136128100,0.75,145878600,0.751,83869900,0.752,53837900
sh513130,10:08:25,1764209307574,,0,0.747,0.7489,-0.2537,0.0,0.9093,1.6592,236800,176940,0.7472,1.0,0.747,111978000,0.746,109249200,0.745,98491100,0.744,55882700,0.743,43410500,0.748,62810700,0.749,144612400,0.75,145670100,0.751,90054900,0.752,53839100
sh513130,10:08:25,1764209308574,,0,0.747,0.7489,-0.2537,0.0,0.9093,0.9489,0,0,0.747,1.0,0.747,111978000,0.746,109249200,0.745,98491100,0.744,55882700,0.743,43410500,0.748,62810700,0.749,144612400,0.75,145670100,0.751,90054900,0.752,53839100
sh513130,10:08:25,1764209309578,,0,0.747,0.7489,-0.2537,0.0,0.9093,1.0496,0,0,0.747,1.003,0.747,111978000,0.746,109249200,0.745,98491100,0.744,55882700,0.743,43410500,0.748,62810700,0.749,144612400,0.75,145670100,0.751,90054900,0.752,53839100
sh513130,10:08:25,1764209310579,,0,0.747,0.7489,-0.2537,0.0,0.9093,2.1866,0,0,0.747,1.001,0.747,111978000,0.746,109249200,0.745,98491100,0.744,55882700,0.743,43410500,0.748,62810700,0.749,144612400,0.75,145670100,0.751,90054900,0.752,53839100
sh513130,10:08:28,1764209311601,,0,0.747,0.7489,-0.2537,0.0,0.9093,2.0805,823200,615083,0.7472,1.023,0.747,111460000,0.746,109981900,0.745,98488500,0.744,55882700,0.743,43520500,0.748,76696000,0.749,136207100,0.75,145602700,0.751,85064400,0.752,53859100
sh513130,10:08:28,1764209312582,,0,0.747,0.7489,-0.2537,0.0,0.9093,3.0169,0,0,0.747,0.981,0.747,111460000,0.746,109981900,0.745,98488500,0.744,55882700,0.743,43520500,0.748,76696000,0.749,136207100,0.75,145602700,0.751,85064400,0.752,53859100
sh513130,10:08:31,1764209313582,,0,0.747,0.7489,-0.2537,0.0,0.9093,2.8748,1036400,774620,0.7474,1.0,0.747,109377800,0.746,109376600,0.745,99438500,0.744,55898900,0.743,43620500,0.748,82555300,0.749,137283600,0.75,145724200,0.751,85064400,0.752,53987100
sh513130,10:08:31,1764209314584,,0,0.747,0.7489,-0.2537,0.0,0.9093,2.3493,0,0,0.747,1.002,0.747,109377800,0.746,109376600,0.745,99438500,0.744,55898900,0.743,43620500,0.748,82555300,0.749,137283600,0.75,145724200,0.751,85064400,0.752,53987100
sh513130,10:08:31,1764209315586,,0,0.747,0.7489,-0.2537,0.0,0.9093,3.9785,0,0,0.747,1.001,0.747,109377800,0.746,109376600,0.745,99438500,0.744,55898900,0.743,43620500,0.748,82555300,0.749,137283600,0.75,145724200,0.751,85064400,0.752,53987100
sh513130,10:08:34,1764209316587,,0,0.747,0.7489,-0.2537,0.0,0.9093,3.3137,899900,672366,0.7472,1.001,0.747,100249200,0.746,117777600,0.745,99438500,0.744,55898900,0.743,43632500,0.748,102338100,0.749,136850700,0.75,144830600,0.751,66009400,0.752,53987100
sh513130,10:08:34,1764209317588,,0,0.747,0.7489,-0.2537,0.0,0.9093,3.1595,0,0,0.747,1.001,0.747,100249200,0.746,117777600,0.745,99438500,0.744,55898900,0.743,43632500,0.748,102338100,0.749,136850700,0.75,144830600,0.751,66009400,0.752,53987100
sh513130,10:08:34,1764209318591,,0,0.747,0.7489,-0.2537,0.0,0.9093,3.0115,0,0,0.747,1.004,0.747,100249200,0.746,117777600,0.745,99438500,0.744,55898900,0.743,43632500,0.748,102338100,0.749,136850700,0.75,144830600,0.751,66009400,0.752,53987100
sh513130,10:08:37,1764209319596,,0,0.748,0.7489,-0.1202,0.0,0.9093,2.6083,108500,81137,0.7478,1.005,0.747,99237700,0.746,117777600,0.745,99438500,0.744,55898900,0.743,43635500,0.748,103964700,0.749,136868000,0.75,144416600,0.751,65868800,0.752,53992400
sh513130,10:08:37,1764209320594,,0,0.748,0.7489,-0.1202,0.0,0.9093,2.4518,0,0,0.748,0.997,0.747,99237700,0.746,117777600,0.745,99438500,0.744,55898900,0.743,43635500,0.748,103964700,0.749,136868000,0.75,144416600,0.751,65868800,0.752,53992400
sh513130,10:08:37,1764209321599,,0,0.748,0.7489,-0.1202,0.0,0.9093,2.4964,0,0,0.748,1.005,0.747,99237700,0.746,117777600,0.745,99438500,0.744,55898900,0.743,43635500,0.748,103964700,0.749,136868000,0.75,144416600,0.751,65868800,0.752,53992400
sh513130,10:08:40,1764209322596,,0,0.747,0.7489,-0.2537,0.0,0.9093,2.3764,67200,50257,0.7479,0.997,0.747,99064700,0.746,117819600,0.745,100428500,0.744,55898900,0.743,43635500,0.748,105052100,0.749,137899000,0.75,144407200,0.751,65868800,0.752,54007400
sh513130,10:08:40,1764209323593,,0,0.747,0.7489,-0.2537,0.0,0.9093,2.3764,0,0,0.747,0.998,0.747,99064700,0.746,117819600,0.745,100428500,0.744,55898900,0.743,43635500,0.748,105052100,0.749,137899000,0.75,144407200,0.751,65868800,0.752,54007400
sh513130,10:08:40,1764209324600,,0,0.747,0.7489,-0.2537,0.0,0.9093,2.641,0,0,0.747,1.007,0.747,99064700,0.746,117819600,0.745,100428500,0.744,55898900,0.743,43635500,0.748,105052100,0.749,137899000,0.75,144407200,0.751,65868800,0.752,54007400
sh513130,10:08:43,1764209325601,,0,0.748,0.7489,-0.1202,0.0,0.9093,2.5038,169400,126644,0.7476,1.001,0.747,98414700,0.746,110110000,0.745,100495200,0.744,55899300,0.743,43715500,0.748,105170300,0.749,138059000,0.75,144550200,0.751,65531400,0.752,54008400
sh513130,10:08:43,1764209326605,,0,0.748,0.7489,-0.1202,0.0,0.9093,2.1694,0,0,0.748,1.004,0.747,98414700,0.746,110110000,0.745,100495200,0.744,55899300,0.743,43715500,0.748,105170300,0.749,138059000,0.75,144550200,0.751,65531400,0.752,54008400
sh513130,10:08:43,1764209327606,,0,0.748,0.7489,-0.1202,0.0,0.9093,1.8654,0,0,0.748,1.0,0.747,98414700,0.746,110110000,0.745,100495200,0.744,55899300,0.743,43715500,0.748,105170300,0.749,138059000,0.75,144550200,0.751,65531400,0.752,54008400
sh513130,10:08:46,1764209328601,,0,0.747,0.7482,-0.1604,0.0,0.9093,1.8654,498900,372836,0.7473,0.995,0.747,105496700,0.746,110508000,0.745,100495200,0.744,55899300,0.743,44433200,0.748,105397400,0.749,138275800,0.75,137587800,0.751,73641400,0.752,54008400
sh513130,10:08:46,1764209329608,,0,0.747,0.7482,-0.1604,0.0,0.9093,3.5896,0,0,0.747,1.008,0.747,105496700,0.746,110508000,0.745,100495200,0.744,55899300,0.743,44433200,0.748,105397400,0.749,138275800,0.75,137587800,0.751,73641400,0.752,54008400
sh513130,10:08:46,1764209330619,,0,0.747,0.7482,-0.1604,0.0,0.9093,2.7675,0,0,0.747,1.01,0.747,105496700,0.746,110508000,0.745,100495200,0.744,55899300,0.743,44433200,0.748,105397400,0.749,138275800,0.75,137587800,0.751,73641400,0.752,54008400
sh513130,10:08:46,1764209331611,,0,0.747,0.7482,-0.1604,0.0,0.9093,2.6215,0,0,0.747,0.993,0.747,105496700,0.746,110508000,0.745,100495200,0.744,55899300,0.743,44433200,0.748,105397400,0.749,138275800,0.75,137587800,0.751,73641400,0.752,54008400
sh513130,10:08:49,1764209332618,,0,0.748,0.7482,-0.0267,0.0,0.9093,2.5615,78500,58703,0.7478,1.006,0.747,101557700,0.746,110094300,0.745,99455200,0.744,55889300,0.743,44433200,0.748,104973200,0.749,138367500,0.75,145561300,0.751,65615800,0.752,53998400
sh513130,10:08:49,1764209333610,,0,0.748,0.7482,-0.0267,0.0,0.9093,2.5615,0,0,0.748,0.992,0.747,101557700,0.746,110094300,0.745,99455200,0.744,55889300,0.743,44433200,0.748,104973200,0.749,138367500,0.75,145561300,0.751,65615800,0.752,53998400
sh513130,10:08:49,1764209334616,,0,0.748,0.7482,-0.0267,0.0,0.9093,2.016,0,0,0.748,1.007,0.747,101557700,0.746,110094300,0.745,99455200,0.744,55889300,0.743,44433200,0.748,104973200,0.749,138367500,0.75,145561300,0.751,65615800,0.752,53998400
sh513130,10:08:52,1764209335617,,0,0.748,0.7482,-0.0267,0.0,0.9093,2.5753,899300,672676,0.748,1.0,0.747,78407500,0.746,118552700,0.745,100351900,0.744,68889300,0.743,44433200,0.748,105429800,0.749,146437600,0.75,137817700,0.751,65615900,0.752,54033400
sh513130,10:08:52,1764209336622,,0,0.748,0.7482,-0.0267,0.0,0.9093,2.352,0,0,0.748,1.005,0.747,78407500,0.746,118552700,0.745,100351900,0.744,68889300,0.743,44433200,0.748,105429800,0.749,146437600,0.75,137817700,0.751,65615900,0.752,54033400
sh513130,10:08:55,1764209337619,,0,0.747,0.7482,-0.1604,0.0,0.9093,2.352,106800,79808,0.7473,0.997,0.747,89262000,0.746,118554200,0.745,100341900,0.744,56189300,0.743,44438200,0.748,105577100,0.749,146524200,0.75,137836800,0.751,65615900,0.752,54033400
sh513130,10:08:55,1764209338624,,0,0.747,0.7482,-0.1604,0.0,0.9093,3.8978,0,0,0.747,1.005,0.747,89262000,0.746,118554200,0.745,100341900,0.744,56189300,0.743,44438200,0.748,105577100,0.749,146524200,0.75,137836800,0.751,65615900,0.752,54033400
sh513130,10:08:55,1764209339624,,0,0.747,0.7482,-0.1604,0.0,0.9093,2.8671,0,0,0.747,1.001,0.747,89262000,0.746,118554200,0.745,100341900,0.744,56189300,0.743,44438200,0.748,105577100,0.749,146524200,0.75,137836800,0.751,65615900,0.752,54033400
sh513130,10:08:58,1764209340626,,0,0.748,0.7482,-0.0267,0.0,0.9093,2.7312,600100,448323,0.7471,1.002,0.747,91236200,0.746,118554200,0.745,99151900,0.744,56269300,0.743,44438200,0.748,106232200,0.749,138591200,0.75,145918100,0.751,65615900,0.752,54033400
sh513130,10:08:58,1764209341628,,0,0.748,0.7482,-0.0267,0.0,0.9093,2.7534,0,0,0.748,1.001,0.747,91236200,0.746,118554200,0.745,99151900,0.744,56269300,0.743,44438200,0.748,106232200,0.749,138591200,0.75,145918100,0.751,65615900,0.752,54033400
sh513130,10:08:58,1764209342631,,0,0.748,0.7482,-0.0267,0.0,0.9093,7.7557,0,0,0.748,1.003,0.747,91236200,0.746,118554200,0.745,99151900,0.744,56269300,0.743,44438200,0.748,106232200,0.749,138591200,0.75,145918100,0.751,65615900,0.752,54033400
sh513130,10:08:58,1764209343629,,0,0.748,0.7482,-0.0267,0.0,0.9093,7.7557,0,0,0.748,0.998,0.747,91236200,0.746,118554200,0.745,99151900,0.744,56269300,0.743,44438200,0.748,106232200,0.749,138591200,0.75,145918100,0.751,65615900,0.752,54033400
sh513130,10:09:01,1764209344634,,0,0.748,0.7482,-0.0267,0.0,0.9093,6.8145,420600,314258,0.7472,1.005,0.747,99612500,0.746,110154200,0.745,99151900,0.744,56269300,0.743,44438200,0.748,91477900,0.749,138660700,0.75,145046900,0.751,80715900,0.752,54038400
sh513130,10:09:01,1764209345633,,0,0.748,0.7482,-0.0267,0.0,0.9093,5.472,0,0,0.748,0.998,0.747,99612500,0.746,110154200,0.745,99151900,0.744,56269300,0.743,44438200,0.748,91477900,0.749,138660700,0.75,145046900,0.751,80715900,0.752,54038400
sh513130,10:09:04,1764209346633,,0,0.748,0.7482,-0.0267,0.0,0.9093,5.472,104000,77750,0.7476,1.001,0.747,100599300,0.746,110154200,0.745,99158600,0.744,56289300,0.743,44438200,0.748,88581100,0.749,138620600,0.75,146094600,0.751,84090900,0.752,54302500
sh513130,10:09:04,1764209347636,,0,0.748,0.7482,-0.0267,0.0,0.9093,4.5314,0,0,0.748,1.003,0.747,100599300,0.746,110154200,0.745,99158600,0.744,56289300,0.743,44438200,0.748,88581100,0.749,138620600,0.75,146094600,0.751,84090900,0.752,54302500
sh513130,10:09:04,1764209348637,,0,0.748,0.7482,-0.0267,0.0,0.9093,3.7198,0,0,0.748,1.001,0.747,100599300,0.746,110154200,0.745,99158600,0.744,56289300,0.743,44438200,0.748,88581100,0.749,138620600,0.75,146094600,0.751,84090900,0.752,54302500
sh513130,10:09:07,1764209349646,,0,0.747,0.7482,-0.1604,0.0,0.9093,3.8154,182000,136026,0.7474,1.008,0.747,100651900,0.746,110154200,0.745,99158600,0.744,55889300,0.743,44438300,0.748,89082400,0.749,138766900,0.75,146202500,0.751,84085900,0.752,54352500
sh513130,10:09:07,1764209350641,,0,0.747,0.7482,-0.1604,0.0,0.9093,3.6436,0,0,0.747,0.995,0.747,100651900,0.746,110154200,0.745,99158600,0.744,55889300,0.743,44438300,0.748,89082400,0.749,138766900,0.75,146202500,0.751,84085900,0.752,54352500
sh513130,10:09:07,1764209351644,,0,0.747,0.7482,-0.1604,0.0,0.9093,3.1242,0,0,0.747,1.003,0.747,100651900,0.746,110154200,0.745,99158600,0.744,55889300,0.743,44438300,0.748,89082400,0.749,138766900,0.75,146202500,0.751,84085900,0.752,54352500
sh513130,10:09:10,1764209352648,,0,0.747,0.7482,-0.1604,0.0,0.9093,2.614,158300,118280,0.7472,1.004,0.747,100989300,0.746,110182200,0.745,96193200,0.744,56389300,0.743,44438300,0.748,93198100,0.749,139330000,0.75,146204500,0.751,80666600,0.752,54423800
sh513130,10:09:10,1764209353642,,0,0.747,0.7482,-0.1604,0.0,0.9093,2.614,0,0,0.747,0.994,0.747,100989300,0.746,110182200,0.745,96193200,0.744,56389300,0.743,44438300,0.748,93198100,0.749,139330000,0.75,146204500,0.751,80666600,0.752,54423800
sh513130,10:09:13,1764209354645,,0,0.747,0.7482,-0.1604,0.0,0.9093,2.1193,46200,34546,0.7477,1.003,0.747,101021700,0.746,110317900,0.745,96171900,0.744,56439300,0.743,44438300,0.748,89015500,0.749,139576100,0.75,147314200,0.751,84041600,0.752,54423800
sh513130,10:09:13,1764209355648,,0,0.747,0.7482,-0.1604,0.0,0.9093,2.1193,0,0,0.747,1.002,0.747,101021700,0.746,110317900,0.745,96171900,0.744,56439300,0.743,44438300,0.748,89015500,0.749,139576100,0.75,147314200,0.751,84041600,0.752,54423800
sh513130,10:09:13,1764209356652,,0,0.747,0.7482,-0.1604,0.0,0.9093,2.2633,0,0,0.747,1.005,0.747,101021700,0.746,110317900,0.745,96171900,0.744,56439300,0.743,44438300,0.748,89015500,0.749,139576100,0.75,147314200,0.751,84041600,0.752,54423800
sh513130,10:09:13,1764209357654,,0,0.747,0.7482,-0.1604,0.0,0.9093,3.0021,0,0,0.747,1.001,0.747,101021700,0.746,110317900,0.745,96171900,0.744,56439300,0.743,44438300,0.748,89015500,0.749,139576100,0.75,147314200,0.751,84041600,0.752,54423800
sh513130,10:09:16,1764209358683,,0,0.747,0.7482,-0.1604,0.0,0.9093,2.2161,160800,120117,0.747,1.029,0.747,101013800,0.746,110309700,0.745,95181900,0.744,56428500,0.743,44438300,0.748,89434700,0.749,139620800,0.75,147864100,0.751,84032200,0.752,54423800
sh513130,10:09:16,1764209359661,,0,0.747,0.7482,-0.1604,0.0,0.9093,2.4849,0,0,0.747,0.978,0.747,101013800,0.746,110309700,0.745,95181900,0.744,56428500,0.743,44438300,0.748,89434700,0.749,139620800,0.75,147864100,0.751,84032200,0.752,54423800
sh513130,10:09:16,1764209360662,,0,0.747,0.7482,-0.1604,0.0,0.9093,2.19,0,0,0.747,1.001,0.747,101013800,0.746,110309700,0.745,95181900,0.744,56428500,0.743,44438300,0.748,89434700,0.749,139620800,0.75,147864100,0.751,84032200,0.752,54423800
sh513130,10:09:19,1764209361661,,0,0.748,0.7482,-0.0267,0.0,0.9093,2.0425,9000,6725,0.7472,0.998,0.747,102760200,0.746,110309700,0.745,96171900,0.744,56428500,0.743,44438300,0.748,110390400,0.749,139607000,0.75,146919600,0.751,65698200,0.752,54433800
sh513130,10:09:19,1764209362661,,0,0.748,0.7482,-0.0267,0.0,0.9093,1.9431,0,0,0.748,1.0,0.747,102760200,0.746,110309700,0.745,96171900,0.744,56428500,0.743,44438300,0.748,110390400,0.749,139607000,0.75,146919600,0.751,65698200,0.752,54433800
sh513130,10:09:19,1764209363661,,0,0.748,0.7482,-0.0267,0.0,0.9093,4.1138,0,0,0.748,1.001,0.747,102760200,0.746,110309700,0.745,96171900,0.744,56428500,0.743,44438300,0.748,110390400,0.749,139607000,0.75,146919600,0.751,65698200,0.752,54433800
sh513130,10:09:22,1764209364667,,0,0.747,0.7489,-0.2537,0.0,0.9093,3.7792,93700,70028,0.7474,1.006,0.747,103140600,0.746,110295300,0.745,96200900,0.744,56428500,0.743,44464400,0.748,95320100,0.749,148765400,0.75,139003300,0.751,81843200,0.752,54308800
sh513130,10:09:22,1764209365668,,0,0.747,0.7489,-0.2537,0.0,0.9093,3.6122,0,0,0.747,1.001,0.747,103140600,0.746,110295300,0.745,96200900,0.744,56428500,0.743,44464400,0.748,95320100,0.749,148765400,0.75,139003300,0.751,81843200,0.752,54308800
sh513130,10:09:22,1764209366671,,0,0.747,0.7489,-0.2537,0.0,0.9093,3.5361,0,0,0.747,1.003,0.747,103140600,0.746,110295300,0.745,96200900,0.744,56428500,0.743,44464400,0.748,95320100,0.749,148765400,0.75,139003300,0.751,81843200,0.752,54308800
sh513130,10:09:25,1764209367669,,0,0.748,0.7489,-0.1202,0.0,0.9093,2.7291,254300,190078,0.7475,0.998,0.747,111002100,0.746,102358700,0.745,96200900,0.744,56428500,0.743,44464400,0.748,93749400,0.749,140390400,0.75,140050900,0.751,91409200,0.752,54311700
sh513130,10:09:25,1764209368673,,0,0.748,0.7489,-0.1202,0.0,0.9093,2.5147,0,0,0.748,1.005,0.747,111002100,0.746,102358700,0.745,96200900,0.744,56428500,0.743,44464400,0.748,93749400,0.749,140390400,0.75,140050900,0.751,91409200,0.752,54311700
sh513130,10:09:25,1764209369674,,0,0.748,0.7489,-0.1202,0.0,0.9093,3.7115,0,0,0.748,1.001,0.747,111002100,0.746,102358700,0.745,96200900,0.744,56428500,0.743,44464400,0.748,93749400,0.749,140390400,0.75,140050900,0.751,91409200,0.752,54311700
sh513130,10:09:28,1764209370679,,0,0.747,0.7489,-0.2537,0.0,0.9093,4.8712,412200,308074,0.7474,1.005,0.747,112054300,0.746,102357700,0.745,96350600,0.744,56434600,0.743,44550300,0.748,93461800,0.749,140424400,0.75,140085500,0.751,92734200,0.752,54313700
sh513130,10:09:25,1764209371677,,0,0.748,0.7489,-0.1202,0.0,0.9093,4.0637,-412200,-308074,0.748,0.997,0.747,111002100,0.746,102358700,0.745,96200900,0.744,56428500,0.743,44464400,0.748,93749400,0.749,140390400,0.75,140050900,0.751,91409200,0.752,54311700
sh513130,10:09:28,1764209372678,,0,0.747,0.7489,-0.2537,0.0,0.9093,4.0843,412200,308074,0.7474,1.002,0.747,112054300,0.746,102357700,0.745,96350600,0.744,56434600,0.743,44550300,0.748,93461800,0.749,140424400,0.75,140085500,0.751,92734200,0.752,54313700
sh513130,10:09:31,1764209373680,,0,0.748,0.7482,-0.0267,0.0,0.9093,3.902,117000,87444,0.7474,1.001,0.747,112101000,0.746,102362100,0.745,95360600,0.744,56454700,0.743,44575000,0.748,94909000,0.749,140520100,0.75,140098600,0.751,92744200,0.752,54313700
sh513130,10:09:31,1764209374795,,0,0.748,0.7482,-0.0267,0.0,0.9093,4.5222,0,0,0.748,1.115,0.747,112101000,0.746,102362100,0.745,95360600,0.744,56454700,0.743,44575000,0.748,94909000,0.749,140520100,0.75,140098600,0.751,92744200,0.752,54313700
sh513130,10:09:31,1764209375683,,0,0.748,0.7482,-0.0267,0.0,0.9093,4.4749,0,0,0.748,0.888,0.747,112101000,0.746,102362100,0.745,95360600,0.744,56454700,0.743,44575000,0.748,94909000,0.749,140520100,0.75,140098600,0.751,92744200,0.752,54313700
sh513130,10:09:31,1764209376682,,0,0.748,0.7482,-0.0267,0.0,0.9093,4.2637,0,0,0.748,0.999,0.747,112101000,0.746,102362100,0.745,95360600,0.744,56454700,0.743,44575000,0.748,94909000,0.749,140520100,0.75,140098600,0.751,92744200,0.752,54313700
sh513130,10:09:34,1764209377685,,0,0.748,0.7482,-0.0267,0.0,0.9093,3.6428,64000,47826,0.7473,1.003,0.747,105460200,0.746,110343800,0.745,95388500,0.744,56454700,0.743,44575000,0.748,83136500,0.749,149445100,0.75,148165700,0.751,90044200,0.752,54313700
sh513130,10:09:34,1764209378686,,0,0.748,0.7482,-0.0267,0.0,0.9093,2.9543,0,0,0.748,1.001,0.747,105460200,0.746,110343800,0.745,95388500,0.744,56454700,0.743,44575000,0.748,83136500,0.749,149445100,0.75,148165700,0.751,90044200,0.752,54313700
sh513130,10:09:37,1764209379688,,0,0.748,0.7482,-0.0267,0.0,0.9093,2.5913,135200,101104,0.7478,1.002,0.747,104572300,0.746,110242900,0.745,95388500,0.744,56575600,0.743,44620800,0.748,96730500,0.749,141599900,0.75,149187200,0.751,85044200,0.752,54305200
sh513130,10:09:37,1764209380693,,0,0.748,0.7482,-0.0267,0.0,0.9093,3.2448,0,0,0.748,1.005,0.747,104572300,0.746,110242900,0.745,95388500,0.744,56575600,0.743,44620800,0.748,96730500,0.749,141599900,0.75,149187200,0.751,85044200,0.752,54305200
sh513130,10:09:37,1764209381698,,0,0.748,0.7482,-0.0267,0.0,0.9093,1.7614,0,0,0.748,1.005,0.747,104572300,0.746,110242900,0.745,95388500,0.744,56575600,0.743,44620800,0.748,96730500,0.749,141599900,0.75,149187200,0.751,85044200,0.752,54305200
sh513130,10:09:40,1764209382695,,0,0.748,0.7482,-0.0267,0.0,0.9093,1.6751,50100,37430,0.7471,0.997,0.747,94355800,0.746,118689200,0.745,97289500,0.744,56575600,0.743,44620800,0.748,117999500,0.749,149625400,0.75,139131300,0.751,61369200,0.752,54498800
sh513130,10:09:40,1764209383696,,0,0.748,0.7482,-0.0267,0.0,0.9093,1.5659,0,0,0.748,1.001,0.747,94355800,0.746,118689200,0.745,97289500,0.744,56575600,0.743,44620800,0.748,117999500,0.749,149625400,0.75,139131300,0.751,61369200,0.752,54498800
sh513130,10:09:40,1764209384696,,0,0.748,0.7482,-0.0267,0.0,0.9093,1.7849,0,0,0.748,1.0,0.747,94355800,0.746,118689200,0.745,97289500,0.744,56575600,0.743,44620800,0.748,117999500,0.749,149625400,0.75,139131300,0.751,61369200,0.752,54498800
sh513130,10:09:40,1764209385698,,0,0.748,0.7482,-0.0267,0.0,0.9093,1.9571,0,0,0.748,1.002,0.747,94355800,0.746,118689200,0.745,97289500,0.744,56575600,0.743,44620800,0.748,117999500,0.749,149625400,0.75,139131300,0.751,61369200,0.752,54498800
sh513130,10:09:43,1764209386701,,0,0.747,0.7482,-0.1604,0.0,0.9093,2.0792,503500,376223,0.7472,1.003,0.747,94522200,0.746,118657600,0.745,97289500,0.744,56537800,0.743,44620800,0.748,118167200,0.749,141607000,0.75,147030000,0.751,61328200,0.752,54498800
sh513130,10:09:43,1764209387700,,0,0.747,0.7482,-0.1604,0.0,0.9093,1.347,0,0,0.747,0.999,0.747,94522200,0.746,118657600,0.745,97289500,0.744,56537800,0.743,44620800,0.748,118167200,0.749,141607000,0.75,147030000,0.751,61328200,0.752,54498800
sh513130,10:09:46,1764209388702,,0,0.748,0.7482,-0.0267,0.0,0.9093,1.2452,147300,110051,0.7471,1.002,0.747,94493900,0.746,118932300,0.745,97298700,0.744,57063600,0.743,44485800,0.748,118456600,0.749,141366500,0.75,147010400,0.751,61328200,0.752,54509000
sh513130,10:09:46,1764209389703,,0,0.748,0.7482,-0.0267,0.0,0.9093,1.475,0,0,0.748,1.001,0.747,94493900,0.746,118932300,0.745,97298700,0.744,57063600,0.743,44485800,0.748,118456600,0.749,141366500,0.75,147010400,0.751,61328200,0.752,54509000
sh513130,10:09:46,1764209390709,,0,0.748,0.7482,-0.0267,0.0,0.9093,1.7919,0,0,0.748,1.006,0.747,94493900,0.746,118932300,0.745,97298700,0.744,57063600,0.743,44485800,0.748,118456600,0.749,141366500,0.75,147010400,0.751,61328200,0.752,54509000
sh513130,10:09:49,1764209391707,,0,0.747,0.7482,-0.1604,0.0,0.9093,2.1206,153900,114983,0.7471,0.998,0.747,74890500,0.746,118938500,0.745,97309000,0.744,71353600,0.743,45151200,0.748,119447200,0.749,149542300,0.75,138119100,0.751,61328400,0.752,54537900
sh513130,10:09:49,1764209392708,,0,0.747,0.7482,-0.1604,0.0,0.9093,2.0176,0,0,0.747,1.001,0.747,74890500,0.746,118938500,0.745,97309000,0.744,71353600,0.743,45151200,0.748,119447200,0.749,149542300,0.75,138119100,0.751,61328400,0.752,54537900
sh513130,10:09:52,1764209393710,,0,0.747,0.7482,-0.1604,0.0,0.9093,3.527,179600,134314,0.7479,1.001,0.747,73787200,0.746,118948300,0.745,97354900,0.744,71014400,0.743,45156200,0.748,121128400,0.749,149403400,0.75,138219000,0.751,61314000,0.752,54678700
sh513130,10:09:52,1764209394713,,0,0.747,0.7482,-0.1604,0.0,0.9093,3.2261,0,0,0.747,1.003,0.747,73787200,0.746,118948300,0.745,97354900,0.744,71014400,0.743,45156200,0.748,121128400,0.749,149403400,0.75,138219000,0.751,61314000,0.752,54678700
sh513130,10:09:52,1764209395715,,0,0.747,0.7482,-0.1604,0.0,0.9093,3.2936,0,0,0.747,1.002,0.747,73787200,0.746,118948300,0.745,97354900,0.744,71014400,0.743,45156200,0.748,121128400,0.749,149403400,0.75,138219000,0.751,61314000,0.752,54678700
sh513130,10:09:52,1764209396716,,0,0.747,0.7482,-0.1604,0.0,0.9093,3.1403,0,0,0.747,1.001,0.747,73787200,0.746,118948300,0.745,97354900,0.744,71014400,0.743,45156200,0.748,121128400,0.749,149403400,0.75,138219000,0.751,61314000,0.752,54678700
sh513130,10:09:55,1764209397717,,0,0.747,0.7482,-0.1604,0.0,0.9093,2.2154,336000,251045,0.7472,1.001,0.747,74427500,0.746,118978300,0.745,97354900,0.744,71155300,0.743,45156200,0.748,121596100,0.749,149547900,0.75,138145200,0.751,61315100,0.752,54668700
sh513130,10:09:55,1764209398717,,0,0.747,0.7482,-0.1604,0.0,0.9093,1.8338,0,0,0.747,1.0,0.747,74427500,0.746,118978300,0.745,97354900,0.744,71155300,0.743,45156200,0.748,121596100,0.749,149547900,0.75,138145200,0.751,61315100,0.752,54668700
sh513130,10:09:55,1764209399719,,0,0.747,0.7482,-0.1604,0.0,0.9093,2.2176,0,0,0.747,1.002,0.747,74427500,0.746,118978300,0.745,97354900,0.744,71155300,0.743,45156200,0.748,121596100,0.749,149547900,0.75,138145200,0.751,61315100,0.752,54668700
sh513130,10:09:58,1764209400720,,0,0.747,0.7482,-0.1604,0.0,0.9093,2.5146,554100,414177,0.7475,1.001,0.747,73734700,0.746,119945800,0.745,97404900,0.744,71135300,0.743,44980000,0.748,123722800,0.749,149678900,0.75,138002200,0.751,61371900,0.752,54668700
sh513130,10:09:58,1764209401724,,0,0.747,0.7482,-0.1604,0.0,0.9093,3.7313,0,0,0.747,1.004,0.747,73734700,0.746,119945800,0.745,97404900,0.744,71135300,0.743,44980000,0.748,123722800,0.749,149678900,0.75,138002200,0.751,61371900,0.752,54668700
sh513130,10:09:58,1764209402726,,0,0.747,0.7482,-0.1604,0.0,0.9093,3.7175,0,0,0.747,1.002,0.747,73734700,0.746,119945800,0.745,97404900,0.744,71135300,0.743,44980000,0.748,123722800,0.749,149678900,0.75,138002200,0.751,61371900,0.752,54668700
sh513130,10:09:58,1764209403727,,0,0.747,0.7482,-0.1604,0.0,0.9093,2.9535,0,0,0.747,1.001,0.747,73734700,0.746,119945800,0.745,97404900,0.744,71135300,0.743,44980000,0.748,123722800,0.749,149678900,0.75,138002200,0.751,61371900,0.752,54668700
sh513130,10:10:01,1764209404730,,0,0.747,0.7482,-0.1604,0.0,0.9093,3.5067,3629900,2712434,0.7472,1.003,0.747,66093100,0.746,120001600,0.745,97425900,0.744,71555300,0.743,44980000,0.748,123127900,0.749,149639000,0.75,138300400,0.751,61308300,0.752,42671100
sh513130,10:10:01,1764209405732,,0,0.747,0.7482,-0.1604,0.0,0.9093,2.5358,0,0,0.747,1.002,0.747,66093100,0.746,120001600,0.745,97425900,0.744,71555300,0.743,44980000,0.748,123127900,0.749,149639000,0.75,138300400,0.751,61308300,0.752,42671100
sh513130,10:10:04,1764209406730,,0,0.747,0.7482,-0.1604,0.0,0.9093,2.1856,421700,315034,0.7471,0.998,0.747,25440700,0.746,119374800,0.745,98116300,0.744,72305300,0.743,60976800,0.748,135407400,0.749,150306400,0.75,138324300,0.751,61318300,0.752,42678600
sh513130,10:10:04,1764209407732,,0,0.747,0.7482,-0.1604,0.0,0.9093,1.8188,0,0,0.747,1.002,0.747,25440700,0.746,119374800,0.745,98116300,0.744,72305300,0.743,60976800,0.748,135407400,0.749,150306400,0.75,138324300,0.751,61318300,0.752,42678600
sh513130,10:10:04,1764209408732,,0,0.747,0.7482,-0.1604,0.0,0.9093,2.1093,0,0,0.747,1.0,0.747,25440700,0.746,119374800,0.745,98116300,0.744,72305300,0.743,60976800,0.748,135407400,0.749,150306400,0.75,138324300,0.751,61318300,0.752,42678600
sh513130,10:10:07,1764209409733,,0,0.747,0.7476,-0.0803,0.0,0.9093,1.2782,3377200,2522781,0.747,1.001,0.747,18563000,0.746,119409800,0.745,99361400,0.744,73797300,0.743,60948200,0.748,137605800,0.749,143164900,0.75,146447000,0.751,61741100,0.752,42728600
sh513130,10:10:07,1764209410736,,0,0.747,0.7476,-0.0803,0.0,0.9093,1.215,0,0,0.747,1.003,0.747,18563000,0.746,119409800,0.745,99361400,0.744,73797300,0.743,60948200,0.748,137605800,0.749,143164900,0.75,146447000,0.751,61741100,0.752,42728600
sh513130,10:10:07,1764209411738,,0,0.747,0.7476,-0.0803,0.0,0.9093,1.7292,0,0,0.747,1.002,0.747,18563000,0.746,119409800,0.745,99361400,0.744,73797300,0.743,60948200,0.748,137605800,0.749,143164900,0.75,146447000,0.751,61741100,0.752,42728600
sh513130,10:10:07,1764209412740,,0,0.747,0.7476,-0.0803,0.0,0.9093,3.0763,0,0,0.747,1.002,0.747,18563000,0.746,119409800,0.745,99361400,0.744,73797300,0.743,60948200,0.748,137605800,0.749,143164900,0.75,146447000,0.751,61741100,0.752,42728600
sh513130,10:10:10,1764209413741,,0,0.747,0.7476,-0.0803,0.0,0.9093,1.4254,2773900,2072104,0.747,1.001,0.747,35695000,0.746,119273800,0.745,100226500,0.744,72287300,0.743,44951400,0.748,125509100,0.749,144151400,0.75,146463000,0.751,61714000,0.752,54688100
sh513130,10:10:10,1764209414741,,0,0.747,0.7476,-0.0803,0.0,0.9093,3.5554,0,0,0.747,1.0,0.747,35695000,0.746,119273800,0.745,100226500,0.744,72287300,0.743,44951400,0.748,125509100,0.749,144151400,0.75,146463000,0.751,61714000,0.752,54688100
sh513130,10:10:13,1764209415743,,0,0.747,0.7476,-0.0803,0.0,0.9093,3.1879,16588800,12391833,0.747,1.002,0.746,123035800,0.745,101135800,0.744,73822400,0.743,60974200,0.742,37483700,0.747,58882100,0.748,120447700,0.749,125249800,0.75,130204200,0.751,58685600
sh513130,10:10:13,1764209416745,,0,0.747,0.7476,-0.0803,0.0,0.9093,4.0531,0,0,0.747,1.002,0.746,123035800,0.745,101135800,0.744,73822400,0.743,60974200,0.742,37483700,0.747,58882100,0.748,120447700,0.749,125249800,0.75,130204200,0.751,58685600
sh513130,10:10:13,1764209417748,,0,0.747,0.7476,-0.0803,0.0,0.9093,3.993,0,0,0.747,1.003,0.746,123035800,0.745,101135800,0.744,73822400,0.743,60974200,0.742,37483700,0.747,58882100,0.748,120447700,0.749,125249800,0.75,130204200,0.751,58685600
sh513130,10:10:16,1764209418747,,0,0.747,0.7476,-0.0803,0.0,0.9093,3.9108,217300,162323,0.747,0.999,0.746,103417600,0.745,118805800,0.744,75802400,0.743,60825400,0.742,37476900,0.747,80256600,0.748,122377300,0.749,132907200,0.75,102334100,0.751,58685600
sh513130,10:10:16,1764209419748,,0,0.747,0.7476,-0.0803,0.0,0.9093,3.7345,0,0,0.747,1.001,0.746,103417600,0.745,118805800,0.744,75802400,0.743,60825400,0.742,37476900,0.747,80256600,0.748,122377300,0.749,132907200,0.75,102334100,0.751,58685600
sh513130,10:10:16,1764209420749,,0,0.747,0.7476,-0.0803,0.0,0.9093,4.9508,0,0,0.747,1.001,0.746,103417600,0.745,118805800,0.744,75802400,0.743,60825400,0.742,37476900,0.747,80256600,0.748,122377300,0.749,132907200,0.75,102334100,0.751,58685600
sh513130,10:10:19,1764209421750,,0,0.747,0.7476,-0.0803,0.0,0.9093,4.4771,114000,85111,0.7466,1.001,0.746,111280500,0.745,111287700,0.744,75802400,0.743,60815600,0.742,42473900,0.747,81149000,0.748,121930000,0.749,132918900,0.75,114630300,0.751,58886800
sh513130,10:10:19,1764209422752,,0,0.747,0.7476,-0.0803,0.0,0.9093,3.7629,0,0,0.747,1.002,0.746,111280500,0.745,111287700,0.744,75802400,0.743,60815600,0.742,42473900,0.747,81149000,0.748,121930000,0.749,132918900,0.75,114630300,0.751,58886800
sh513130,10:10:19,1764209423755,,0,0.747,0.7476,-0.0803,0.0,0.9093,2.6655,0,0,0.747,1.003,0.746,111280500,0.745,111287700,0.744,75802400,0.743,60815600,0.742,42473900,0.747,81149000,0.748,121930000,0.749,132918900,0.75,114630300,0.751,58886800
sh513130,10:10:22,1764209424757,,0,0.746,0.7476,-0.214,0.0,0.9093,3.256,350300,261551,0.7466,1.001,0.746,111445900,0.745,112136300,0.744,75837400,0.743,60847600,0.742,42483900,0.747,74847500,0.748,126398500,0.749,132794900,0.75,118034500,0.751,58824700
sh513130,10:10:22,1764209425757,,0,0.746,0.7476,-0.214,0.0,0.9093,2.4693,0,0,0.746,1.0,0.746,111445900,0.745,112136300,0.744,75837400,0.743,60847600,0.742,42483900,0.747,74847500,0.748,126398500,0.749,132794900,0.75,118034500,0.751,58824700
sh513130,10:10:22,1764209426759,,0,0.746,0.7476,-0.214,0.0,0.9093,2.909,0,0,0.746,1.002,0.746,111445900,0.745,112136300,0.744,75837400,0.743,60847600,0.742,42483900,0.747,74847500,0.748,126398500,0.749,132794900,0.75,118034500,0.751,58824700
sh513130,10:10:25,1764209427763,,0,0.746,0.7476,-0.214,0.0,0.9093,3.2508,181200,135243,0.7464,1.004,0.746,121444900,0.745,104138300,0.744,74851600,0.743,60847600,0.742,42483900,0.747,69242600,0.748,128625500,0.749,126385400,0.75,126133500,0.751,58821200
sh513130,10:10:25,1764209428762,,0,0.746,0.7476,-0.214,0.0,0.9093,2.9306,0,0,0.746,0.998,0.746,121444900,0.745,104138300,0.744,74851600,0.743,60847600,0.742,42483900,0.747,69242600,0.748,128625500,0.749,126385400,0.75,126133500,0.751,58821200
sh513130,10:10:25,1764209429765,,0,0.746,0.7476,-0.214,0.0,0.9093,3.1292,0,0,0.746,1.003,0.746,121444900,0.745,104138300,0.744,74851600,0.743,60847600,0.742,42483900,0.747,69242600,0.748,128625500,0.749,126385400,0.75,126133500,0.751,58821200
sh513130,10:10:28,1764209430764,,0,0.746,0.7476,-0.214,0.0,0.9093,2.8168,501400,374054,0.746,1.0,0.746,112003300,0.745,111798300,0.744,75841600,0.743,60847600,0.742,42517700,0.747,73815700,0.748,128991200,0.749,133650200,0.75,117982700,0.751,58821500
sh513130,10:10:28,1764209431766,,0,0.746,0.7476,-0.214,0.0,0.9093,3.3943,0,0,0.746,1.002,0.746,112003300,0.745,111798300,0.744,75841600,0.743,60847600,0.742,42517700,0.747,73815700,0.748,128991200,0.749,133650200,0.75,117982700,0.751,58821500
sh513130,10:10:28,1764209432768,,0,0.746,0.7476,-0.214,0.0,0.9093,3.237,0,0,0.746,1.001,0.746,112003300,0.745,111798300,0.744,75841600,0.743,60847600,0.742,42517700,0.747,73815700,0.748,128991200,0.749,133650200,0.75,117982700,0.751,58821500
sh513130,10:10:28,1764209433774,,0,0.746,0.7476,-0.214,0.0,0.9093,4.4461,0,0,0.746,1.006,0.746,112003300,0.745,111798300,0.744,75841600,0.743,60847600,0.742,42517700,0.747,73815700,0.748,128991200,0.749,133650200,0.75,117982700,0.751,58821500
sh513130,10:10:31,1764209434773,,0,0.746,0.7476,-0.214,0.0,0.9093,4.2524,240500,179413,0.746,0.999,0.746,120461900,0.745,103798300,0.744,74895800,0.743,60847600,0.742,42517700,0.747,70766900,0.748,129081500,0.749,126720000,0.75,126026700,0.751,58857200
sh513130,10:10:31,1764209435772,,0,0.746,0.7476,-0.214,0.0,0.9093,2.7068,0,0,0.746,0.998,0.746,120461900,0.745,103798300,0.744,74895800,0.743,60847600,0.742,42517700,0.747,70766900,0.748,129081500,0.749,126720000,0.75,126026700,0.751,58857200
sh513130,10:10:34,1764209436773,,0,0.746,0.7476,-0.214,0.0,0.9093,2.6481,188900,140921,0.746,1.001,0.746,120203400,0.745,103792200,0.744,74938600,0.743,61210900,0.742,42517700,0.747,49845500,0.748,137536200,0.749,126827000,0.75,131037700,0.751,58867200
sh513130,10:10:34,1764209437772,,0,0.746,0.7476,-0.214,0.0,0.9093,3.2608,0,0,0.746,1.0,0.746,120203400,0.745,103792200,0.744,74938600,0.743,61210900,0.742,42517700,0.747,49845500,0.748,137536200,0.749,126827000,0.75,131037700,0.751,58867200
sh513130,10:10:34,1764209438775,,0,0.746,0.7476,-0.214,0.0,0.9093,2.743,0,0,0.746,1.002,0.746,120203400,0.745,103792200,0.744,74938600,0.743,61210900,0.742,42517700,0.747,49845500,0.748,137536200,0.749,126827000,0.75,131037700,0.751,58867200
sh513130,10:10:37,1764209439778,,0,0.746,0.7476,-0.214,0.0,0.9093,4.4434,355200,265235,0.7467,1.003,0.746,118240300,0.745,104770000,0.744,75970600,0.743,61331400,0.742,42511600,0.747,75359800,0.748,129050000,0.749,130141100,0.75,126163900,0.751,58867200
sh513130,10:10:37,1764209440777,,0,0.746,0.7476,-0.214,0.0,0.9093,3.1265,0,0,0.746,0.999,0.746,118240300,0.745,104770000,0.744,75970600,0.743,61331400,0.742,42511600,0.747,75359800,0.748,129050000,0.749,130141100,0.75,126163900,0.751,58867200
sh513130,10:10:37,1764209441779,,0,0.746,0.7476,-0.214,0.0,0.9093,2.7336,0,0,0.746,1.002,0.746,118240300,0.745,104770000,0.744,75970600,0.743,61331400,0.742,42511600,0.747,75359800,0.748,129050000,0.749,130141100,0.75,126163900,0.751,58867200
sh513130,10:10:40,1764209442781,,0,0.746,0.7476,-0.214,0.0,0.9093,2.6033,257400,192024,0.746,1.002,0.746,118352200,0.745,104701800,0.744,74980000,0.743,61331400,0.742,42511600,0.747,74451100,0.748,129223100,0.749,130759300,0.75,126212900,0.751,58867300
sh513130,10:10:40,1764209443783,,0,0.746,0.7476,-0.214,0.0,0.9093,3.4079,0,0,0.746,1.002,0.746,118352200,0.745,104701800,0.744,74980000,0.743,61331400,0.742,42511600,0.747,74451100,0.748,129223100,0.749,130759300,0.75,126212900,0.751,58867300
sh513130,10:10:40,1764209444785,,0,0.746,0.7476,-0.214,0.0,0.9093,3.1299,0,0,0.746,1.001,0.746,118352200,0.745,104701800,0.744,74980000,0.743,61331400,0.742,42511600,0.747,74451100,0.748,129223100,0.749,130759300,0.75,126212900,0.751,58867300
sh513130,10:10:43,1764209445787,,0,0.746,0.7476,-0.214,0.0,0.9093,3.0128,385900,287926,0.7461,1.002,0.746,117719000,0.745,104861000,0.744,75000000,0.743,61391700,0.742,42501600,0.747,54397100,0.748,128897500,0.749,130842900,0.75,131250200,0.751,58847300
sh513130,10:10:43,1764209446789,,0,0.746,0.7476,-0.214,0.0,0.9093,7.4177,0,0,0.746,1.002,0.746,117719000,0.745,104861000,0.744,75000000,0.743,61391700,0.742,42501600,0.747,54397100,0.748,128897500,0.749,130842900,0.75,131250200,0.751,58847300
sh513130,10:10:43,1764209447789,,0,0.746,0.7476,-0.214,0.0,0.9093,6.7732,0,0,0.746,1.0,0.746,117719000,0.745,104861000,0.744,75000000,0.743,61391700,0.742,42501600,0.747,54397100,0.748,128897500,0.749,130842900,0.75,131250200,0.751,58847300
sh513130,10:10:43,1764209448791,,0,0.746,0.7476,-0.214,0.0,0.9093,7.431,0,0,0.746,1.003,0.746,117719000,0.745,104861000,0.744,75000000,0.743,61391700,0.742,42501600,0.747,54397100,0.748,128897500,0.749,130842900,0.75,131250200,0.751,58847300
sh513130,10:10:46,1764209449800,,0,0.746,0.7476,-0.214,0.0,0.9093,6.5799,2079200,1551122,0.746,1.009,0.746,115559000,0.745,104931000,0.744,74980000,0.743,61426800,0.742,42789700,0.747,58240500,0.748,137385000,0.749,130906300,0.75,131711300,0.751,58856900
sh513130,10:10:46,1764209450817,,0,0.746,0.7476,-0.214,0.0,0.9093,5.6938,0,0,0.746,1.017,0.746,115559000,0.745,104931000,0.744,74980000,0.743,61426800,0.742,42789700,0.747,58240500,0.748,137385000,0.749,130906300,0.75,131711300,0.751,58856900
sh513130,10:10:46,1764209451802,,0,0.746,0.7476,-0.214,0.0,0.9093,7.1914,0,0,0.746,0.985,0.746,115559000,0.745,104931000,0.744,74980000,0.743,61426800,0.742,42789700,0.747,58240500,0.748,137385000,0.749,130906300,0.75,131711300,0.751,58856900
sh513130,10:10:49,1764209452804,,0,0.746,0.7476,-0.214,0.0,0.9093,6.4705,1705700,1273462,0.7466,1.002,0.746,114989100,0.745,105091300,0.744,75014000,0.743,61485800,0.742,42794700,0.747,73897000,0.748,128296500,0.749,130384300,0.75,126930100,0.751,58947700
sh513130,10:10:49,1764209453805,,0,0.746,0.7476,-0.214,0.0,0.9093,7.1346,0,0,0.746,1.001,0.746,114989100,0.745,105091300,0.744,75014000,0.743,61485800,0.742,42794700,0.747,73897000,0.748,128296500,0.749,130384300,0.75,126930100,0.751,58947700
sh513130,10:10:52,1764209454806,,0,0.747,0.7476,-0.0803,0.0,0.9093,6.0064,28064700,20964213,0.747,1.001,0.747,60158200,0.746,117253300,0.745,99432900,0.744,68875800,0.743,40492000,0.748,122990300,0.749,139403600,0.75,136157600,0.751,59049400,0.752,57806200
sh513130,10:10:52,1764209455807,,0,0.747,0.7476,-0.0803,0.0,0.9093,5.3089,0,0,0.747,1.001,0.747,60158200,0.746,117253300,0.745,99432900,0.744,68875800,0.743,40492000,0.748,122990300,0.749,139403600,0.75,136157600,0.751,59049400,0.752,57806200
sh513130,10:10:52,1764209456812,,0,0.747,0.7476,-0.0803,0.0,0.9093,4.9757,0,0,0.747,1.005,0.747,60158200,0.746,117253300,0.745,99432900,0.744,68875800,0.743,40492000,0.748,122990300,0.749,139403600,0.75,136157600,0.751,59049400,0.752,57806200
sh513130,10:10:55,1764209457811,,0,0.747,0.7476,-0.0803,0.0,0.9093,4.0433,6567500,4905313,0.7469,0.999,0.746,108912500,0.745,107155100,0.744,72224000,0.743,58742300,0.742,37738600,0.747,4183300,0.748,134736800,0.749,147804500,0.75,128349700,0.751,59049400
sh513130,10:10:55,1764209459003,,0,0.747,0.7476,-0.0803,0.0,0.9093,4.0433,0,0,0.747,1.192,0.746,108912500,0.745,107155100,0.744,72224000,0.743,58742300,0.742,37738600,0.747,4183300,0.748,134736800,0.749,147804500,0.75,128349700,0.751,59049400
sh513130,10:10:55,1764209459804,,0,0.747,0.7476,-0.0803,0.0,0.9093,3.8624,0,0,0.747,0.802,0.746,108912500,0.745,107155100,0.744,72224000,0.743,58742300,0.742,37738600,0.747,4183300,0.748,134736800,0.749,147804500,0.75,128349700,0.751,59049400
sh513130,10:10:55,1764209460808,,0,0.747,0.7476,-0.0803,0.0,0.9093,4.2416,0,0,0.747,1.004,0.746,108912500,0.745,107155100,0.744,72224000,0.743,58742300,0.742,37738600,0.747,4183300,0.748,134736800,0.749,147804500,0.75,128349700,0.751,59049400
sh513130,10:10:58,1764209461809,,0,0.747,0.7482,-0.1604,0.0,0.9093,3.3389,224400,167573,0.7468,1.001,0.746,108590200,0.745,108328500,0.744,72624000,0.743,61758600,0.742,42834600,0.747,31602700,0.748,126643400,0.749,136789700,0.75,128030000,0.751,59054400
sh513130,10:10:58,1764209462812,,0,0.747,0.7482,-0.1604,0.0,0.9093,2.9567,0,0,0.747,1.003,0.746,108590200,0.745,108328500,0.744,72624000,0.743,61758600,0.742,42834600,0.747,31602700,0.748,126643400,0.749,136789700,0.75,128030000,0.751,59054400
sh513130,10:11:01,1764209463813,,0,0.747,0.7482,-0.1604,0.0,0.9093,3.9922,6506200,4860078,0.747,1.001,0.747,53838900,0.746,114682200,0.745,99477100,0.744,71869000,0.743,45761800,0.748,125563800,0.749,146764200,0.75,128459200,0.751,59072400,0.752,58079000
sh513130,10:11:01,1764209464820,,0,0.747,0.7482,-0.1604,0.0,0.9093,2.9367,0,0,0.747,1.007,0.747,53838900,0.746,114682200,0.745,99477100,0.744,71869000,0.743,45761800,0.748,125563800,0.749,146764200,0.75,128459200,0.751,59072400,0.752,58079000
sh513130,10:11:04,1764209465824,,0,0.747,0.7482,-0.1604,0.0,0.9093,2.9796,387700,289612,0.747,1.005,0.747,70205400,0.746,115149400,0.745,99243800,0.744,63269000,0.743,44840000,0.748,122733200,0.749,139147100,0.75,137453200,0.751,59072400,0.752,58079000
sh513130,10:11:04,1764209466826,,0,0.747,0.7482,-0.1604,0.0,0.9093,3.1119,0,0,0.747,1.002,0.747,70205400,0.746,115149400,0.745,99243800,0.744,63269000,0.743,44840000,0.748,122733200,0.749,139147100,0.75,137453200,0.751,59072400,0.752,58079000
sh513130,10:11:04,1764209467824,,0,0.747,0.7482,-0.1604,0.0,0.9093,2.7402,0,0,0.747,0.998,0.747,70205400,0.746,115149400,0.745,99243800,0.744,63269000,0.743,44840000,0.748,122733200,0.749,139147100,0.75,137453200,0.751,59072400,0.752,58079000
sh513130,10:11:04,1764209468829,,0,0.747,0.7482,-0.1604,0.0,0.9093,2.6097,0,0,0.747,1.004,0.747,70205400,0.746,115149400,0.745,99243800,0.744,63269000,0.743,44840000,0.748,122733200,0.749,139147100,0.75,137453200,0.751,59072400,0.752,58079000
sh513130,10:11:04,1764209469824,,0,0.747,0.7482,-0.1604,0.0,0.9093,2.6097,0,0,0.747,0.996,0.747,70205400,0.746,115149400,0.745,99243800,0.744,63269000,0.743,44840000,0.748,122733200,0.749,139147100,0.75,137453200,0.751,59072400,0.752,58079000
sh513130,10:11:04,1764209470827,,0,0.747,0.7482,-0.1604,0.0,0.9093,2.2097,0,0,0.747,1.003,0.747,70205400,0.746,115149400,0.745,99243800,0.744,63269000,0.743,44840000,0.748,122733200,0.749,139147100,0.75,137453200,0.751,59072400,0.752,58079000
sh513130,10:11:07,1764209471832,,0,0.747,0.7483,-0.1737,0.0,0.9093,1.5454,1031800,770755,0.747,1.005,0.747,57649200,0.746,115312900,0.745,100872300,0.744,71283100,0.743,44844000,0.748,124897000,0.749,147235000,0.75,128588400,0.751,59172400,0.752,58145000
sh513130,10:11:10,1764209472835,,0,0.747,0.7483,-0.1737,0.0,0.9093,2.2768,984200,735207,0.747,1.002,0.747,71455600,0.746,115473200,0.745,100928300,0.744,63373200,0.743,44894000,0.748,124685700,0.749,139341400,0.75,137591400,0.751,59172400,0.752,58145000
sh513130,10:11:10,1764209473840,,0,0.747,0.7483,-0.1737,0.0,0.9093,2.9001,0,0,0.747,1.006,0.747,71455600,0.746,115473200,0.745,100928300,0.744,63373200,0.743,44894000,0.748,124685700,0.749,139341400,0.75,137591400,0.751,59172400,0.752,58145000
sh513130,10:11:10,1764209474834,,0,0.747,0.7483,-0.1737,0.0,0.9093,2.9001,0,0,0.747,0.994,0.747,71455600,0.746,115473200,0.745,100928300,0.744,63373200,0.743,44894000,0.748,124685700,0.749,139341400,0.75,137591400,0.751,59172400,0.752,58145000
sh513130,10:11:13,1764209475840,,0,0.747,0.7483,-0.1737,0.0,0.9093,2.3391,785900,587098,0.747,1.006,0.747,88805600,0.746,107525300,0.745,100928300,0.744,58363200,0.743,45894100,0.748,123887100,0.749,139465500,0.75,137606400,0.751,59172900,0.752,58145000
sh513130,10:11:13,1764209476846,,0,0.747,0.7483,-0.1737,0.0,0.9093,3.0025,0,0,0.747,1.007,0.747,88805600,0.746,107525300,0.745,100928300,0.744,58363200,0.743,45894100,0.748,123887100,0.749,139465500,0.75,137606400,0.751,59172900,0.752,58145000
sh513130,10:11:13,1764209477842,,0,0.747,0.7483,-0.1737,0.0,0.9093,3.0025,0,0,0.747,0.996,0.747,88805600,0.746,107525300,0.745,100928300,0.744,58363200,0.743,45894100,0.748,123887100,0.749,139465500,0.75,137606400,0.751,59172900,0.752,58145000
sh513130,10:11:16,1764209478845,,0,0.747,0.7483,-0.1737,0.0,0.9093,2.8741,347600,259657,0.747,1.003,0.747,81763200,0.746,115884300,0.745,100947300,0.744,58406500,0.743,45904100,0.748,124638600,0.749,139576400,0.75,137685800,0.751,59222900,0.752,58145000
sh513130,10:11:16,1764209479845,,0,0.747,0.7483,-0.1737,0.0,0.9093,2.5418,0,0,0.747,1.0,0.747,81763200,0.746,115884300,0.745,100947300,0.744,58406500,0.743,45904100,0.748,124638600,0.749,139576400,0.75,137685800,0.751,59222900,0.752,58145000
sh513130,10:11:16,1764209480853,,0,0.747,0.7483,-0.1737,0.0,0.9093,2.3097,0,0,0.747,1.008,0.747,81763200,0.746,115884300,0.745,100947300,0.744,58406500,0.743,45904100,0.748,124638600,0.749,139576400,0.75,137685800,0.751,59222900,0.752,58145000
sh513130,10:11:19,1764209481853,,0,0.747,0.7483,-0.1737,0.0,0.9093,2.5937,398400,297605,0.747,1.0,0.747,76107900,0.746,115884300,0.745,101083200,0.744,63422200,0.743,45974100,0.748,126456000,0.749,140062200,0.75,137761300,0.751,63063800,0.752,58145500
sh513130,10:11:19,1764209482857,,0,0.747,0.7483,-0.1737,0.0,0.9093,2.4695,0,0,0.747,1.004,0.747,76107900,0.746,115884300,0.745,101083200,0.744,63422200,0.743,45974100,0.748,126456000,0.749,140062200,0.75,137761300,0.751,63063800,0.752,58145500
sh513130,10:11:19,1764209483858,,0,0.747,0.7483,-0.1737,0.0,0.9093,2.8123,0,0,0.747,1.001,0.747,76107900,0.746,115884300,0.745,101083200,0.744,63422200,0.743,45974100,0.748,126456000,0.749,140062200,0.75,137761300,0.751,63063800,0.752,58145500
sh513130,10:11:22,1764209484861,,0,0.747,0.7483,-0.1737,0.0,0.9093,2.5569,1266400,946002,0.747,1.002,0.747,67339700,0.746,116129800,0.745,101069700,0.744,71350100,0.743,46104100,0.748,126499000,0.749,140123700,0.75,137806800,0.751,63912600,0.752,58109200
sh513130,10:11:22,1764209485861,,0,0.747,0.7483,-0.1737,0.0,0.9093,2.4343,0,0,0.747,1.0,0.747,67339700,0.746,116129800,0.745,101069700,0.744,71350100,0.743,46104100,0.748,126499000,0.749,140123700,0.75,137806800,0.751,63912600,0.752,58109200
sh513130,10:11:22,1764209486866,,0,0.747,0.7483,-0.1737,0.0,0.9093,2.8601,0,0,0.747,1.005,0.747,67339700,0.746,116129800,0.745,101069700,0.744,71350100,0.743,46104100,0.748,126499000,0.749,140123700,0.75,137806800,0.751,63912600,0.752,58109200
sh513130,10:11:25,1764209487867,,0,0.747,0.7483,-0.1737,0.0,0.9093,2.8849,951100,710477,0.747,1.001,0.747,75688900,0.746,116179800,0.745,101109500,0.744,63700100,0.743,46287400,0.748,126958300,0.749,141233300,0.75,137817100,0.751,62216100,0.752,58168600
sh513130,10:11:25,1764209488868,,0,0.747,0.7483,-0.1737,0.0,0.9093,3.1262,0,0,0.747,1.001,0.747,75688900,0.746,116179800,0.745,101109500,0.744,63700100,0.743,46287400,0.748,126958300,0.749,141233300,0.75,137817100,0.751,62216100,0.752,58168600
sh513130,10:11:25,1764209489868,,0,0.747,0.7483,-0.1737,0.0,0.9093,2.5838,0,0,0.747,1.001,0.747,75688900,0.746,116179800,0.745,101109500,0.744,63700100,0.743,46287400,0.748,126958300,0.749,141233300,0.75,137817100,0.751,62216100,0.752,58168600
sh513130,10:11:28,1764209490870,,0,0.747,0.7476,-0.0803,0.0,0.9093,1.9523,1039300,776357,0.747,1.001,0.747,64479400,0.746,116273700,0.745,101109500,0.744,71700100,0.743,46287400,0.748,127808400,0.749,142086100,0.75,137933100,0.751,62216100,0.752,58168700
sh513130,10:11:28,1764209491871,,0,0.747,0.7476,-0.0803,0.0,0.9093,1.857,0,0,0.747,1.001,0.747,64479400,0.746,116273700,0.745,101109500,0.744,71700100,0.743,46287400,0.748,127808400,0.749,142086100,0.75,137933100,0.751,62216100,0.752,58168700
sh513130,10:11:31,1764209492873,,0,0.747,0.7476,-0.0803,0.0,0.9093,3.6559,545200,407291,0.747,1.002,0.747,76196900,0.746,116724900,0.745,100243400,0.744,63700100,0.743,46287400,0.748,126723400,0.749,143249000,0.75,138037800,0.751,62221100,0.752,58150500
sh513130,10:11:31,1764209493871,,0,0.747,0.7476,-0.0803,0.0,0.9093,3.6559,0,0,0.747,0.997,0.747,76196900,0.746,116724900,0.745,100243400,0.744,63700100,0.743,46287400,0.748,126723400,0.749,143249000,0.75,138037800,0.751,62221100,0.752,58150500
sh513130,10:11:31,1764209494872,,0,0.747,0.7476,-0.0803,0.0,0.9093,2.9363,0,0,0.747,1.001,0.747,76196900,0.746,116724900,0.745,100243400,0.744,63700100,0.743,46287400,0.748,126723400,0.749,143249000,0.75,138037800,0.751,62221100,0.752,58150500
sh513130,10:11:31,1764209495876,,0,0.747,0.7476,-0.0803,0.0,0.9093,1.7802,0,0,0.747,1.004,0.747,76196900,0.746,116724900,0.745,100243400,0.744,63700100,0.743,46287400,0.748,126723400,0.749,143249000,0.75,138037800,0.751,62221100,0.752,58150500
sh513130,10:11:31,1764209496875,,0,0.747,0.7476,-0.0803,0.0,0.9093,1.7802,0,0,0.747,0.999,0.747,76196900,0.746,116724900,0.745,100243400,0.744,63700100,0.743,46287400,0.748,126723400,0.749,143249000,0.75,138037800,0.751,62221100,0.752,58150500
sh513130,10:11:34,1764209497880,,0,0.747,0.7476,-0.0803,0.0,0.9093,1.1839,317900,237471,0.747,1.005,0.747,75916900,0.746,116694900,0.745,101233400,0.744,63801100,0.743,46287400,0.748,128248300,0.749,144698200,0.75,138091300,0.751,62221100,0.752,58190500
sh513130,10:11:37,1764209498882,,0,0.747,0.7476,-0.0803,0.0,0.9093,1.1252,102900,76881,0.7471,1.002,0.747,72676200,0.746,116976600,0.745,101233400,0.744,63396700,0.743,46287400,0.748,128579400,0.749,145581800,0.75,138209600,0.751,62221100,0.752,58190500
sh513130,10:11:37,1764209499887,,0,0.747,0.7476,-0.0803,0.0,0.9093,1.245,0,0,0.747,1.004,0.747,72676200,0.746,116976600,0.745,101233400,0.744,63396700,0.743,46287400,0.748,128579400,0.749,145581800,0.75,138209600,0.751,62221100,0.752,58190500
sh513130,10:11:37,1764209500889,,0,0.747,0.7476,-0.0803,0.0,0.9093,1.3561,0,0,0.747,1.002,0.747,72676200,0.746,116976600,0.745,101233400,0.744,63396700,0.743,46287400,0.748,128579400,0.749,145581800,0.75,138209600,0.751,62221100,0.752,58190500
sh513130,10:11:37,1764209501886,,0,0.747,0.7476,-0.0803,0.0,0.9093,1.3561,0,0,0.747,0.998,0.747,72676200,0.746,116976600,0.745,101233400,0.744,63396700,0.743,46287400,0.748,128579400,0.749,145581800,0.75,138209600,0.751,62221100,0.752,58190500
sh513130,10:11:40,1764209502888,,0,0.747,0.7476,-0.0803,0.0,0.9093,2.3442,948600,708648,0.747,1.002,0.747,75980800,0.746,116976600,0.745,100222300,0.744,58339700,0.743,46237400,0.748,127970900,0.749,141322200,0.75,139196300,0.751,62221100,0.752,58113500
sh513130,10:11:40,1764209503890,,0,0.747,0.7476,-0.0803,0.0,0.9093,4.0763,0,0,0.747,1.002,0.747,75980800,0.746,116976600,0.745,100222300,0.744,58339700,0.743,46237400,0.748,127970900,0.749,141322200,0.75,139196300,0.751,62221100,0.752,58113500
sh513130,10:11:40,1764209504891,,0,0.747,0.7476,-0.0803,0.0,0.9093,3.8943,0,0,0.747,1.001,0.747,75980800,0.746,116976600,0.745,100222300,0.744,58339700,0.743,46237400,0.748,127970900,0.749,141322200,0.75,139196300,0.751,62221100,0.752,58113500
sh513130,10:11:43,1764209505894,,0,0.747,0.7476,-0.0803,0.0,0.9093,6.773,882300,659108,0.747,1.003,0.747,75148100,0.746,100636600,0.745,109188600,0.744,58339700,0.743,46238000,0.748,129045700,0.749,149393700,0.75,129293700,0.751,63087800,0.752,58123500
sh513130,10:11:43,1764209506903,,0,0.747,0.7476,-0.0803,0.0,0.9093,6.9554,0,0,0.747,1.008,0.747,75148100,0.746,100636600,0.745,109188600,0.744,58339700,0.743,46238000,0.748,129045700,0.749,149393700,0.75,129293700,0.751,63087800,0.752,58123500
sh513130,10:11:43,1764209507901,,0,0.747,0.7476,-0.0803,0.0,0.9093,6.9554,0,0,0.747,0.998,0.747,75148100,0.746,100636600,0.745,109188600,0.744,58339700,0.743,46238000,0.748,129045700,0.749,149393700,0.75,129293700,0.751,63087800,0.752,58123500
sh513130,10:11:46,1764209508904,,0,0.748,0.7483,-0.0401,0.0,0.9093,5.2859,320400,239431,0.7473,1.003,0.747,85376100,0.746,108638600,0.745,100203600,0.744,57925700,0.743,46238000,0.748,109339200,0.749,141494700,0.75,138289700,0.751,82629100,0.752,58173500
sh513130,10:11:46,1764209509908,,0,0.748,0.7483,-0.0401,0.0,0.9093,4.2176,0,0,0.748,1.005,0.747,85376100,0.746,108638600,0.745,100203600,0.744,57925700,0.743,46238000,0.748,109339200,0.749,141494700,0.75,138289700,0.751,82629100,0.752,58173500
sh513130,10:11:46,1764209510907,,0,0.748,0.7483,-0.0401,0.0,0.9093,4.2176,0,0,0.748,0.999,0.747,85376100,0.746,108638600,0.745,100203600,0.744,57925700,0.743,46238000,0.748,109339200,0.749,141494700,0.75,138289700,0.751,82629100,0.752,58173500
sh513130,10:11:49,1764209511919,,0,0.747,0.7483,-0.1737,0.0,0.9093,3.5827,187000,139689,0.747,1.012,0.747,86591200,0.746,108638600,0.745,99477600,0.744,57884600,0.743,46244100,0.748,108002200,0.749,141495100,0.75,139279700,0.751,83483400,0.752,58253200
sh513130,10:11:49,1764209512918,,0,0.747,0.7483,-0.1737,0.0,0.9093,2.6488,0,0,0.747,0.999,0.747,86591200,0.746,108638600,0.745,99477600,0.744,57884600,0.743,46244100,0.748,108002200,0.749,141495100,0.75,139279700,0.751,83483400,0.752,58253200
sh513130,10:11:49,1764209513921,,0,0.747,0.7483,-0.1737,0.0,0.9093,2.725,0,0,0.747,1.003,0.747,86591200,0.746,108638600,0.745,99477600,0.744,57884600,0.743,46244100,0.748,108002200,0.749,141495100,0.75,139279700,0.751,83483400,0.752,58253200
sh513130,10:11:49,1764209514922,,0,0.747,0.7483,-0.1737,0.0,0.9093,1.6465,0,0,0.747,1.001,0.747,86591200,0.746,108638600,0.745,99477600,0.744,57884600,0.743,46244100,0.748,108002200,0.749,141495100,0.75,139279700,0.751,83483400,0.752,58253200
sh513130,10:11:52,1764209515919,,0,0.747,0.7483,-0.1737,0.0,0.9093,1.6465,387200,289248,0.747,0.997,0.747,86247600,0.746,108638600,0.745,99347400,0.744,57864600,0.743,46244100,0.748,107807700,0.749,141465100,0.75,139991700,0.751,84331700,0.752,58293200
sh513130,10:11:52,1764209516924,,0,0.747,0.7483,-0.1737,0.0,0.9093,1.7304,0,0,0.747,1.005,0.747,86247600,0.746,108638600,0.745,99347400,0.744,57864600,0.743,46244100,0.748,107807700,0.749,141465100,0.75,139991700,0.751,84331700,0.752,58293200
sh513130,10:11:55,1764209517927,,0,0.748,0.7483,-0.0401,0.0,0.9093,4.0109,8000,5979,0.7474,1.003,0.747,87274100,0.746,108643600,0.745,99315100,0.744,57864600,0.743,46264100,0.748,99400300,0.749,141488400,0.75,139998300,0.751,85160000,0.752,58223200
sh513130,10:11:55,1764209518931,,0,0.748,0.7483,-0.0401,0.0,0.9093,3.6976,0,0,0.748,1.004,0.747,87274100,0.746,108643600,0.745,99315100,0.744,57864600,0.743,46264100,0.748,99400300,0.749,141488400,0.75,139998300,0.751,85160000,0.752,58223200
sh513130,10:11:55,1764209519934,,0,0.748,0.7483,-0.0401,0.0,0.9093,4.6343,0,0,0.748,1.002,0.747,87274100,0.746,108643600,0.745,99315100,0.744,57864600,0.743,46264100,0.748,99400300,0.749,141488400,0.75,139998300,0.751,85160000,0.752,58223200
sh513130,10:11:58,1764209520937,,0,0.747,0.7483,-0.1737,0.0,0.9093,4.0035,2018100,1508023,0.7472,1.003,0.747,86788500,0.746,108775100,0.745,99387700,0.744,57864600,0.743,46420600,0.748,94103200,0.749,149949500,0.75,140113900,0.751,90918500,0.752,58213200
sh513130,10:11:58,1764209521935,,0,0.747,0.7483,-0.1737,0.0,0.9093,4.0035,0,0,0.747,0.998,0.747,86788500,0.746,108775100,0.745,99387700,0.744,57864600,0.743,46420600,0.748,94103200,0.749,149949500,0.75,140113900,0.751,90918500,0.752,58213200
sh513130,10:11:58,1764209522938,,0,0.747,0.7483,-0.1737,0.0,0.9093,3.6631,0,0,0.747,1.003,0.747,86788500,0.746,108775100,0.745,99387700,0.744,57864600,0.743,46420600,0.748,94103200,0.749,149949500,0.75,140113900,0.751,90918500,0.752,58213200
sh513130,10:12:01,1764209523942,,0,0.748,0.7483,-0.0401,0.0,0.9093,4.3552,2412400,1804063,0.7478,1.004,0.747,98563300,0.746,100294800,0.745,98338500,0.744,57865600,0.743,45420600,0.748,67284500,0.749,139065300,0.75,145135500,0.751,97868500,0.752,58213200
sh513130,10:12:01,1764209524943,,0,0.748,0.7483,-0.0401,0.0,0.9093,4.3552,0,0,0.748,1.002,0.747,98563300,0.746,100294800,0.745,98338500,0.744,57865600,0.743,45420600,0.748,67284500,0.749,139065300,0.75,145135500,0.751,97868500,0.752,58213200
sh513130,10:12:01,1764209525943,,0,0.748,0.7483,-0.0401,0.0,0.9093,4.721,0,0,0.748,1.0,0.747,98563300,0.746,100294800,0.745,98338500,0.744,57865600,0.743,45420600,0.748,67284500,0.749,139065300,0.75,145135500,0.751,97868500,0.752,58213200
sh513130,10:12:04,1764209526953,,0,0.747,0.7483,-0.1737,0.0,0.9093,4.1039,35400,26444,0.747,1.01,0.747,91940100,0.746,108004800,0.745,98378800,0.744,57865600,0.743,46421100,0.748,71067600,0.749,151098200,0.75,153373200,0.751,90872500,0.752,58226200
sh513130,10:12:04,1764209527950,,0,0.747,0.7483,-0.1737,0.0,0.9093,4.1039,0,0,0.747,0.997,0.747,91940100,0.746,108004800,0.745,98378800,0.744,57865600,0.743,46421100,0.748,71067600,0.749,151098200,0.75,153373200,0.751,90872500,0.752,58226200
sh513130,10:12:04,1764209528951,,0,0.747,0.7483,-0.1737,0.0,0.9093,4.9108,0,0,0.747,1.001,0.747,91940100,0.746,108004800,0.745,98378800,0.744,57865600,0.743,46421100,0.748,71067600,0.749,151098200,0.75,153373200,0.751,90872500,0.752,58226200
sh513130,10:12:07,1764209529955,,0,0.747,0.749,-0.267,0.0,0.9093,4.3133,2021900,1512374,0.748,1.004,0.747,91960600,0.746,108332000,0.745,98379800,0.744,57865600,0.743,46421100,0.748,66681100,0.749,139032600,0.75,153440900,0.751,91077500,0.752,58226200
sh513130,10:12:07,1764209530958,,0,0.747,0.749,-0.267,0.0,0.9093,4.4369,0,0,0.747,1.002,0.747,91960600,0.746,108332000,0.745,98379800,0.744,57865600,0.743,46421100,0.748,66681100,0.749,139032600,0.75,153440900,0.751,91077500,0.752,58226200
sh513130,10:12:07,1764209531970,,0,0.747,0.749,-0.267,0.0,0.9093,3.0236,0,0,0.747,1.013,0.747,91960600,0.746,108332000,0.745,98379800,0.744,57865600,0.743,46421100,0.748,66681100,0.749,139032600,0.75,153440900,0.751,91077500,0.752,58226200
sh513130,10:12:10,1764209533040,,0,0.748,0.749,-0.1335,0.0,0.9093,3.0236,1031900,771841,0.748,1.069,0.747,100262900,0.746,99919700,0.745,98429800,0.744,57869200,0.743,46421100,0.748,59231800,0.749,139888000,0.75,146573500,0.751,100070600,0.752,58227700
sh513130,10:12:10,1764209533969,,0,0.748,0.749,-0.1335,0.0,0.9093,2.7695,0,0,0.748,0.929,0.747,100262900,0.746,99919700,0.745,98429800,0.744,57869200,0.743,46421100,0.748,59231800,0.749,139888000,0.75,146573500,0.751,100070600,0.752,58227700
sh513130,10:12:13,1764209534971,,0,0.748,0.749,-0.1335,0.0,0.9093,2.7111,740700,554030,0.748,1.002,0.747,92488700,0.746,107946700,0.745,98129400,0.744,57864200,0.743,46423900,0.748,61478000,0.749,151812100,0.75,154691400,0.751,92634300,0.752,58268000
sh513130,10:12:10,1764209535973,,0,0.748,0.749,-0.1335,0.0,0.9093,2.7111,-740700,-554030,0.748,1.002,0.747,100262900,0.746,99919700,0.745,98429800,0.744,57869200,0.743,46421100,0.748,59231800,0.749,139888000,0.75,146573500,0.751,100070600,0.752,58227700
sh513130,10:12:13,1764209536974,,0,0.748,0.749,-0.1335,0.0,0.9093,2.6231,740700,554030,0.748,1.0,0.747,92488700,0.746,107946700,0.745,98129400,0.744,57864200,0.743,46423900,0.748,61478000,0.749,151812100,0.75,154691400,0.751,92634300,0.752,58268000
sh513130,10:12:13,1764209537978,,0,0.748,0.749,-0.1335,0.0,0.9093,2.4977,0,0,0.748,1.005,0.747,92488700,0.746,107946700,0.745,98129400,0.744,57864200,0.743,46423900,0.748,61478000,0.749,151812100,0.75,154691400,0.751,92634300,0.752,58268000
sh513130,10:12:16,1764209538984,,0,0.747,0.749,-0.267,0.0,0.9093,3.1517,1095000,819020,0.748,1.006,0.747,92267200,0.746,108032600,0.745,98179400,0.744,57870900,0.743,46437500,0.748,70365800,0.749,151829100,0.75,156577500,0.751,87634300,0.752,58273000
sh513130,10:12:16,1764209539986,,0,0.747,0.749,-0.267,0.0,0.9093,2.6168,0,0,0.747,1.002,0.747,92267200,0.746,108032600,0.745,98179400,0.744,57870900,0.743,46437500,0.748,70365800,0.749,151829100,0.75,156577500,0.751,87634300,0.752,58273000
sh513130,10:12:19,1764209540985,,0,0.748,0.749,-0.1335,0.0,0.9093,2.6168,889900,665045,0.7473,0.999,0.747,90990800,0.746,107945700,0.745,99228400,0.744,57751500,0.743,46430800,0.748,98746000,0.749,143451500,0.75,141229500,0.751,87641600,0.752,58273000
sh513130,10:12:19,1764209541988,,0,0.748,0.749,-0.1335,0.0,0.9093,5.1857,0,0,0.748,1.003,0.747,90990800,0.746,107945700,0.745,99228400,0.744,57751500,0.743,46430800,0.748,98746000,0.749,143451500,0.75,141229500,0.751,87641600,0.752,58273000
sh513130,10:12:19,1764209542986,,0,0.748,0.749,-0.1335,0.0,0.9093,5.1857,0,0,0.748,0.998,0.747,90990800,0.746,107945700,0.745,99228400,0.744,57751500,0.743,46430800,0.748,98746000,0.749,143451500,0.75,141229500,0.751,87641600,0.752,58273000
sh513130,10:12:19,1764209543988,,0,0.748,0.749,-0.1335,0.0,0.9093,4.5673,0,0,0.748,1.002,0.747,90990800,0.746,107945700,0.745,99228400,0.744,57751500,0.743,46430800,0.748,98746000,0.749,143451500,0.75,141229500,0.751,87641600,0.752,58273000
sh513130,10:12:22,1764209544991,,0,0.748,0.749,-0.1335,0.0,0.9093,3.8667,88900,66431,0.7473,1.003,0.747,82828300,0.746,116345700,0.745,100218200,0.744,57741500,0.743,46420800,0.748,118672600,0.749,143426000,0.75,142185100,0.751,69267600,0.752,58843000
sh513130,10:12:22,1764209545999,,0,0.748,0.749,-0.1335,0.0,0.9093,3.3049,0,0,0.748,1.008,0.747,82828300,0.746,116345700,0.745,100218200,0.744,57741500,0.743,46420800,0.748,118672600,0.749,143426000,0.75,142185100,0.751,69267600,0.752,58843000
sh513130,10:12:22,1764209546999,,0,0.748,0.749,-0.1335,0.0,0.9093,3.3049,0,0,0.748,1.001,0.747,82828300,0.746,116345700,0.745,100218200,0.744,57741500,0.743,46420800,0.748,118672600,0.749,143426000,0.75,142185100,0.751,69267600,0.752,58843000
sh513130,10:12:25,1764209548000,,0,0.747,0.749,-0.267,0.0,0.9093,3.4148,280800,209998,0.7479,1.001,0.747,91279500,0.746,107961000,0.745,100351600,0.744,57741500,0.743,46420800,0.748,118250500,0.749,143068200,0.75,142114700,0.751,69257600,0.752,58804300
sh513130,10:12:25,1764209549001,,0,0.747,0.749,-0.267,0.0,0.9093,3.1249,0,0,0.747,1.001,0.747,91279500,0.746,107961000,0.745,100351600,0.744,57741500,0.743,46420800,0.748,118250500,0.749,143068200,0.75,142114700,0.751,69257600,0.752,58804300
sh513130,10:12:28,1764209550008,,0,0.747,0.749,-0.267,0.0,0.9093,3.8612,565800,422997,0.7476,1.007,0.747,93369700,0.746,107087900,0.745,100419600,0.744,57741500,0.743,46420800,0.748,117099500,0.749,143855900,0.75,143024500,0.751,70404800,0.752,59701500
sh513130,10:12:28,1764209551009,,0,0.747,0.749,-0.267,0.0,0.9093,3.8481,0,0,0.747,1.001,0.747,93369700,0.746,107087900,0.745,100419600,0.744,57741500,0.743,46420800,0.748,117099500,0.749,143855900,0.75,143024500,0.751,70404800,0.752,59701500
sh513130,10:12:28,1764209552010,,0,0.747,0.749,-0.267,0.0,0.9093,2.9206,0,0,0.747,1.001,0.747,93369700,0.746,107087900,0.745,100419600,0.744,57741500,0.743,46420800,0.748,117099500,0.749,143855900,0.75,143024500,0.751,70404800,0.752,59701500
sh513130,10:12:28,1764209553010,,0,0.747,0.749,-0.267,0.0,0.9093,2.9206,0,0,0.747,1.0,0.747,93369700,0.746,107087900,0.745,100419600,0.744,57741500,0.743,46420800,0.748,117099500,0.749,143855900,0.75,143024500,0.751,70404800,0.752,59701500
sh513130,10:12:31,1764209554018,,0,0.748,0.749,-0.1335,0.0,0.9093,1.6748,1431600,1070405,0.7477,1.008,0.747,89550900,0.746,108810600,0.745,100425200,0.744,57976100,0.743,46420800,0.748,118685600,0.749,144030100,0.75,143781600,0.751,68572500,0.752,60050600
sh513130,10:12:31,1764209555017,,0,0.748,0.749,-0.1335,0.0,0.9093,1.6748,0,0,0.748,0.999,0.747,89550900,0.746,108810600,0.745,100425200,0.744,57976100,0.743,46420800,0.748,118685600,0.749,144030100,0.75,143781600,0.751,68572500,0.752,60050600
sh513130,10:12:31,1764209556028,,0,0.748,0.749,-0.1335,0.0,0.9093,1.7671,0,0,0.748,1.012,0.747,89550900,0.746,108810600,0.745,100425200,0.744,57976100,0.743,46420800,0.748,118685600,0.749,144030100,0.75,143781600,0.751,68572500,0.752,60050600
sh513130,10:12:34,1764209557021,,0,0.747,0.749,-0.267,0.0,0.9093,1.7671,483900,361546,0.7472,0.992,0.747,98215900,0.746,100832600,0.745,100425200,0.744,57979700,0.743,46421300,0.748,119335100,0.749,144192500,0.75,135792600,0.751,76572500,0.752,60085800
sh513130,10:12:34,1764209558022,,0,0.747,0.749,-0.267,0.0,0.9093,2.8284,0,0,0.747,1.001,0.747,98215900,0.746,100832600,0.745,100425200,0.744,57979700,0.743,46421300,0.748,119335100,0.749,144192500,0.75,135792600,0.751,76572500,0.752,60085800
sh513130,10:12:34,1764209559231,,0,0.747,0.749,-0.267,0.0,0.9093,2.7414,0,0,0.747,1.209,0.747,98215900,0.746,100832600,0.745,100425200,0.744,57979700,0.743,46421300,0.748,119335100,0.749,144192500,0.75,135792600,0.751,76572500,0.752,60085800
sh513130,10:12:37,1764209560033,,0,0.747,0.7483,-0.1737,0.0,0.9093,2.4088,147100,109945,0.7474,0.802,0.747,100195800,0.746,100836100,0.745,99461600,0.744,57979700,0.743,46421300,0.748,118649700,0.749,143725900,0.75,136906400,0.751,76572500,0.752,60111800
sh513130,10:12:37,1764209561034,,0,0.747,0.7483,-0.1737,0.0,0.9093,2.879,0,0,0.747,1.001,0.747,100195800,0.746,100836100,0.745,99461600,0.744,57979700,0.743,46421300,0.748,118649700,0.749,143725900,0.75,136906400,0.751,76572500,0.752,60111800
sh513130,10:12:37,1764209562039,,0,0.747,0.7483,-0.1737,0.0,0.9093,2.3646,0,0,0.747,1.005,0.747,100195800,0.746,100836100,0.745,99461600,0.744,57979700,0.743,46421300,0.748,118649700,0.749,143725900,0.75,136906400,0.751,76572500,0.752,60111800
