symbol,tx_server_time,tx_local_time,bd_server_time,bd_local_time,price,iopv,premium_rate,index_price,fx_rate,sentiment,tick_vol,tick_amt,tick_vwap,interval_s,bp1,bv1,bp2,bv2,bp3,bv3,bp4,bv4,bp5,bv5,sp1,sv1,sp2,sv2,sp3,sv3,sp4,sv4,sp5,sv5,idx_delay_ms,fut_delay_ms,data_flags
sh513130,09:30:02,1765935004576,09:31:04,1765935004460,0.708,0.7094,-0.1973,5413.19,0.9045,5.486,0,0,0.708,0.0,0.707,10281200,0.706,26068500,0.705,33414200,0.704,22061600,0.703,22593700,0.708,7534500,0.709,16722700,0.710,32752200,0.711,33324100,0.712,23047000,115,0,1
sh513130,09:30:02,1765935005570,09:31:04,1765935005100,0.708,0.7094,-0.1973,5413.19,0.9045,3.7059,0,0,0.708,0.994,0.707,10281200,0.706,26068500,0.705,33414200,0.704,22061600,0.703,22593700,0.708,7534500,0.709,16722700,0.710,32752200,0.711,33324100,0.712,23047000,470,0,0
sh513130,09:30:05,1765935006568,09:31:04,1765935005100,0.708,0.7087,-0.0988,5413.19,0.9045,5.3691,7157800,5066561,0.7078,0.998,0.707,11166300,0.706,27678100,0.705,33595300,0.704,23086300,0.703,22676100,0.708,3137500,0.709,16584400,0.710,31728700,0.711,33652900,0.712,23758600,1468,0,0
sh513130,09:30:05,1765935007563,09:31:06,1765935007121,0.708,0.7087,-0.0988,5415.2,0.9045,3.6675,0,0,0.708,0.995,0.707,11166300,0.706,27678100,0.705,33595300,0.704,23086300,0.703,22676100,0.708,3137500,0.709,16584400,0.710,31728700,0.711,33652900,0.712,23758600,442,0,0
sh513130,09:30:05,1765935008566,09:31:06,1765935007121,0.708,0.7087,-0.0988,5415.2,0.9045,2.0294,0,0,0.708,1.003,0.707,11166300,0.706,27678100,0.705,33595300,0.704,23086300,0.703,22676100,0.708,3137500,0.709,16584400,0.710,31728700,0.711,33652900,0.712,23758600,1444,0,0
sh513130,09:30:05,1765935009572,09:31:06,1765935007121,0.708,0.7087,-0.0988,5415.2,0.9045,1.9899,0,0,0.708,1.006,0.707,11166300,0.706,27678100,0.705,33595300,0.704,23086300,0.703,22676100,0.708,3137500,0.709,16584400,0.710,31728700,0.711,33652900,0.712,23758600,2450,0,0
sh513130,09:30:08,1765935010587,09:31:08,1765935009926,0.709,0.7087,0.0423,5412.34,0.9045,3.3102,5047300,3573666,0.708,1.015,0.708,79600,0.707,14947800,0.706,27979400,0.705,33725700,0.704,24274800,0.709,19371900,0.710,32047600,0.711,34096000,0.712,24709100,0.713,25042400,661,0,0
sh513130,09:30:08,1765935011575,09:31:10,1765935011462,0.709,0.7087,0.0423,5411.9,0.9045,4.8356,0,0,0.709,0.988,0.708,79600,0.707,14947800,0.706,27979400,0.705,33725700,0.704,24274800,0.709,19371900,0.710,32047600,0.711,34096000,0.712,24709100,0.713,25042400,112,0,0
sh513130,09:30:08,1765935012590,09:31:12,1765935012422,0.709,0.7087,0.0423,5411.05,0.9045,4.3745,0,0,0.709,1.015,0.708,79600,0.707,14947800,0.706,27979400,0.705,33725700,0.704,24274800,0.709,19371900,0.710,32047600,0.711,34096000,0.712,24709100,0.713,25042400,167,0,0
sh513130,09:30:11,1765935013590,09:31:12,1765935012422,0.708,0.7094,-0.1973,5411.05,0.9045,4.4662,3519900,2492155,0.708,1.0,0.708,2523000,0.707,15643900,0.706,28040900,0.705,33757600,0.704,23470800,0.709,20318000,0.710,27769100,0.711,34735400,0.712,28030600,0.713,26513600,1168,0,0
sh513130,09:30:11,1765935014598,09:31:14,1765935014432,0.708,0.7094,-0.1973,5410.84,0.9045,3.3637,0,0,0.708,1.008,0.708,2523000,0.707,15643900,0.706,28040900,0.705,33757600,0.704,23470800,0.709,20318000,0.710,27769100,0.711,34735400,0.712,28030600,0.713,26513600,166,0,0
sh513130,09:30:14,1765935015605,09:31:14,1765935014432,0.708,0.7087,-0.0988,5410.84,0.9045,5.1439,2597200,1840989,0.7088,1.007,0.708,28341400,0.707,17584000,0.706,28881400,0.705,34920600,0.704,22719700,0.709,18371700,0.710,27537300,0.711,34940000,0.712,28151600,0.713,26565700,1173,0,0
sh513130,09:30:11,1765935016607,09:31:16,1765935016597,0.708,0.7094,-0.1973,5410.01,0.9045,4.3036,0,0,0.708,1.001,0.708,2523000,0.707,15643900,0.706,28040900,0.705,33757600,0.704,23470800,0.709,20318000,0.710,27769100,0.711,34735400,0.712,28030600,0.713,26513600,9,0,1
sh513130,09:30:14,1765935017607,09:31:16,1765935016632,0.708,0.7087,-0.0988,5410.01,0.9045,3.5204,2597200,1840989,0.7088,1.0,0.708,28341400,0.707,17584000,0.706,28881400,0.705,34920600,0.704,22719700,0.709,18371700,0.710,27537300,0.711,34940000,0.712,28151600,0.713,26565700,975,0,0
sh513130,09:30:14,1765935018611,09:31:18,1765935018495,0.708,0.7087,-0.0988,5409.18,0.9045,2.8473,0,0,0.708,1.003,0.708,28341400,0.707,17584000,0.706,28881400,0.705,34920600,0.704,22719700,0.709,18371700,0.710,27537300,0.711,34940000,0.712,28151600,0.713,26565700,115,0,0
sh513130,09:30:17,1765935019609,09:31:18,1765935018495,0.708,0.7087,-0.0988,5409.18,0.9045,2.4276,604300,428204,0.7086,0.998,0.708,36022100,0.707,17656600,0.706,27171600,0.705,32970100,0.704,22857600,0.709,18867700,0.710,18794700,0.711,28421700,0.712,26762900,0.713,33512100,1113,0,0
sh513130,09:30:17,1765935020620,09:31:20,1765935020446,0.708,0.7087,-0.0988,5407.58,0.9045,2.4139,0,0,0.708,1.011,0.708,36022100,0.707,17656600,0.706,27171600,0.705,32970100,0.704,22857600,0.709,18867700,0.710,18794700,0.711,28421700,0.712,26762900,0.713,33512100,173,0,0
sh513130,09:30:17,1765935021626,09:31:20,1765935020446,0.708,0.7087,-0.0988,5407.58,0.9045,2.6321,0,0,0.708,1.006,0.708,36022100,0.707,17656600,0.706,27171600,0.705,32970100,0.704,22857600,0.709,18867700,0.710,18794700,0.711,28421700,0.712,26762900,0.713,33512100,1179,0,0
sh513130,09:30:20,1765935022624,09:31:22,1765935022453,0.708,0.7094,-0.1973,5406.18,0.9045,2.6303,614300,435123,0.7083,0.998,0.708,16733400,0.707,18047900,0.706,27427500,0.705,34383900,0.704,25953300,0.709,19904600,0.710,19367200,0.711,26947400,0.712,30767900,0.713,37316800,171,0,0
sh513130,09:30:20,1765935023622,09:31:22,1765935022453,0.708,0.7094,-0.1973,5406.18,0.9045,2.0604,0,0,0.708,0.998,0.708,16733400,0.707,18047900,0.706,27427500,0.705,34383900,0.704,25953300,0.709,19904600,0.710,19367200,0.711,26947400,0.712,30767900,0.713,37316800,1168,0,0
sh513130,09:30:23,1765935024627,09:31:24,1765935024460,0.709,0.7094,-0.0564,5402.8,0.9045,3.5045,506600,358686,0.708,1.005,0.708,15632500,0.707,20382300,0.706,33781000,0.705,35032300,0.704,26687900,0.709,20362000,0.710,29721200,0.711,31922900,0.712,37230200,0.713,32277500,167,0,0
sh513130,09:30:23,1765935025623,09:31:24,1765935024460,0.709,0.7094,-0.0564,5402.8,0.9045,1.3903,0,0,0.709,0.996,0.708,15632500,0.707,20382300,0.706,33781000,0.705,35032300,0.704,26687900,0.709,20362000,0.710,29721200,0.711,31922900,0.712,37230200,0.713,32277500,1162,0,0
sh513130,09:30:23,1765935026628,09:31:26,1765935026504,0.709,0.7094,-0.0564,5402.78,0.9045,3.0265,0,0,0.709,1.005,0.708,15632500,0.707,20382300,0.706,33781000,0.705,35032300,0.704,26687900,0.709,20362000,0.710,29721200,0.711,31922900,0.712,37230200,0.713,32277500,123,0,0
sh513130,09:30:23,1765935027628,09:31:26,1765935026648,0.709,0.7094,-0.0564,5402.78,0.9045,2.4642,0,0,0.709,1.0,0.708,15632500,0.707,20382300,0.706,33781000,0.705,35032300,0.704,26687900,0.709,20362000,0.710,29721200,0.711,31922900,0.712,37230200,0.713,32277500,979,0,0
sh513130,09:30:26,1765935028622,09:31:28,1765935028473,0.709,0.7087,0.0423,5403.57,0.9045,2.13,1935900,1371032,0.7082,0.994,0.708,12080100,0.707,29367100,0.706,37176500,0.705,38401800,0.704,25021100,0.709,36785700,0.710,37429500,0.711,39735100,0.712,37814500,0.713,32902800,149,0,0
sh513130,09:30:26,1765935029625,09:31:28,1765935028784,0.709,0.7087,0.0423,5403.57,0.9045,2.285,0,0,0.709,1.002,0.708,12080100,0.707,29367100,0.706,37176500,0.705,38401800,0.704,25021100,0.709,36785700,0.710,37429500,0.711,39735100,0.712,37814500,0.713,32902800,840,0,0
sh513130,09:30:29,1765935030631,09:31:30,1765935030442,0.708,0.7087,-0.0988,5403.2,0.9045,2.0579,7510700,5321209,0.7085,1.006,0.708,4053900,0.707,13291100,0.706,37386500,0.705,38594100,0.704,24052100,0.709,27526300,0.710,37533400,0.711,39867000,0.712,38011800,0.713,33005000,188,0,0
sh513130,09:30:26,1765935031636,09:31:30,1765935030950,0.709,0.7087,0.0423,5403.2,0.9045,1.8854,0,0,0.709,1.005,0.708,12080100,0.707,29367100,0.706,37176500,0.705,38401800,0.704,25021100,0.709,36785700,0.710,37429500,0.711,39735100,0.712,37814500,0.713,32902800,686,0,1
sh513130,09:30:29,1765935032646,09:31:32,1765935032460,0.708,0.7087,-0.0988,5402.91,0.9045,3.2031,7510700,5321209,0.7085,1.01,0.708,4053900,0.707,13291100,0.706,37386500,0.705,38594100,0.704,24052100,0.709,27526300,0.710,37533400,0.711,39867000,0.712,38011800,0.713,33005000,185,0,0
sh513130,09:30:32,1765935033642,09:31:32,1765935033119,0.709,0.7087,0.0423,5402.91,0.9045,2.8429,1485100,1051985,0.7084,0.996,0.708,4138800,0.707,13936200,0.706,38145000,0.705,38609200,0.704,27064600,0.709,33480100,0.710,38536200,0.711,39867000,0.712,34850800,0.713,33103000,523,0,0
sh513130,09:30:32,1765935034631,09:31:34,1765935034459,0.709,0.7087,0.0423,5402.81,0.9045,3.6371,0,0,0.709,0.989,0.708,4138800,0.707,13936200,0.706,38145000,0.705,38609200,0.704,27064600,0.709,33480100,0.710,38536200,0.711,39867000,0.712,34850800,0.713,33103000,172,0,0
sh513130,09:30:32,1765935035632,09:31:34,1765935035288,0.709,0.7087,0.0423,5402.81,0.9045,3.2498,0,0,0.709,1.001,0.708,4138800,0.707,13936200,0.706,38145000,0.705,38609200,0.704,27064600,0.709,33480100,0.710,38536200,0.711,39867000,0.712,34850800,0.713,33103000,343,0,0
sh513130,09:30:32,1765935036622,09:31:36,1765935036484,0.709,0.7087,0.0423,5400.02,0.9045,2.8461,0,0,0.709,0.991,0.708,4138800,0.707,13936200,0.706,38145000,0.705,38609200,0.704,27064600,0.709,33480100,0.710,38536200,0.711,39867000,0.712,34850800,0.713,33103000,137,0,0
sh513130,09:30:35,1765935037629,09:31:36,1765935037456,0.708,0.7087,-0.0988,5400.02,0.9045,2.7863,4714800,3338111,0.708,1.007,0.707,23286500,0.706,52730500,0.705,52695900,0.704,27118000,0.703,26604200,0.708,6576300,0.709,41188200,0.710,49364000,0.711,39906900,0.712,36099700,173,0,0
sh513130,09:30:35,1765935038619,09:31:38,1765935038451,0.708,0.7087,-0.0988,5397.57,0.9045,2.7797,0,0,0.708,0.99,0.707,23286500,0.706,52730500,0.705,52695900,0.704,27118000,0.703,26604200,0.708,6576300,0.709,41188200,0.710,49364000,0.711,39906900,0.712,36099700,168,0,0
sh513130,09:30:35,1765935039642,09:31:38,1765935038451,0.708,0.7087,-0.0988,5397.57,0.9045,3.1263,0,0,0.708,1.023,0.707,23286500,0.706,52730500,0.705,52695900,0.704,27118000,0.703,26604200,0.708,6576300,0.709,41188200,0.710,49364000,0.711,39906900,0.712,36099700,1191,0,0
sh513130,09:30:38,1765935040637,09:31:40,1765935040442,0.708,0.7087,-0.0988,5398.04,0.9045,3.0086,3811200,2695727,0.7073,0.994,0.707,15082400,0.706,58142900,0.705,52952000,0.704,27150700,0.703,29523300,0.708,14659500,0.709,53512800,0.710,44098300,0.711,32992600,0.712,28121700,195,0,0
sh513130,09:30:38,1765935041647,09:31:40,1765935040442,0.708,0.7087,-0.0988,5398.04,0.9045,3.2054,0,0,0.708,1.011,0.707,15082400,0.706,58142900,0.705,52952000,0.704,27150700,0.703,29523300,0.708,14659500,0.709,53512800,0.710,44098300,0.711,32992600,0.712,28121700,1205,0,0
sh513130,09:30:38,1765935042648,09:31:42,1765935042522,0.708,0.7087,-0.0988,5397.96,0.9045,4.0051,0,0,0.708,1.001,0.707,15082400,0.706,58142900,0.705,52952000,0.704,27150700,0.703,29523300,0.708,14659500,0.709,53512800,0.710,44098300,0.711,32992600,0.712,28121700,126,0,0
sh513130,09:30:41,1765935043650,09:31:42,1765935042740,0.708,0.7074,0.0848,5397.96,0.9045,3.5782,3224700,2280484,0.7072,1.002,0.707,22104200,0.706,49737200,0.705,53002000,0.704,27150700,0.703,29625300,0.708,16954000,0.709,53947400,0.710,53042400,0.711,33018100,0.712,28127700,909,0,0
sh513130,09:30:41,1765935044658,09:31:42,1765935043964,0.708,0.7074,0.0848,5397.96,0.9045,6.1455,0,0,0.708,1.008,0.707,22104200,0.706,49737200,0.705,53002000,0.704,27150700,0.703,29625300,0.708,16954000,0.709,53947400,0.710,53042400,0.711,33018100,0.712,28127700,693,0,0
sh513130,09:30:44,1765935045662,09:31:44,1765935045397,0.708,0.7074,0.0848,5398.35,0.9045,6.0555,2086300,1477076,0.708,1.004,0.707,29450300,0.706,49706400,0.705,53002000,0.704,27150700,0.703,29625300,0.708,7837300,0.709,62314700,0.710,53052400,0.711,33018100,0.712,28202300,264,0,0
sh513130,09:30:44,1765935046651,09:31:44,1765935046125,0.708,0.7074,0.0848,5398.35,0.9045,6.581,0,0,0.708,0.989,0.707,29450300,0.706,49706400,0.705,53002000,0.704,27150700,0.703,29625300,0.708,7837300,0.709,62314700,0.710,53052400,0.711,33018100,0.712,28202300,525,0,0
sh513130,09:30:44,1765935047667,09:31:46,1765935046770,0.708,0.7074,0.0848,5398.98,0.9045,6.85,0,0,0.708,1.017,0.707,29450300,0.706,49706400,0.705,53002000,0.704,27150700,0.703,29625300,0.708,7837300,0.709,62314700,0.710,53052400,0.711,33018100,0.712,28202300,897,0,0
sh513130,09:30:44,1765935048675,09:31:48,1765935048466,0.708,0.7074,0.0848,5399.62,0.9045,5.9934,0,0,0.708,1.008,0.707,29450300,0.706,49706400,0.705,53002000,0.704,27150700,0.703,29625300,0.708,7837300,0.709,62314700,0.710,53052400,0.711,33018100,0.712,28202300,208,0,0
sh513130,09:30:47,1765935049669,09:31:48,1765935048466,0.708,0.7074,0.0848,5399.62,0.9045,6.024,2681500,1898463,0.708,0.994,0.707,30303600,0.706,49751700,0.705,53042000,0.704,27150700,0.703,29625200,0.708,15064600,0.709,54029600,0.710,53037100,0.711,33036100,0.712,28226800,1203,0,0
sh513130,09:30:47,1765935050677,09:31:50,1765935050457,0.708,0.7074,0.0848,5399.08,0.9045,7.1035,0,0,0.708,1.008,0.707,30303600,0.706,49751700,0.705,53042000,0.704,27150700,0.703,29625200,0.708,15064600,0.709,54029600,0.710,53037100,0.711,33036100,0.712,28226800,220,0,0
sh513130,09:30:50,1765935051666,09:31:50,1765935050457,0.708,0.7074,0.0848,5399.08,0.9045,7.0134,14506600,10270647,0.708,0.988,0.707,35611200,0.706,49752700,0.705,53152000,0.704,27150700,0.703,29625200,0.708,19589400,0.709,53315000,0.710,39934900,0.711,33036100,0.712,28231800,1208,0,0
sh513130,09:30:50,1765935052676,09:31:52,1765935052664,0.708,0.7074,0.0848,5399.47,0.9045,7.7701,0,0,0.708,1.01,0.707,35611200,0.706,49752700,0.705,53152000,0.704,27150700,0.703,29625200,0.708,19589400,0.709,53315000,0.710,39934900,0.711,33036100,0.712,28231800,11,0,0
sh513130,09:30:50,1765935053678,09:31:52,1765935052664,0.708,0.7074,0.0848,5399.47,0.9045,6.8566,0,0,0.708,1.003,0.707,35611200,0.706,49752700,0.705,53152000,0.704,27150700,0.703,29625200,0.708,19589400,0.709,53315000,0.710,39934900,0.711,33036100,0.712,28231800,1014,0,0
sh513130,09:30:50,1765935054668,09:31:52,1765935052664,0.708,0.7074,0.0848,5399.47,0.9045,6.1959,0,0,0.708,0.99,0.707,35611200,0.706,49752700,0.705,53152000,0.704,27150700,0.703,29625200,0.708,19589400,0.709,53315000,0.710,39934900,0.711,33036100,0.712,28231800,2004,0,0
sh513130,09:30:53,1765935055681,09:31:54,1765935054865,0.708,0.7074,0.0848,5396.24,0.9045,5.8193,776500,549705,0.7079,1.013,0.707,7339800,0.706,58167900,0.705,53173200,0.704,27150700,0.703,29669800,0.708,26440200,0.709,61675000,0.710,47073700,0.711,33036100,0.712,28241000,816,0,0
sh513130,09:30:53,1765935056683,09:31:56,1765935056541,0.708,0.7074,0.0848,5395.43,0.9045,4.6109,0,0,0.708,1.002,0.707,7339800,0.706,58167900,0.705,53173200,0.704,27150700,0.703,29669800,0.708,26440200,0.709,61675000,0.710,47073700,0.711,33036100,0.712,28241000,142,0,0
sh513130,09:30:56,1765935057687,09:31:56,1765935056962,0.707,0.708,-0.1412,5395.43,0.9045,4.1888,1279100,905578,0.708,1.004,0.707,7506200,0.706,59021000,0.705,53423200,0.704,27750100,0.703,29669800,0.708,27108000,0.709,61126700,0.710,47497900,0.711,33036100,0.712,28241000,725,0,0
sh513130,09:30:56,1765935058688,09:31:58,1765935058456,0.707,0.708,-0.1412,5396.92,0.9045,4.6582,0,0,0.707,1.001,0.707,7506200,0.706,59021000,0.705,53423200,0.704,27750100,0.703,29669800,0.708,27108000,0.709,61126700,0.710,47497900,0.711,33036100,0.712,28241000,231,0,0
sh513130,09:30:56,1765935059694,09:31:58,1765935059124,0.707,0.708,-0.1412,5396.92,0.9045,4.402,0,0,0.707,1.006,0.707,7506200,0.706,59021000,0.705,53423200,0.704,27750100,0.703,29669800,0.708,27108000,0.709,61126700,0.710,47497900,0.711,33036100,0.712,28241000,569,0,0
sh513130,09:30:59,1765935060689,09:32:00,1765935060470,0.708,0.7074,0.0848,5397.55,0.9045,3.2651,2269700,1604805,0.7071,0.996,0.707,42879400,0.706,60641000,0.705,63474200,0.704,27750100,0.703,29698300,0.708,27311300,0.709,60815000,0.710,47686500,0.711,33067900,0.712,29241000,218,0,0
sh513130,09:30:59,1765935061687,09:32:00,1765935061282,0.708,0.7074,0.0848,5397.55,0.9045,3.1475,0,0,0.708,0.998,0.707,42879400,0.706,60641000,0.705,63474200,0.704,27750100,0.703,29698300,0.708,27311300,0.709,60815000,0.710,47686500,0.711,33067900,0.712,29241000,405,0,0
sh513130,09:30:59,1765935062688,09:32:02,1765935062484,0.708,0.7074,0.0848,5396.4,0.9045,6.5965,0,0,0.708,1.001,0.707,42879400,0.706,60641000,0.705,63474200,0.704,27750100,0.703,29698300,0.708,27311300,0.709,60815000,0.710,47686500,0.711,33067900,0.712,29241000,204,0,0
sh513130,09:30:59,1765935063685,09:32:02,1765935063452,0.708,0.7074,0.0848,5396.4,0.9045,7.3104,0,0,0.708,0.997,0.707,42879400,0.706,60641000,0.705,63474200,0.704,27750100,0.703,29698300,0.708,27311300,0.709,60815000,0.710,47686500,0.711,33067900,0.712,29241000,231,0,0
sh513130,09:31:02,1765935064697,09:32:04,1765935064413,0.708,0.7074,0.0848,5396.7,0.9045,5.996,832600,589476,0.708,1.012,0.707,43968400,0.706,60661000,0.705,63504500,0.704,27751300,0.703,29698300,0.708,27425600,0.709,60704500,0.710,47824400,0.711,33067900,0.712,30261000,284,0,0
sh513130,09:31:02,1765935065698,09:32:04,1765935065638,0.708,0.7074,0.0848,5396.7,0.9045,6.4468,0,0,0.708,1.001,0.707,43968400,0.706,60661000,0.705,63504500,0.704,27751300,0.703,29698300,0.708,27425600,0.709,60704500,0.710,47824400,0.711,33067900,0.712,30261000,59,0,0
sh513130,09:31:02,1765935066710,09:32:06,1765935066493,0.708,0.7074,0.0848,5397.0,0.9045,5.6975,0,0,0.708,1.012,0.707,43968400,0.706,60661000,0.705,63504500,0.704,27751300,0.703,29698300,0.708,27425600,0.709,60704500,0.710,47824400,0.711,33067900,0.712,30261000,217,0,0
sh513130,09:31:05,1765935067710,09:32:06,1765935066493,0.708,0.708,0.0,5397.0,0.9045,5.09,263200,186295,0.7078,1.0,0.707,36157000,0.706,60680500,0.705,63511600,0.704,27751300,0.703,29698300,0.708,27806100,0.709,60570200,0.710,47699900,0.711,33067900,0.712,30983200,1217,0,0
sh513130,09:31:05,1765935068701,09:32:08,1765935068465,0.708,0.708,0.0,5400.19,0.9045,4.7363,0,0,0.708,0.99,0.707,36157000,0.706,60680500,0.705,63511600,0.704,27751300,0.703,29698300,0.708,27806100,0.709,60570200,0.710,47699900,0.711,33067900,0.712,30983200,235,0,0
sh513130,09:31:05,1765935069707,09:32:08,1765935068465,0.708,0.708,0.0,5400.19,0.9045,4.5835,0,0,0.708,1.006,0.707,36157000,0.706,60680500,0.705,63511600,0.704,27751300,0.703,29698300,0.708,27806100,0.709,60570200,0.710,47699900,0.711,33067900,0.712,30983200,1242,0,0
sh513130,09:31:08,1765935070698,09:32:10,1765935070418,0.708,0.708,0.0,5399.05,0.9045,4.5049,10921800,7732608,0.708,0.991,0.707,47769000,0.706,60831300,0.705,63526600,0.704,27752300,0.703,29700300,0.708,10865800,0.709,69565200,0.710,43908100,0.711,40062900,0.712,31140600,280,0,0
sh513130,09:31:08,1765935071711,09:32:10,1765935070418,0.708,0.708,0.0,5399.05,0.9045,4.1277,0,0,0.708,1.013,0.707,47769000,0.706,60831300,0.705,63526600,0.704,27752300,0.703,29700300,0.708,10865800,0.709,69565200,0.710,43908100,0.711,40062900,0.712,31140600,1293,0,0
sh513130,09:31:08,1765935072711,09:32:12,1765935072445,0.708,0.708,0.0,5398.84,0.9045,3.5061,0,0,0.708,1.0,0.707,47769000,0.706,60831300,0.705,63526600,0.704,27752300,0.703,29700300,0.708,10865800,0.709,69565200,0.710,43908100,0.711,40062900,0.712,31140600,265,0,0
sh513130,09:31:11,1765935073698,09:32:12,1765935072445,0.708,0.7073,0.099,5398.84,0.9045,4.5089,1001300,708686,0.7078,0.987,0.707,49161200,0.706,62833300,0.705,63781600,0.704,27842500,0.703,27700300,0.708,47386700,0.709,55991100,0.710,41999700,0.711,25246000,0.712,31140600,1252,0,0
sh513130,09:31:11,1765935074709,09:32:14,1765935074460,0.708,0.7073,0.099,5400.32,0.9045,3.7503,0,0,0.708,1.011,0.707,49161200,0.706,62833300,0.705,63781600,0.704,27842500,0.703,27700300,0.708,47386700,0.709,55991100,0.710,41999700,0.711,25246000,0.712,31140600,248,0,0
sh513130,09:31:11,1765935075706,09:32:14,1765935074460,0.708,0.7073,0.099,5400.32,0.9045,3.2601,0,0,0.708,0.997,0.707,49161200,0.706,62833300,0.705,63781600,0.704,27842500,0.703,27700300,0.708,47386700,0.709,55991100,0.710,41999700,0.711,25246000,0.712,31140600,1245,0,0
sh513130,09:31:14,1765935076711,09:32:16,1765935076497,0.708,0.7073,0.099,5400.29,0.9045,3.7944,10683900,7564187,0.708,1.006,0.708,16783300,0.707,50471600,0.706,63858300,0.705,63811600,0.704,27842500,0.709,65309800,0.710,52426000,0.711,39024700,0.712,31140600,0.713,33210400,214,0,0
sh513130,09:31:14,1765935077702,09:32:16,1765935076497,0.708,0.7073,0.099,5400.29,0.9045,3.502,0,0,0.708,0.99,0.708,16783300,0.707,50471600,0.706,63858300,0.705,63811600,0.704,27842500,0.709,65309800,0.710,52426000,0.711,39024700,0.712,31140600,0.713,33210400,1204,0,0
sh513130,09:31:14,1765935078686,09:32:16,1765935078674,0.708,0.7073,0.099,5400.29,0.9045,3.6774,0,0,0.708,0.985,0.708,16783300,0.707,50471600,0.706,63858300,0.705,63811600,0.704,27842500,0.709,65309800,0.710,52426000,0.711,39024700,0.712,31140600,0.713,33210400,12,0,0
sh513130,09:31:17,1765935079686,09:32:16,1765935078674,0.708,0.7073,0.099,5400.29,0.9045,4.2055,751100,531779,0.708,1.0,0.708,17810400,0.707,51261800,0.706,64187100,0.705,63798100,0.704,27842500,0.709,65607000,0.710,52553400,0.711,39024700,0.712,31140600,0.713,33210400,1012,0,0
sh513130,09:31:17,1765935080685,09:32:16,1765935078674,0.708,0.7073,0.099,5400.29,0.9045,4.1373,0,0,0.708,0.999,0.708,17810400,0.707,51261800,0.706,64187100,0.705,63798100,0.704,27842500,0.709,65607000,0.710,52553400,0.711,39024700,0.712,31140600,0.713,33210400,2011,0,0
sh513130,09:31:20,1765935081690,09:32:16,1765935080835,0.709,0.708,0.1412,5400.29,0.9045,5.1336,306700,217174,0.7081,1.005,0.708,4107400,0.707,52353300,0.706,64177400,0.705,63828100,0.704,27814600,0.709,65774600,0.710,52258400,0.711,39024700,0.712,31140600,0.713,33210400,854,0,0
sh513130,09:31:20,1765935082690,09:32:16,1765935080835,0.709,0.708,0.1412,5400.29,0.9045,4.487,0,0,0.709,1.0,0.708,4107400,0.707,52353300,0.706,64177400,0.705,63828100,0.704,27814600,0.709,65774600,0.710,52258400,0.711,39024700,0.712,31140600,0.713,33210400,1854,0,0
sh513130,09:31:20,1765935083686,09:32:16,1765935083004,0.709,0.708,0.1412,5400.29,0.9045,3.6974,0,0,0.709,0.996,0.708,4107400,0.707,52353300,0.706,64177400,0.705,63828100,0.704,27814600,0.709,65774600,0.710,52258400,0.711,39024700,0.712,31140600,0.713,33210400,681,0,0
sh513130,09:31:23,1765935084688,09:32:16,1765935083004,0.708,0.708,0.0,5400.29,0.9045,3.4531,996800,705759,0.708,1.002,0.708,3957600,0.707,53459300,0.706,64538300,0.705,63834100,0.704,27814600,0.709,66001600,0.710,52375900,0.711,39024700,0.712,31190600,0.713,33213400,1683,0,0
sh513130,09:31:23,1765935085687,09:32:16,1765935085165,0.708,0.708,0.0,5400.29,0.9045,3.8728,0,0,0.708,0.999,0.708,3957600,0.707,53459300,0.706,64538300,0.705,63834100,0.704,27814600,0.709,66001600,0.710,52375900,0.711,39024700,0.712,31190600,0.713,33213400,521,0,0
sh513130,09:31:23,1765935086691,09:32:16,1765935085165,0.708,0.708,0.0,5400.29,0.9045,5.6577,0,0,0.708,1.004,0.708,3957600,0.707,53459300,0.706,64538300,0.705,63834100,0.704,27814600,0.709,66001600,0.710,52375900,0.711,39024700,0.712,31190600,0.713,33213400,1525,0,0
sh513130,09:31:23,1765935087686,09:32:16,1765935087322,0.708,0.708,0.0,5400.29,0.9045,7.575,0,0,0.708,0.995,0.708,3957600,0.707,53459300,0.706,64538300,0.705,63834100,0.704,27814600,0.709,66001600,0.710,52375900,0.711,39024700,0.712,31190600,0.713,33213400,363,0,0
sh513130,09:31:26,1765935088681,09:32:16,1765935087322,0.708,0.708,0.0,5400.29,0.9045,6.7681,1123700,795634,0.708,0.994,0.708,26335100,0.707,46309900,0.706,64538300,0.705,49816100,0.704,27864600,0.709,68395500,0.710,52438100,0.711,39024700,0.712,31190600,0.713,33227700,1358,0,0
sh513130,09:31:26,1765935089670,09:32:16,1765935089486,0.708,0.708,0.0,5400.29,0.9045,6.2345,0,0,0.708,0.99,0.708,26335100,0.707,46309900,0.706,64538300,0.705,49816100,0.704,27864600,0.709,68395500,0.710,52438100,0.711,39024700,0.712,31190600,0.713,33227700,184,0,0
sh513130,09:31:29,1765935090677,09:32:16,1765935089486,0.709,0.708,0.1412,5400.29,0.9045,5.4423,171100,121279,0.7088,1.007,0.708,26647900,0.707,57577900,0.706,65528300,0.705,51084700,0.704,28164600,0.709,74155200,0.710,53432000,0.711,40014700,0.712,31290600,0.713,33186400,1191,0,0
sh513130,09:31:29,1765935091667,09:32:18,1765935091655,0.709,0.708,0.1412,5400.51,0.9045,6.0607,0,0,0.709,0.99,0.708,26647900,0.707,57577900,0.706,65528300,0.705,51084700,0.704,28164600,0.709,74155200,0.710,53432000,0.711,40014700,0.712,31290600,0.713,33186400,12,0,0
sh513130,09:31:29,1765935092680,09:32:20,1765935091680,0.709,0.708,0.1412,5400.73,0.9045,5.971,0,0,0.709,1.013,0.708,26647900,0.707,57577900,0.706,65528300,0.705,51084700,0.704,28164600,0.709,74155200,0.710,53432000,0.711,40014700,0.712,31290600,0.713,33186400,999,0,0
sh513130,09:31:29,1765935093686,09:32:22,1765935093208,0.709,0.708,0.1412,5399.97,0.9045,5.5039,0,0,0.709,1.006,0.708,26647900,0.707,57577900,0.706,65528300,0.705,51084700,0.704,28164600,0.709,74155200,0.710,53432000,0.711,40014700,0.712,31290600,0.713,33186400,478,0,0
sh513130,09:31:32,1765935094698,09:32:24,1765935093987,0.708,0.708,0.0,5400.59,0.9045,5.1281,40700,28846,0.7087,1.012,0.708,27113000,0.707,57760200,0.706,65596500,0.705,51105700,0.704,28164600,0.709,74653000,0.710,53573000,0.711,40035700,0.712,31087400,0.713,33186400,710,0,0
sh513130,09:31:32,1765935095714,09:32:28,1765935095665,0.708,0.708,0.0,5402.49,0.9045,4.3885,0,0,0.708,1.017,0.708,27113000,0.707,57760200,0.706,65596500,0.705,51105700,0.704,28164600,0.709,74653000,0.710,53573000,0.711,40035700,0.712,31087400,0.713,33186400,49,0,0
sh513130,09:31:32,1765935096715,09:32:32,1765935096714,0.708,0.708,0.0,5401.72,0.9045,3.8914,0,0,0.708,1.001,0.708,27113000,0.707,57760200,0.706,65596500,0.705,51105700,0.704,28164600,0.709,74653000,0.710,53573000,0.711,40035700,0.712,31087400,0.713,33186400,1,0,0
sh513130,09:31:35,1765935097725,09:32:34,1765935097366,0.709,0.708,0.1412,5402.49,0.9045,2.6406,329800,233767,0.7088,1.01,0.708,27430000,0.707,57750100,0.706,66192000,0.705,51065700,0.704,28164600,0.709,74958700,0.710,53374000,0.711,40035700,0.712,31189400,0.713,33186400,359,0,0
sh513130,09:31:35,1765935098715,09:32:36,1765935098356,0.709,0.708,0.1412,5400.97,0.9045,3.0887,0,0,0.709,0.99,0.708,27430000,0.707,57750100,0.706,66192000,0.705,51065700,0.704,28164600,0.709,74958700,0.710,53374000,0.711,40035700,0.712,31189400,0.713,33186400,359,0,0
sh513130,09:31:35,1765935099717,09:32:38,1765935099530,0.709,0.708,0.1412,5403.02,0.9045,3.0498,0,0,0.709,1.001,0.708,27430000,0.707,57750100,0.706,66192000,0.705,51065700,0.704,28164600,0.709,74958700,0.710,53374000,0.711,40035700,0.712,31189400,0.713,33186400,186,0,0
sh513130,09:31:35,1765935100773,09:32:40,1765935100439,0.709,0.708,0.1412,5401.7,0.9045,3.9746,0,0,0.709,1.057,0.708,27430000,0.707,57750100,0.706,66192000,0.705,51065700,0.704,28164600,0.709,74958700,0.710,53374000,0.711,40035700,0.712,31189400,0.713,33186400,334,0,0
sh513130,09:31:38,1765935101711,09:32:40,1765935100439,0.708,0.708,0.0,5401.7,0.9045,3.0623,207100,146647,0.7081,0.938,0.708,27587800,0.707,57720100,0.706,67089500,0.705,51467700,0.704,28165600,0.709,75466400,0.710,55131800,0.711,40035700,0.712,31189400,0.713,33186400,1272,0,0
sh513130,09:31:41,1765935102707,09:32:42,1765935102599,0.708,0.708,0.0,5400.39,0.9045,1.5989,8348900,5911325,0.708,0.996,0.707,57983100,0.706,67987000,0.705,51481200,0.704,28165600,0.703,26726200,0.708,8619900,0.709,67016100,0.710,55146800,0.711,40035700,0.712,31190300,107,0,0
sh513130,09:31:41,1765935103707,09:32:42,1765935102599,0.708,0.708,0.0,5400.39,0.9045,-0.1996,0,0,0.708,1.0,0.707,57983100,0.706,67987000,0.705,51481200,0.704,28165600,0.703,26726200,0.708,8619900,0.709,67016100,0.710,55146800,0.711,40035700,0.712,31190300,1107,0,0
sh513130,09:31:41,1765935104711,09:32:44,1765935104682,0.708,0.708,0.0,5397.38,0.9045,1.4868,0,0,0.708,1.005,0.707,57983100,0.706,67987000,0.705,51481200,0.704,28165600,0.703,26726200,0.708,8619900,0.709,67016100,0.710,55146800,0.711,40035700,0.712,31190300,29,0,0
sh513130,09:31:41,1765935105699,09:32:44,1765935104682,0.708,0.708,0.0,5397.38,0.9045,3.0854,0,0,0.708,0.987,0.707,57983100,0.706,67987000,0.705,51481200,0.704,28165600,0.703,26726200,0.708,8619900,0.709,67016100,0.710,55146800,0.711,40035700,0.712,31190300,1016,0,0
sh513130,09:31:44,1765935106707,09:32:46,1765935106493,0.708,0.708,0.0,5397.63,0.9045,5.9832,2786200,1972629,0.708,1.009,0.707,51801600,0.706,75756100,0.705,51488900,0.704,28186600,0.703,26674000,0.708,42502700,0.709,59284500,0.710,44586900,0.711,32045700,0.712,31190300,214,0,0
sh513130,09:31:44,1765935107699,09:32:46,1765935106853,0.708,0.708,0.0,5397.63,0.9045,6.2742,0,0,0.708,0.992,0.707,51801600,0.706,75756100,0.705,51488900,0.704,28186600,0.703,26674000,0.708,42502700,0.709,59284500,0.710,44586900,0.711,32045700,0.712,31190300,845,0,0
sh513130,09:31:47,1765935108699,09:32:48,1765935108417,0.708,0.708,0.0,5397.51,0.9045,5.8705,1254600,888252,0.708,0.999,0.707,59971400,0.706,68255600,0.705,51488900,0.704,29176600,0.703,26683800,0.708,42046400,0.709,59071900,0.710,44620700,0.711,31868500,0.712,31265800,281,0,0
sh513130,09:31:47,1765935109716,09:32:48,1765935109029,0.708,0.708,0.0,5397.51,0.9045,5.4705,0,0,0.708,1.017,0.707,59971400,0.706,68255600,0.705,51488900,0.704,29176600,0.703,26683800,0.708,42046400,0.709,59071900,0.710,44620700,0.711,31868500,0.712,31265800,686,0,0
sh513130,09:31:47,1765935110711,09:32:50,1765935110417,0.708,0.708,0.0,5397.33,0.9045,3.8478,0,0,0.708,0.995,0.707,59971400,0.706,68255600,0.705,51488900,0.704,29176600,0.703,26683800,0.708,42046400,0.709,59071900,0.710,44620700,0.711,31868500,0.712,31265800,294,0,0
sh513130,09:31:50,1765935111715,09:32:50,1765935111212,0.708,0.7074,0.0848,5397.33,0.9045,3.5786,1591500,1126782,0.708,1.004,0.707,60265400,0.706,69203100,0.705,51485100,0.704,29185100,0.703,26763800,0.708,27486300,0.709,59633400,0.710,44520700,0.711,38859100,0.712,31281800,502,0,0
sh513130,09:31:50,1765935112720,09:32:52,1765935112397,0.708,0.7074,0.0848,5397.58,0.9045,3.292,0,0,0.708,1.005,0.707,60265400,0.706,69203100,0.705,51485100,0.704,29185100,0.703,26763800,0.708,27486300,0.709,59633400,0.710,44520700,0.711,38859100,0.712,31281800,322,0,0
sh513130,09:31:50,1765935113737,09:32:52,1765935113372,0.708,0.7074,0.0848,5397.58,0.9045,4.4672,0,0,0.708,1.017,0.707,60265400,0.706,69203100,0.705,51485100,0.704,29185100,0.703,26763800,0.708,27486300,0.709,59633400,0.710,44520700,0.711,38859100,0.712,31281800,365,0,0
sh513130,09:31:50,1765935114725,09:32:54,1765935114441,0.708,0.7074,0.0848,5396.65,0.9045,3.8681,0,0,0.708,0.988,0.707,60265400,0.706,69203100,0.705,51485100,0.704,29185100,0.703,26763800,0.708,27486300,0.709,59633400,0.710,44520700,0.711,38859100,0.712,31281800,283,0,0
sh513130,09:31:53,1765935115725,09:32:54,1765935115537,0.708,0.7074,0.0848,5396.65,0.9045,3.5017,604600,428057,0.708,1.0,0.707,61299500,0.706,70147700,0.705,51672100,0.704,29205100,0.703,26763800,0.708,37964200,0.709,59810200,0.710,44574200,0.711,31869100,0.712,31306800,187,0,0
sh513130,09:31:53,1765935116717,09:32:56,1765935116450,0.708,0.7074,0.0848,5397.61,0.9045,4.072,0,0,0.708,0.991,0.707,61299500,0.706,70147700,0.705,51672100,0.704,29205100,0.703,26763800,0.708,37964200,0.709,59810200,0.710,44574200,0.711,31869100,0.712,31306800,266,0,0
sh513130,09:31:56,1765935117719,09:32:56,1765935117703,0.708,0.7074,0.0848,5397.61,0.9045,3.73,391900,277415,0.7079,1.002,0.707,62026500,0.706,71045200,0.705,51672100,0.704,29205100,0.703,26778300,0.708,43223700,0.709,59825100,0.710,44622200,0.711,25123100,0.712,31407400,16,0,0
sh513130,09:31:56,1765935118720,09:32:58,1765935118470,0.708,0.7074,0.0848,5396.86,0.9045,3.3221,0,0,0.708,1.001,0.707,62026500,0.706,71045200,0.705,51672100,0.704,29205100,0.703,26778300,0.708,43223700,0.709,59825100,0.710,44622200,0.711,25123100,0.712,31407400,249,0,0
sh513130,09:31:56,1765935119715,09:32:58,1765935118470,0.708,0.7074,0.0848,5396.86,0.9045,3.2149,0,0,0.708,0.996,0.707,62026500,0.706,71045200,0.705,51672100,0.704,29205100,0.703,26778300,0.708,43223700,0.709,59825100,0.710,44622200,0.711,25123100,0.712,31407400,1245,0,0
sh513130,09:31:56,1765935120726,09:33:00,1765935120460,0.708,0.7074,0.0848,5398.02,0.9045,5.2761,0,0,0.708,1.01,0.707,62026500,0.706,71045200,0.705,51672100,0.704,29205100,0.703,26778300,0.708,43223700,0.709,59825100,0.710,44622200,0.711,25123100,0.712,31407400,265,0,0
sh513130,09:31:59,1765935121715,09:33:00,1765935120460,0.708,0.7074,0.0848,5398.02,0.9045,6.125,257300,182168,0.708,0.99,0.707,62119200,0.706,72211100,0.705,51672100,0.704,29225100,0.703,26788300,0.708,37765000,0.709,59182400,0.710,44721000,0.711,32886900,0.712,31407400,1255,0,0
sh513130,09:31:59,1765935122723,09:33:02,1765935122457,0.708,0.7074,0.0848,5397.15,0.9045,6.8813,0,0,0.708,1.008,0.707,62119200,0.706,72211100,0.705,51672100,0.704,29225100,0.703,26788300,0.708,37765000,0.709,59182400,0.710,44721000,0.711,32886900,0.712,31407400,266,0,0
sh513130,09:32:02,1765935123722,09:33:02,1765935123267,0.708,0.7074,0.0848,5397.15,0.9045,6.7913,246100,174238,0.708,0.999,0.707,62246700,0.706,74114400,0.705,51692800,0.704,28210800,0.703,26795400,0.708,44786800,0.709,60600400,0.710,44400600,0.711,33157900,0.712,31313300,454,0,0
sh513130,09:31:59,1765935124729,09:33:04,1765935124430,0.708,0.7074,0.0848,5397.41,0.9045,3.9323,0,0,0.708,1.007,0.707,62119200,0.706,72211100,0.705,51672100,0.704,29225100,0.703,26788300,0.708,37765000,0.709,59182400,0.710,44721000,0.711,32886900,0.712,31407400,298,0,1
sh513130,09:32:02,1765935125739,09:33:04,1765935124430,0.708,0.7074,0.0848,5397.41,0.9045,3.4351,246100,174238,0.708,1.01,0.707,62246700,0.706,74114400,0.705,51692800,0.704,28210800,0.703,26795400,0.708,44786800,0.709,60600400,0.710,44400600,0.711,33157900,0.712,31313300,1308,0,0
sh513130,09:32:02,1765935126744,09:33:06,1765935126410,0.708,0.7074,0.0848,5398.99,0.9045,4.5186,0,0,0.708,1.005,0.707,62246700,0.706,74114400,0.705,51692800,0.704,28210800,0.703,26795400,0.708,44786800,0.709,60600400,0.710,44400600,0.711,33157900,0.712,31313300,333,0,0
sh513130,09:32:05,1765935127744,09:33:06,1765935126410,0.708,0.7074,0.0848,5398.99,0.9045,4.4936,326200,230950,0.708,1.0,0.707,62552400,0.706,74273200,0.705,51756600,0.704,28210800,0.703,26795400,0.708,6116600,0.709,70844400,0.710,61512200,0.711,40167900,0.712,31215900,1333,0,0
sh513130,09:32:05,1765935128755,09:33:08,1765935128542,0.708,0.7074,0.0848,5398.84,0.9045,4.1565,0,0,0.708,1.011,0.707,62552400,0.706,74273200,0.705,51756600,0.704,28210800,0.703,26795400,0.708,6116600,0.709,70844400,0.710,61512200,0.711,40167900,0.712,31215900,212,0,0
sh513130,09:32:05,1765935129750,09:33:08,1765935128542,0.708,0.7074,0.0848,5398.84,0.9045,3.051,0,0,0.708,0.995,0.707,62552400,0.706,74273200,0.705,51756600,0.704,28210800,0.703,26795400,0.708,6116600,0.709,70844400,0.710,61512200,0.711,40167900,0.712,31215900,1207,0,0
sh513130,09:32:08,1765935130752,09:33:10,1765935130704,0.708,0.7074,0.0848,5399.69,0.9045,3.9601,7704100,5454503,0.708,1.002,0.708,493300,0.707,63164300,0.706,74314100,0.705,51763600,0.704,28210800,0.709,72811000,0.710,61513200,0.711,40299200,0.712,31219900,0.713,33552500,48,0,0
sh513130,09:32:08,1765935131752,09:33:10,1765935130704,0.708,0.7074,0.0848,5399.69,0.9045,3.914,0,0,0.708,1.0,0.708,493300,0.707,63164300,0.706,74314100,0.705,51763600,0.704,28210800,0.709,72811000,0.710,61513200,0.711,40299200,0.712,31219900,0.713,33552500,1048,0,0
sh513130,09:32:08,1765935132752,09:33:12,1765935132435,0.708,0.7074,0.0848,5398.89,0.9045,2.4586,0,0,0.708,1.0,0.708,493300,0.707,63164300,0.706,74314100,0.705,51763600,0.704,28210800,0.709,72811000,0.710,61513200,0.711,40299200,0.712,31219900,0.713,33552500,316,0,0
sh513130,09:32:11,1765935133745,09:33:12,1765935132888,0.708,0.708,0.0,5398.89,0.9045,2.2175,821000,581265,0.708,0.993,0.707,63187100,0.706,74353500,0.705,51819800,0.704,28210800,0.703,26807400,0.708,2508000,0.709,72767000,0.710,61510200,0.711,40437000,0.712,31514000,857,0,0
sh513130,09:32:11,1765935134758,09:33:14,1765935134414,0.708,0.708,0.0,5399.34,0.9045,3.1645,0,0,0.708,1.013,0.707,63187100,0.706,74353500,0.705,51819800,0.704,28210800,0.703,26807400,0.708,2508000,0.709,72767000,0.710,61510200,0.711,40437000,0.712,31514000,344,0,0
sh513130,09:32:11,1765935135755,09:33:14,1765935135040,0.708,0.708,0.0,5399.34,0.9045,3.1054,0,0,0.708,0.997,0.707,63187100,0.706,74353500,0.705,51819800,0.704,28210800,0.703,26807400,0.708,2508000,0.709,72767000,0.710,61510200,0.711,40437000,0.712,31514000,715,0,0
sh513130,09:32:14,1765935136758,09:33:16,1765935136384,0.708,0.7074,0.0848,5397.96,0.9045,4.2105,5621900,3980263,0.708,1.003,0.707,63310900,0.706,74348300,0.705,51826800,0.704,28170800,0.703,26807400,0.708,18453000,0.709,64595800,0.710,61555200,0.711,40437000,0.712,31573000,374,0,0
sh513130,09:32:14,1765935137760,09:33:16,1765935137222,0.708,0.7074,0.0848,5397.96,0.9045,4.0148,0,0,0.708,1.002,0.707,63310900,0.706,74348300,0.705,51826800,0.704,28170800,0.703,26807400,0.708,18453000,0.709,64595800,0.710,61555200,0.711,40437000,0.712,31573000,537,0,0
sh513130,09:32:17,1765935138753,09:33:18,1765935138418,0.708,0.7074,0.0848,5398.97,0.9045,3.1508,3605200,2552391,0.708,0.993,0.707,63385200,0.706,74372700,0.705,51860800,0.704,28172400,0.703,26807400,0.708,712700,0.709,73322300,0.710,61490600,0.711,40403200,0.712,31573000,335,0,0
sh513130,09:32:17,1765935139755,09:33:18,1765935139384,0.708,0.7074,0.0848,5398.97,0.9045,1.8153,0,0,0.708,1.002,0.707,63385200,0.706,74372700,0.705,51860800,0.704,28172400,0.703,26807400,0.708,712700,0.709,73322300,0.710,61490600,0.711,40403200,0.712,31573000,371,0,0
sh513130,09:32:17,1765935140757,09:33:20,1765935140477,0.708,0.7074,0.0848,5398.26,0.9045,3.7471,0,0,0.708,1.002,0.707,63385200,0.706,74372700,0.705,51860800,0.704,28172400,0.703,26807400,0.708,712700,0.709,73322300,0.710,61490600,0.711,40403200,0.712,31573000,280,0,0
sh513130,09:32:17,1765935141749,09:33:20,1765935141555,0.708,0.7074,0.0848,5398.26,0.9045,4.7547,0,0,0.708,0.992,0.707,63385200,0.706,74372700,0.705,51860800,0.704,28172400,0.703,26807400,0.708,712700,0.709,73322300,0.710,61490600,0.711,40403200,0.712,31573000,194,0,0
sh513130,09:32:20,1765935142743,09:33:22,1765935142438,0.708,0.708,0.0,5398.76,0.9045,4.7547,1437700,1017893,0.708,0.994,0.708,21874200,0.707,63245800,0.706,74352700,0.705,51871500,0.704,28172400,0.709,72062400,0.710,61602100,0.711,40481700,0.712,31642000,0.713,33579500,304,0,0
sh513130,09:32:20,1765935143737,09:33:22,1765935143736,0.708,0.708,0.0,5398.76,0.9045,4.1133,0,0,0.708,0.994,0.708,21874200,0.707,63245800,0.706,74352700,0.705,51871500,0.704,28172400,0.709,72062400,0.710,61602100,0.711,40481700,0.712,31642000,0.713,33579500,1,0,0
sh513130,09:32:20,1765935144745,09:33:24,1765935144461,0.708,0.708,0.0,5398.91,0.9045,3.8616,0,0,0.708,1.009,0.708,21874200,0.707,63245800,0.706,74352700,0.705,51871500,0.704,28172400,0.709,72062400,0.710,61602100,0.711,40481700,0.712,31642000,0.713,33579500,284,0,0
sh513130,09:32:23,1765935145782,09:33:24,1765935144461,0.708,0.708,0.0,5398.91,0.9045,3.6088,265500,187974,0.708,1.037,0.708,26554900,0.707,63192800,0.706,74402700,0.705,51872200,0.704,28172700,0.709,72442900,0.710,61672100,0.711,40481700,0.712,31642000,0.713,33585500,1320,0,0
sh513130,09:32:23,1765935146743,09:33:26,1765935146414,0.708,0.708,0.0,5398.13,0.9045,4.0112,0,0,0.708,0.961,0.708,26554900,0.707,63192800,0.706,74402700,0.705,51872200,0.704,28172700,0.709,72442900,0.710,61672100,0.711,40481700,0.712,31642000,0.713,33585500,328,0,0
sh513130,09:32:26,1765935147740,09:33:26,1765935146414,0.708,0.7074,0.0848,5398.13,0.9045,3.0962,2805800,1986329,0.7079,0.997,0.707,62620900,0.706,74413700,0.705,51872200,0.704,28172700,0.703,26814800,0.708,45504300,0.709,61846600,0.710,44593800,0.711,33483700,0.712,31642000,1325,0,0
sh513130,09:32:26,1765935148735,09:33:28,1765935148384,0.708,0.7074,0.0848,5396.24,0.9045,0.465,0,0,0.708,0.995,0.707,62620900,0.706,74413700,0.705,51872200,0.704,28172700,0.703,26814800,0.708,45504300,0.709,61846600,0.710,44593800,0.711,33483700,0.712,31642000,351,0,0
sh513130,09:32:26,1765935149728,09:33:28,1765935148384,0.708,0.7074,0.0848,5396.24,0.9045,1.1949,0,0,0.708,0.993,0.707,62620900,0.706,74413700,0.705,51872200,0.704,28172700,0.703,26814800,0.708,45504300,0.709,61846600,0.710,44593800,0.711,33483700,0.712,31642000,1344,0,0
sh513130,09:32:29,1765935150735,09:33:30,1765935150464,0.708,0.7074,0.0848,5396.66,0.9045,1.1342,247800,175443,0.708,1.007,0.707,62643800,0.706,74443700,0.705,51872600,0.704,28179800,0.703,26874800,0.708,49701600,0.709,63245500,0.710,44593800,0.711,29050900,0.712,31690200,271,0,0
sh513130,09:32:29,1765935151713,09:33:30,1765935150464,0.708,0.7074,0.0848,5396.66,0.9045,1.3872,0,0,0.708,0.978,0.707,62643800,0.706,74443700,0.705,51872600,0.704,28179800,0.703,26874800,0.708,49701600,0.709,63245500,0.710,44593800,0.711,29050900,0.712,31690200,1249,0,0
sh513130,09:32:29,1765935152719,09:33:32,1765935152432,0.708,0.7074,0.0848,5396.5,0.9045,2.5413,0,0,0.708,1.006,0.707,62643800,0.706,74443700,0.705,51872600,0.704,28179800,0.703,26874800,0.708,49701600,0.709,63245500,0.710,44593800,0.711,29050900,0.712,31690200,286,0,0
sh513130,09:32:29,1765935153709,09:33:32,1765935152432,0.708,0.7074,0.0848,5396.5,0.9045,1.1984,0,0,0.708,0.99,0.707,62643800,0.706,74443700,0.705,51872600,0.704,28179800,0.703,26874800,0.708,49701600,0.709,63245500,0.710,44593800,0.711,29050900,0.712,31690200,1276,0,0
sh513130,09:32:32,1765935154705,09:33:34,1765935154570,0.708,0.7074,0.0848,5394.99,0.9045,2.7098,197200,139617,0.708,0.996,0.707,62737900,0.706,74500800,0.705,51872600,0.704,28196800,0.703,26874800,0.708,50438000,0.709,63075400,0.710,44593800,0.711,29114900,0.712,31690200,134,0,0
sh513130,09:32:32,1765935155699,09:33:34,1765935154570,0.708,0.7074,0.0848,5394.99,0.9045,3.2284,0,0,0.708,0.994,0.707,62737900,0.706,74500800,0.705,51872600,0.704,28196800,0.703,26874800,0.708,50438000,0.709,63075400,0.710,44593800,0.711,29114900,0.712,31690200,1129,0,0
sh513130,09:32:32,1765935156701,09:33:36,1765935156415,0.708,0.7074,0.0848,5394.45,0.9045,4.1779,0,0,0.708,1.002,0.707,62737900,0.706,74500800,0.705,51872600,0.704,28196800,0.703,26874800,0.708,50438000,0.709,63075400,0.710,44593800,0.711,29114900,0.712,31690200,285,0,0
sh513130,09:32:35,1765935157704,09:33:36,1765935156747,0.708,0.7074,0.0848,5394.45,0.9045,2.1518,1218300,862536,0.708,1.002,0.707,38459300,0.706,81910800,0.705,52790600,0.704,42170100,0.703,26874800,0.708,52025800,0.709,63283000,0.710,43603800,0.711,26630900,0.712,31690200,956,0,0
sh513130,09:32:35,1765935158702,09:33:38,1765935158443,0.708,0.7074,0.0848,5392.93,0.9045,2.4781,0,0,0.708,0.999,0.707,38459300,0.706,81910800,0.705,52790600,0.704,42170100,0.703,26874800,0.708,52025800,0.709,63283000,0.710,43603800,0.711,26630900,0.712,31690200,259,0,0
sh513130,09:32:38,1765935159711,09:33:38,1765935158906,0.707,0.7074,-0.0565,5392.93,0.9045,3.2208,455600,322468,0.7078,1.009,0.707,38087000,0.706,78910800,0.705,53690400,0.704,42178100,0.703,29892700,0.708,57968700,0.709,64164500,0.710,43614300,0.711,26630900,0.712,31709200,804,0,0
sh513130,09:32:38,1765935160706,09:33:40,1765935160421,0.707,0.7074,-0.0565,5392.95,0.9045,3.6928,0,0,0.707,0.995,0.707,38087000,0.706,78910800,0.705,53690400,0.704,42178100,0.703,29892700,0.708,57968700,0.709,64164500,0.710,43614300,0.711,26630900,0.712,31709200,285,0,0
sh513130,09:32:38,1765935161701,09:33:40,1765935161091,0.707,0.7074,-0.0565,5392.95,0.9045,3.4247,0,0,0.707,0.995,0.707,38087000,0.706,78910800,0.705,53690400,0.704,42178100,0.703,29892700,0.708,57968700,0.709,64164500,0.710,43614300,0.711,26630900,0.712,31709200,610,0,0
sh513130,09:32:38,1765935162693,09:33:42,1765935162420,0.707,0.7074,-0.0565,5393.19,0.9045,6.1912,0,0,0.707,0.991,0.707,38087000,0.706,78910800,0.705,53690400,0.704,42178100,0.703,29892700,0.708,57968700,0.709,64164500,0.710,43614300,0.711,26630900,0.712,31709200,272,0,0
sh513130,09:32:41,1765935163695,09:33:42,1765935163262,0.708,0.7074,0.0848,5393.19,0.9045,5.5589,142000,100461,0.7075,1.002,0.707,37971600,0.706,78920800,0.705,54589200,0.704,42178100,0.703,30192700,0.708,58367500,0.709,64087600,0.710,43664300,0.711,26680900,0.712,31709200,432,0,0
sh513130,09:32:41,1765935164682,09:33:44,1765935164478,0.708,0.7074,0.0848,5392.98,0.9045,5.5589,0,0,0.708,0.987,0.707,37971600,0.706,78920800,0.705,54589200,0.704,42178100,0.703,30192700,0.708,58367500,0.709,64087600,0.710,43664300,0.711,26680900,0.712,31709200,203,0,0
sh513130,09:32:41,1765935165687,09:33:44,1765935165452,0.708,0.7074,0.0848,5392.98,0.9045,3.0712,0,0,0.708,1.006,0.707,37971600,0.706,78920800,0.705,54589200,0.704,42178100,0.703,30192700,0.708,58367500,0.709,64087600,0.710,43664300,0.711,26680900,0.712,31709200,235,0,0
sh513130,09:32:44,1765935166680,09:33:46,1765935166405,0.707,0.7067,0.0425,5392.87,0.9045,4.0921,274300,193991,0.7072,0.993,0.707,38599600,0.706,78954100,0.705,55488000,0.704,42188100,0.703,30205700,0.708,58678400,0.709,63797200,0.710,43722200,0.711,26680900,0.712,31739200,275,0,0
sh513130,09:32:44,1765935167680,09:33:46,1765935167612,0.707,0.7067,0.0425,5392.87,0.9045,3.1167,0,0,0.707,1.0,0.707,38599600,0.706,78954100,0.705,55488000,0.704,42188100,0.703,30205700,0.708,58678400,0.709,63797200,0.710,43722200,0.711,26680900,0.712,31739200,67,0,0
sh513130,09:32:47,1765935168675,09:33:48,1765935168417,0.707,0.7067,0.0425,5392.84,0.9045,2.3518,40700,28801,0.7076,0.995,0.707,50081500,0.706,79961100,0.705,56102500,0.704,32188100,0.703,30205700,0.708,61621500,0.709,64861000,0.710,43742300,0.711,26928700,0.712,31749200,257,0,0
sh513130,09:32:47,1765935169680,09:33:48,1765935168417,0.707,0.7067,0.0425,5392.84,0.9045,2.3065,0,0,0.707,1.006,0.707,50081500,0.706,79961100,0.705,56102500,0.704,32188100,0.703,30205700,0.708,61621500,0.709,64861000,0.710,43742300,0.711,26928700,0.712,31749200,1263,0,0
sh513130,09:32:47,1765935170680,09:33:50,1765935170452,0.707,0.7067,0.0425,5394.52,0.9045,4.2192,0,0,0.707,1.0,0.707,50081500,0.706,79961100,0.705,56102500,0.704,32188100,0.703,30205700,0.708,61621500,0.709,64861000,0.710,43742300,0.711,26928700,0.712,31749200,228,0,0
sh513130,09:32:50,1765935171681,09:33:50,1765935170452,0.707,0.7067,0.0425,5394.52,0.9045,3.5198,2191900,1551104,0.7077,1.001,0.707,57841200,0.706,76243100,0.705,51609500,0.704,31198800,0.703,27287500,0.708,53495900,0.709,64875500,0.710,43619900,0.711,32160300,0.712,31830200,1229,0,0
sh513130,09:32:50,1765935172686,09:33:52,1765935172399,0.707,0.7067,0.0425,5393.7,0.9045,2.7249,0,0,0.707,1.005,0.707,57841200,0.706,76243100,0.705,51609500,0.704,31198800,0.703,27287500,0.708,53495900,0.709,64875500,0.710,43619900,0.711,32160300,0.712,31830200,287,0,0
sh513130,09:32:50,1765935173681,09:33:52,1765935172399,0.707,0.7067,0.0425,5393.7,0.9045,4.7417,0,0,0.707,0.995,0.707,57841200,0.706,76243100,0.705,51609500,0.704,31198800,0.703,27287500,0.708,53495900,0.709,64875500,0.710,43619900,0.711,32160300,0.712,31830200,1282,0,0
sh513130,09:32:50,1765935174674,09:33:54,1765935174464,0.707,0.7067,0.0425,5395.47,0.9045,4.6614,0,0,0.707,0.993,0.707,57841200,0.706,76243100,0.705,51609500,0.704,31198800,0.703,27287500,0.708,53495900,0.709,64875500,0.710,43619900,0.711,32160300,0.712,31830200,210,0,0
sh513130,09:32:53,1765935175674,09:33:54,1765935174464,0.708,0.7067,0.184,5395.47,0.9045,4.4595,325400,230306,0.7078,1.0,0.707,58080100,0.706,76360600,0.705,51609500,0.704,31197300,0.703,27342500,0.708,16293800,0.709,74302400,0.710,61618100,0.711,39160300,0.712,31396600,1210,0,0
sh513130,09:32:53,1765935176674,09:33:56,1765935176423,0.708,0.7067,0.184,5395.67,0.9045,5.7526,0,0,0.708,1.0,0.707,58080100,0.706,76360600,0.705,51609500,0.704,31197300,0.703,27342500,0.708,16293800,0.709,74302400,0.710,61618100,0.711,39160300,0.712,31396600,250,0,0
sh513130,09:32:56,1765935177680,09:33:56,1765935176423,0.707,0.7074,-0.0565,5395.67,0.9045,4.8973,454700,321632,0.7073,1.006,0.707,59996400,0.706,76460600,0.705,51643100,0.704,31197300,0.703,27349300,0.708,16518400,0.709,74336900,0.710,62703100,0.711,39160300,0.712,31386700,1256,0,0
sh513130,09:32:56,1765935178670,09:33:58,1765935178604,0.707,0.7074,-0.0565,5395.94,0.9045,4.8895,0,0,0.707,0.99,0.707,59996400,0.706,76460600,0.705,51643100,0.704,31197300,0.703,27349300,0.708,16518400,0.709,74336900,0.710,62703100,0.711,39160300,0.712,31386700,65,0,0
sh513130,09:32:56,1765935179663,09:33:58,1765935178604,0.707,0.7074,-0.0565,5395.94,0.9045,4.6498,0,0,0.707,0.993,0.707,59996400,0.706,76460600,0.705,51643100,0.704,31197300,0.703,27349300,0.708,16518400,0.709,74336900,0.710,62703100,0.711,39160300,0.712,31386700,1057,0,0
sh513130,09:32:56,1765935180665,09:34:00,1765935180430,0.707,0.7074,-0.0565,5396.35,0.9045,4.4129,0,0,0.707,1.002,0.707,59996400,0.706,76460600,0.705,51643100,0.704,31197300,0.703,27349300,0.708,16518400,0.709,74336900,0.710,62703100,0.711,39160300,0.712,31386700,235,0,0
sh513130,09:32:56,1765935181665,09:34:00,1765935180685,0.707,0.7074,-0.0565,5396.35,0.9045,4.3069,0,0,0.707,1.0,0.707,59996400,0.706,76460600,0.705,51643100,0.704,31197300,0.703,27349300,0.708,16518400,0.709,74336900,0.710,62703100,0.711,39160300,0.712,31386700,980,0,0
sh513130,09:32:59,1765935182657,09:34:02,1765935182400,0.708,0.7074,0.0848,5396.17,0.9045,3.2688,380700,269235,0.7072,0.992,0.707,61567000,0.706,76477900,0.705,51699700,0.704,31202200,0.703,27349300,0.708,48110700,0.709,65016800,0.710,44765900,0.711,39131400,0.712,31386700,256,0,0
sh513130,09:32:59,1765935183654,09:34:02,1765935183258,0.708,0.7074,0.0848,5396.17,0.9045,2.9321,0,0,0.708,0.997,0.707,61567000,0.706,76477900,0.705,51699700,0.704,31202200,0.703,27349300,0.708,48110700,0.709,65016800,0.710,44765900,0.711,39131400,0.712,31386700,396,0,0
sh513130,09:33:02,1765935184655,09:34:04,1765935184411,0.708,0.7074,0.0848,5396.36,0.9045,2.7904,11900,8425,0.708,1.001,0.707,62598500,0.706,78588500,0.705,53696700,0.704,31202200,0.703,27350800,0.708,27601500,0.709,67559300,0.710,46749400,0.711,41636400,0.712,31674200,244,0,0
sh513130,09:33:02,1765935185644,09:34:04,1765935185003,0.708,0.7074,0.0848,5396.36,0.9045,3.1495,0,0,0.708,0.989,0.707,62598500,0.706,78588500,0.705,53696700,0.704,31202200,0.703,27350800,0.708,27601500,0.709,67559300,0.710,46749400,0.711,41636400,0.712,31674200,641,0,0
sh513130,09:33:02,1765935186636,09:34:06,1765935186452,0.708,0.7074,0.0848,5397.16,0.9045,3.634,0,0,0.708,0.992,0.707,62598500,0.706,78588500,0.705,53696700,0.704,31202200,0.703,27350800,0.708,27601500,0.709,67559300,0.710,46749400,0.711,41636400,0.712,31674200,184,0,0
sh513130,09:33:05,1765935187726,09:34:06,1765935187186,0.707,0.7074,-0.0565,5397.16,0.9045,3.7488,119400,84480,0.7075,1.09,0.707,63610700,0.706,78591600,0.705,53696700,0.704,31232200,0.703,27347800,0.708,45793900,0.709,75503600,0.710,45759400,0.711,34636400,0.712,31681400,540,0,0
sh513130,09:33:05,1765935188629,09:34:08,1765935188477,0.707,0.7074,-0.0565,5396.29,0.9045,3.6808,0,0,0.707,0.903,0.707,63610700,0.706,78591600,0.705,53696700,0.704,31232200,0.703,27347800,0.708,45793900,0.709,75503600,0.710,45759400,0.711,34636400,0.712,31681400,152,0,0
sh513130,09:33:05,1765935189619,09:34:08,1765935189352,0.707,0.7074,-0.0565,5396.29,0.9045,3.6808,0,0,0.707,0.99,0.707,63610700,0.706,78591600,0.705,53696700,0.704,31232200,0.703,27347800,0.708,45793900,0.709,75503600,0.710,45759400,0.711,34636400,0.712,31681400,266,0,0
sh513130,09:33:08,1765935190620,09:34:10,1765935190497,0.708,0.7074,0.0848,5395.27,0.9045,4.736,186700,132183,0.708,1.001,0.707,65728200,0.706,78591600,0.705,53697200,0.704,31232200,0.703,27347800,0.708,66807000,0.709,66733100,0.710,44715100,0.711,27795900,0.712,31657900,123,0,0
sh513130,09:33:08,1765935191614,09:34:10,1765935191533,0.708,0.7074,0.0848,5395.27,0.9045,4.878,0,0,0.708,0.994,0.707,65728200,0.706,78591600,0.705,53697200,0.704,31232200,0.703,27347800,0.708,66807000,0.709,66733100,0.710,44715100,0.711,27795900,0.712,31657900,80,0,0
sh513130,09:33:11,1765935192607,09:34:12,1765935192422,0.707,0.7074,-0.0565,5393.67,0.9045,4.878,49700,35154,0.7073,0.994,0.707,41174400,0.706,84029600,0.705,53697500,0.704,44202200,0.703,27348800,0.708,69662300,0.709,66940700,0.710,43710200,0.711,26795900,0.712,31657900,184,0,0
sh513130,09:33:11,1765935193618,09:34:12,1765935192422,0.707,0.7074,-0.0565,5393.67,0.9045,4.0046,0,0,0.707,1.011,0.707,41174400,0.706,84029600,0.705,53697500,0.704,44202200,0.703,27348800,0.708,69662300,0.709,66940700,0.710,43710200,0.711,26795900,0.712,31657900,1195,0,0
sh513130,09:33:11,1765935194612,09:34:14,1765935194482,0.707,0.7074,-0.0565,5393.15,0.9045,3.3968,0,0,0.707,0.994,0.707,41174400,0.706,84029600,0.705,53697500,0.704,44202200,0.703,27348800,0.708,69662300,0.709,66940700,0.710,43710200,0.711,26795900,0.712,31657900,129,0,0
sh513130,09:33:11,1765935195613,09:34:14,1765935194482,0.707,0.7074,-0.0565,5393.15,0.9045,3.3415,0,0,0.707,1.001,0.707,41174400,0.706,84029600,0.705,53697500,0.704,44202200,0.703,27348800,0.708,69662300,0.709,66940700,0.710,43710200,0.711,26795900,0.712,31657900,1130,0,0
sh513130,09:33:14,1765935196615,09:34:16,1765935196407,0.707,0.7074,-0.0565,5392.08,0.9045,2.7826,13300,9410,0.7075,1.003,0.707,41449500,0.706,84695100,0.705,55019400,0.704,44204200,0.703,27351800,0.708,70107500,0.709,67026900,0.710,44120200,0.711,25806900,0.712,31958500,208,0,0
sh513130,09:33:14,1765935197616,09:34:16,1765935196407,0.707,0.7074,-0.0565,5392.08,0.9045,3.0356,0,0,0.707,1.001,0.707,41449500,0.706,84695100,0.705,55019400,0.704,44204200,0.703,27351800,0.708,70107500,0.709,67026900,0.710,44120200,0.711,25806900,0.712,31958500,1209,0,0
sh513130,09:33:14,1765935198608,09:34:18,1765935198452,0.707,0.7074,-0.0565,5392.09,0.9045,3.0514,0,0,0.707,0.992,0.707,41449500,0.706,84695100,0.705,55019400,0.704,44204200,0.703,27351800,0.708,70107500,0.709,67026900,0.710,44120200,0.711,25806900,0.712,31958500,156,0,0
sh513130,09:33:14,1765935199594,09:34:18,1765935198452,0.707,0.7074,-0.0565,5392.09,0.9045,4.5598,0,0,0.707,0.986,0.707,41449500,0.706,84695100,0.705,55019400,0.704,44204200,0.703,27351800,0.708,70107500,0.709,67026900,0.710,44120200,0.711,25806900,0.712,31958500,1141,0,0
sh513130,09:33:17,1765935200598,09:34:20,1765935200448,0.707,0.7074,-0.0565,5394.3,0.9045,4.3374,715300,505797,0.7071,1.004,0.707,39538000,0.706,84807000,0.705,55918200,0.704,44346100,0.703,27351800,0.708,71481500,0.709,66884100,0.710,43139200,0.711,25806900,0.712,31958500,149,0,0
sh513130,09:33:17,1765935201584,09:34:20,1765935200448,0.707,0.7074,-0.0565,5394.3,0.9045,4.3374,0,0,0.707,0.986,0.707,39538000,0.706,84807000,0.705,55918200,0.704,44346100,0.703,27351800,0.708,71481500,0.709,66884100,0.710,43139200,0.711,25806900,0.712,31958500,1136,0,0
sh513130,09:33:20,1765935202576,09:34:22,1765935202449,0.708,0.7067,0.184,5395.41,0.9045,3.9856,112400,79539,0.7076,0.992,0.707,57976500,0.706,79453000,0.705,54080400,0.704,31376100,0.703,27351800,0.708,73702700,0.709,66890400,0.710,44128200,0.711,25806900,0.712,32085200,126,0,0
sh513130,09:33:20,1765935203569,09:34:22,1765935202449,0.708,0.7067,0.184,5395.41,0.9045,3.5437,0,0,0.708,0.993,0.707,57976500,0.706,79453000,0.705,54080400,0.704,31376100,0.703,27351800,0.708,73702700,0.709,66890400,0.710,44128200,0.711,25806900,0.712,32085200,1120,0,0
sh513130,09:33:23,1765935204577,09:34:24,1765935204568,0.707,0.7067,0.0425,5395.73,0.9045,3.4897,574000,405889,0.7071,1.008,0.707,39387000,0.706,87848400,0.705,54995300,0.704,41381100,0.703,27354800,0.708,73370300,0.709,68937400,0.710,45118200,0.711,25811200,0.712,32116700,9,0,0
sh513130,09:33:23,1765935205555,09:34:24,1765935204568,0.707,0.7067,0.0425,5395.73,0.9045,4.3481,0,0,0.707,0.978,0.707,39387000,0.706,87848400,0.705,54995300,0.704,41381100,0.703,27354800,0.708,73370300,0.709,68937400,0.710,45118200,0.711,25811200,0.712,32116700,987,0,0
sh513130,09:33:23,1765935206559,09:34:26,1765935206429,0.707,0.7067,0.0425,5393.68,0.9045,3.5653,0,0,0.707,1.004,0.707,39387000,0.706,87848400,0.705,54995300,0.704,41381100,0.703,27354800,0.708,73370300,0.709,68937400,0.710,45118200,0.711,25811200,0.712,32116700,130,0,0
sh513130,09:33:23,1765935207569,09:34:26,1765935206742,0.707,0.7067,0.0425,5393.68,0.9045,3.2674,0,0,0.707,1.01,0.707,39387000,0.706,87848400,0.705,54995300,0.704,41381100,0.703,27354800,0.708,73370300,0.709,68937400,0.710,45118200,0.711,25811200,0.712,32116700,825,0,0
sh513130,09:33:26,1765935208560,09:34:28,1765935208477,0.707,0.7074,-0.0565,5394.66,0.9045,2.0367,122100,86335,0.7071,0.991,0.707,49352100,0.706,83923400,0.705,55898100,0.704,31381100,0.703,28354800,0.708,79836900,0.709,74047400,0.710,49131800,0.711,25821700,0.712,32116700,83,0,0
sh513130,09:33:26,1765935209561,09:34:28,1765935208932,0.707,0.7074,-0.0565,5394.66,0.9045,4.2651,0,0,0.707,1.001,0.707,49352100,0.706,83923400,0.705,55898100,0.704,31381100,0.703,28354800,0.708,79836900,0.709,74047400,0.710,49131800,0.711,25821700,0.712,32116700,629,0,0
sh513130,09:33:26,1765935210552,09:34:30,1765935210416,0.707,0.7074,-0.0565,5395.96,0.9045,4.9736,0,0,0.707,0.991,0.707,49352100,0.706,83923400,0.705,55898100,0.704,31381100,0.703,28354800,0.708,79836900,0.709,74047400,0.710,49131800,0.711,25821700,0.712,32116700,136,0,0
sh513130,09:33:29,1765935211544,09:34:30,1765935211102,0.707,0.7074,-0.0565,5395.96,0.9045,5.7401,1231500,870691,0.707,0.992,0.707,57509100,0.706,80199500,0.705,54107500,0.704,31381100,0.703,27354800,0.708,78568400,0.709,73971200,0.710,50121200,0.711,28321200,0.712,32116700,442,0,0
sh513130,09:33:29,1765935212547,09:34:32,1765935212443,0.707,0.7074,-0.0565,5396.93,0.9045,4.6152,0,0,0.707,1.003,0.707,57509100,0.706,80199500,0.705,54107500,0.704,31381100,0.703,27354800,0.708,78568400,0.709,73971200,0.710,50121200,0.711,28321200,0.712,32116700,104,0,0
sh513130,09:33:29,1765935213555,09:34:32,1765935213334,0.707,0.7074,-0.0565,5396.93,0.9045,5.8684,0,0,0.707,1.007,0.707,57509100,0.706,80199500,0.705,54107500,0.704,31381100,0.703,27354800,0.708,78568400,0.709,73971200,0.710,50121200,0.711,28321200,0.712,32116700,220,0,0
sh513130,09:33:32,1765935214560,09:34:34,1765935214453,0.708,0.7074,0.0848,5397.16,0.9045,4.938,54400,38512,0.7079,1.005,0.707,62640400,0.706,80341100,0.705,54108500,0.704,31381100,0.703,27454800,0.708,60884700,0.709,73892200,0.710,51134700,0.711,40589600,0.712,32116700,106,0,0
sh513130,09:33:32,1765935215572,09:34:34,1765935215450,0.708,0.7074,0.0848,5397.16,0.9045,4.2516,0,0,0.708,1.012,0.707,62640400,0.706,80341100,0.705,54108500,0.704,31381100,0.703,27454800,0.708,60884700,0.709,73892200,0.710,51134700,0.711,40589600,0.712,32116700,121,0,0
sh513130,09:33:35,1765935216579,09:34:36,1765935216422,0.708,0.7074,0.0848,5396.32,0.9045,4.1521,662900,469277,0.7079,1.008,0.707,63772100,0.706,80349300,0.705,54153300,0.704,31381100,0.703,27473000,0.708,75259100,0.709,73923900,0.710,51234700,0.711,28410300,0.712,32075600,157,0,0
sh513130,09:33:35,1765935217575,09:34:36,1765935216422,0.708,0.7074,0.0848,5396.32,0.9045,4.0787,0,0,0.708,0.996,0.707,63772100,0.706,80349300,0.705,54153300,0.704,31381100,0.703,27473000,0.708,75259100,0.709,73923900,0.710,51234700,0.711,28410300,0.712,32075600,1153,0,0
sh513130,09:33:35,1765935218576,09:34:38,1765935218452,0.708,0.7074,0.0848,5395.86,0.9045,3.8936,0,0,0.708,1.001,0.707,63772100,0.706,80349300,0.705,54153300,0.704,31381100,0.703,27473000,0.708,75259100,0.709,73923900,0.710,51234700,0.711,28410300,0.712,32075600,123,0,0
sh513130,09:33:35,1765935219578,09:34:38,1765935218452,0.708,0.7074,0.0848,5395.86,0.9045,4.1676,0,0,0.708,1.002,0.707,63772100,0.706,80349300,0.705,54153300,0.704,31381100,0.703,27473000,0.708,75259100,0.709,73923900,0.710,51234700,0.711,28410300,0.712,32075600,1125,0,0
sh513130,09:33:38,1765935220577,09:34:40,1765935220483,0.708,0.7074,0.0848,5395.75,0.9045,1.487,152600,108005,0.7078,0.999,0.707,64691800,0.706,80323800,0.705,54163300,0.704,31381100,0.703,27476100,0.708,71923400,0.709,73582200,0.710,51220700,0.711,33674100,0.712,32075600,94,0,0
sh513130,09:33:38,1765935221582,09:34:40,1765935220483,0.708,0.7074,0.0848,5395.75,0.9045,1.6615,0,0,0.708,1.005,0.707,64691800,0.706,80323800,0.705,54163300,0.704,31381100,0.703,27476100,0.708,71923400,0.709,73582200,0.710,51220700,0.711,33674100,0.712,32075600,1098,0,0
sh513130,09:33:38,1765935222578,09:34:42,1765935222404,0.708,0.7074,0.0848,5396.17,0.9045,1.8371,0,0,0.708,0.996,0.707,64691800,0.706,80323800,0.705,54163300,0.704,31381100,0.703,27476100,0.708,71923400,0.709,73582200,0.710,51220700,0.711,33674100,0.712,32075600,173,0,0
sh513130,09:33:41,1765935223573,09:34:42,1765935222404,0.707,0.7074,-0.0565,5396.17,0.9045,2.9306,290200,205171,0.707,0.996,0.707,43381900,0.706,88723800,0.705,54169300,0.704,41492900,0.703,27474100,0.708,78769800,0.709,73769700,0.710,50301100,0.711,25918100,0.712,32035900,1169,0,0
sh513130,09:33:41,1765935224575,09:34:44,1765935224437,0.707,0.7074,-0.0565,5396.35,0.9045,2.652,0,0,0.707,1.001,0.707,43381900,0.706,88723800,0.705,54169300,0.704,41492900,0.703,27474100,0.708,78769800,0.709,73769700,0.710,50301100,0.711,25918100,0.712,32035900,137,0,0
sh513130,09:33:41,1765935225582,09:34:44,1765935224437,0.707,0.7074,-0.0565,5396.35,0.9045,2.2788,0,0,0.707,1.007,0.707,43381900,0.706,88723800,0.705,54169300,0.704,41492900,0.703,27474100,0.708,78769800,0.709,73769700,0.710,50301100,0.711,25918100,0.712,32035900,1144,0,0
sh513130,09:33:44,1765935226590,09:34:46,1765935226429,0.708,0.7074,0.0848,5396.88,0.9045,2.0365,252900,178817,0.7071,1.009,0.707,62440200,0.706,80334300,0.705,54175800,0.704,31492900,0.703,27474100,0.708,66628600,0.709,73260600,0.710,51277800,0.711,40674100,0.712,32055900,161,0,0
sh513130,09:33:44,1765935227587,09:34:46,1765935226429,0.708,0.7074,0.0848,5396.88,0.9045,2.2049,0,0,0.708,0.996,0.707,62440200,0.706,80334300,0.705,54175800,0.704,31492900,0.703,27474100,0.708,66628600,0.709,73260600,0.710,51277800,0.711,40674100,0.712,32055900,1157,0,0
sh513130,09:33:44,1765935228592,09:34:48,1765935228512,0.708,0.7074,0.0848,5396.53,0.9045,1.8049,0,0,0.708,1.006,0.707,62440200,0.706,80334300,0.705,54175800,0.704,31492900,0.703,27474100,0.708,66628600,0.709,73260600,0.710,51277800,0.711,40674100,0.712,32055900,80,0,0
sh513130,09:33:47,1765935229595,09:34:48,1765935228512,0.708,0.7074,0.0848,5396.53,0.9045,2.4824,69800,49411,0.7079,1.003,0.707,63362700,0.706,80338300,0.705,54177800,0.704,31502300,0.703,27475000,0.708,77654400,0.709,73340600,0.710,51277800,0.711,28418100,0.712,32055900,1083,0,0
sh513130,09:33:47,1765935230594,09:34:50,1765935230503,0.708,0.7074,0.0848,5396.2,0.9045,2.1376,0,0,0.708,0.998,0.707,63362700,0.706,80338300,0.705,54177800,0.704,31502300,0.703,27475000,0.708,77654400,0.709,73340600,0.710,51277800,0.711,28418100,0.712,32055900,91,0,0
sh513130,09:33:47,1765935231592,09:34:50,1765935230692,0.708,0.7074,0.0848,5396.2,0.9045,2.0961,0,0,0.708,0.998,0.707,63362700,0.706,80338300,0.705,54177800,0.704,31502300,0.703,27475000,0.708,77654400,0.709,73340600,0.710,51277800,0.711,28418100,0.712,32055900,899,0,0
sh513130,09:33:47,1765935232591,09:34:52,1765935232415,0.708,0.7074,0.0848,5395.9,0.9045,1.805,0,0,0.708,0.999,0.707,63362700,0.706,80338300,0.705,54177800,0.704,31502300,0.703,27475000,0.708,77654400,0.709,73340600,0.710,51277800,0.711,28418100,0.712,32055900,175,0,0
sh513130,09:33:50,1765935233600,09:34:52,1765935232865,0.708,0.7074,0.0848,5395.9,0.9045,1.7697,74700,52826,0.7072,1.009,0.707,56065300,0.706,88746300,0.705,54162800,0.704,31502300,0.703,27477000,0.708,80710100,0.709,73510500,0.710,50279400,0.711,25918100,0.712,32350500,733,0,0
sh513130,09:33:50,1765935234600,09:34:54,1765935234471,0.708,0.7074,0.0848,5396.36,0.9045,2.1185,0,0,0.708,1.001,0.707,56065300,0.706,88746300,0.705,54162800,0.704,31502300,0.703,27477000,0.708,80710100,0.709,73510500,0.710,50279400,0.711,25918100,0.712,32350500,129,0,0
sh513130,09:33:53,1765935235592,09:34:54,1765935235011,0.707,0.7074,-0.0565,5396.36,0.9045,2.3852,161600,114412,0.708,0.992,0.707,65297900,0.706,80346300,0.705,54162800,0.704,31502300,0.703,27765800,0.708,76004700,0.709,73397600,0.710,50482500,0.711,33674100,0.712,32350500,580,0,0
sh513130,09:33:53,1765935236596,09:34:56,1765935236440,0.707,0.7074,-0.0565,5396.33,0.9045,3.1951,0,0,0.707,1.004,0.707,65297900,0.706,80346300,0.705,54162800,0.704,31502300,0.703,27765800,0.708,76004700,0.709,73397600,0.710,50482500,0.711,33674100,0.712,32350500,156,0,0
sh513130,09:33:56,1765935237594,09:34:56,1765935237190,0.707,0.7074,-0.0565,5396.33,0.9045,3.162,67900,48019,0.7072,0.998,0.707,58083600,0.706,88876700,0.705,54730000,0.704,31572300,0.703,27765800,0.708,80759700,0.709,73487600,0.710,50617400,0.711,25918100,0.712,32368700,403,0,0
sh513130,09:33:56,1765935238602,09:34:58,1765935238413,0.707,0.7074,-0.0565,5396.36,0.9045,2.4475,0,0,0.707,1.007,0.707,58083600,0.706,88876700,0.705,54730000,0.704,31572300,0.703,27765800,0.708,80759700,0.709,73487600,0.710,50617400,0.711,25918100,0.712,32368700,189,0,0
sh513130,09:33:56,1765935239611,09:34:58,1765935239361,0.707,0.7074,-0.0565,5396.36,0.9045,2.4004,0,0,0.707,1.009,0.707,58083600,0.706,88876700,0.705,54730000,0.704,31572300,0.703,27765800,0.708,80759700,0.709,73487600,0.710,50617400,0.711,25918100,0.712,32368700,249,0,0
sh513130,09:33:56,1765935240609,09:35:00,1765935240466,0.707,0.7074,-0.0565,5395.23,0.9045,3.9835,0,0,0.707,0.998,0.707,58083600,0.706,88876700,0.705,54730000,0.704,31572300,0.703,27765800,0.708,80759700,0.709,73487600,0.710,50617400,0.711,25918100,0.712,32368700,142,0,0
sh513130,09:33:59,1765935241602,09:35:00,1765935241528,0.708,0.7074,0.0848,5395.23,0.9045,3.7485,859800,607908,0.707,0.993,0.707,66571200,0.706,80535300,0.705,54781600,0.704,31861100,0.703,27837800,0.708,79906800,0.709,73537600,0.710,51610400,0.711,25918100,0.712,32380500,74,0,0
sh513130,09:33:59,1765935242612,09:35:02,1765935242397,0.708,0.7074,0.0848,5394.69,0.9045,2.8366,0,0,0.708,1.01,0.707,66571200,0.706,80535300,0.705,54781600,0.704,31861100,0.703,27837800,0.708,79906800,0.709,73537600,0.710,51610400,0.711,25918100,0.712,32380500,214,0,0
sh513130,09:33:59,1765935243609,09:35:02,1765935243262,0.708,0.7074,0.0848,5394.69,0.9045,2.3823,0,0,0.708,0.997,0.707,66571200,0.706,80535300,0.705,54781600,0.704,31861100,0.703,27837800,0.708,79906800,0.709,73537600,0.710,51610400,0.711,25918100,0.712,32380500,346,0,0
sh513130,09:34:02,1765935244615,09:35:04,1765935244500,0.707,0.7074,-0.0565,5394.54,0.9045,1.9038,92800,65652,0.7075,1.005,0.707,67484100,0.706,80538300,0.705,54776600,0.704,31834300,0.703,27842800,0.708,81152200,0.709,73030300,0.710,50620400,0.711,25970100,0.712,32368500,114,0,0
sh513130,09:34:02,1765935245605,09:35:04,1765935244500,0.707,0.7074,-0.0565,5394.54,0.9045,2.7299,0,0,0.707,0.991,0.707,67484100,0.706,80538300,0.705,54776600,0.704,31834300,0.703,27842800,0.708,81152200,0.709,73030300,0.710,50620400,0.711,25970100,0.712,32368500,1105,0,0
sh513130,09:34:02,1765935246603,09:35:06,1765935246509,0.707,0.7074,-0.0565,5394.5,0.9045,1.5943,0,0,0.707,0.998,0.707,67484100,0.706,80538300,0.705,54776600,0.704,31834300,0.703,27842800,0.708,81152200,0.709,73030300,0.710,50620400,0.711,25970100,0.712,32368500,93,0,0
sh513130,09:34:05,1765935247608,09:35:06,1765935246509,0.707,0.7074,-0.0565,5394.5,0.9045,2.03,95100,67301,0.7077,1.005,0.707,49916200,0.706,89020300,0.705,55075700,0.704,41834400,0.703,27992400,0.708,82090100,0.709,73070300,0.710,49630400,0.711,25970100,0.712,32398500,1098,0,0
sh513130,09:34:05,1765935248605,09:35:08,1765935248389,0.707,0.7074,-0.0565,5394.6,0.9045,2.0163,0,0,0.707,0.997,0.707,49916200,0.706,89020300,0.705,55075700,0.704,41834400,0.703,27992400,0.708,82090100,0.709,73070300,0.710,49630400,0.711,25970100,0.712,32398500,216,0,0
sh513130,09:34:08,1765935249606,09:35:08,1765935248389,0.707,0.7074,-0.0565,5394.6,0.9045,2.489,871100,615871,0.707,1.001,0.707,68776900,0.706,80636100,0.705,55071000,0.704,31834400,0.703,27992400,0.708,83145600,0.709,72953300,0.710,49636200,0.711,25970100,0.712,32428500,1217,0,0
sh513130,09:34:08,1765935250622,09:35:10,1765935250445,0.707,0.7074,-0.0565,5394.92,0.9045,2.4412,0,0,0.707,1.016,0.707,68776900,0.706,80636100,0.705,55071000,0.704,31834400,0.703,27992400,0.708,83145600,0.709,72953300,0.710,49636200,0.711,25970100,0.712,32428500,177,0,0
sh513130,09:34:08,1765935251633,09:35:10,1765935250445,0.707,0.7074,-0.0565,5394.92,0.9045,2.4683,0,0,0.707,1.011,0.707,68776900,0.706,80636100,0.705,55071000,0.704,31834400,0.703,27992400,0.708,83145600,0.709,72953300,0.710,49636200,0.711,25970100,0.712,32428500,1188,0,0
sh513130,09:34:11,1765935252641,09:35:12,1765935252450,0.707,0.7074,-0.0565,5394.97,0.9045,6.0302,196100,138719,0.7074,1.008,0.707,69391500,0.706,80927900,0.705,55156100,0.704,31834400,0.703,27992500,0.708,81982800,0.709,73406700,0.710,49631300,0.711,28470100,0.712,32428500,191,0,0
sh513130,09:34:11,1765935253639,09:35:12,1765935252450,0.707,0.7074,-0.0565,5394.97,0.9045,6.0751,0,0,0.707,0.998,0.707,69391500,0.706,80927900,0.705,55156100,0.704,31834400,0.703,27992500,0.708,81982800,0.709,73406700,0.710,49631300,0.711,28470100,0.712,32428500,1189,0,0
sh513130,09:34:11,1765935254639,09:35:14,1765935254592,0.707,0.7074,-0.0565,5396.6,0.9045,5.4982,0,0,0.707,1.0,0.707,69391500,0.706,80927900,0.705,55156100,0.704,31834400,0.703,27992500,0.708,81982800,0.709,73406700,0.710,49631300,0.711,28470100,0.712,32428500,47,0,0
sh513130,09:34:11,1765935255635,09:35:14,1765935254592,0.707,0.7074,-0.0565,5396.6,0.9045,7.8717,0,0,0.707,0.996,0.707,69391500,0.706,80927900,0.705,55156100,0.704,31834400,0.703,27992500,0.708,81982800,0.709,73406700,0.710,49631300,0.711,28470100,0.712,32428500,1043,0,0
sh513130,09:34:14,1765935256644,09:35:16,1765935256410,0.707,0.7074,-0.0565,5397.16,0.9045,6.7426,129400,91493,0.7071,1.009,0.707,69907100,0.706,80928900,0.705,55246100,0.704,31878200,0.703,27992500,0.708,31952300,0.709,81746700,0.710,68683700,0.711,41126100,0.712,32528500,234,0,0
sh513130,09:34:14,1765935257639,09:35:16,1765935256772,0.707,0.7074,-0.0565,5397.16,0.9045,6.3479,0,0,0.707,0.995,0.707,69907100,0.706,80928900,0.705,55246100,0.704,31878200,0.703,27992500,0.708,31952300,0.709,81746700,0.710,68683700,0.711,41126100,0.712,32528500,867,0,0
sh513130,09:34:14,1765935258645,09:35:18,1765935258430,0.707,0.7074,-0.0565,5397.71,0.9045,6.2627,0,0,0.707,1.006,0.707,69907100,0.706,80928900,0.705,55246100,0.704,31878200,0.703,27992500,0.708,31952300,0.709,81746700,0.710,68683700,0.711,41126100,0.712,32528500,215,0,0
sh513130,09:34:17,1765935259649,09:35:18,1765935258946,0.707,0.7074,-0.0565,5397.71,0.9045,5.5043,648200,458319,0.7071,1.004,0.707,69258500,0.706,80939900,0.705,55246100,0.704,31879200,0.703,27993500,0.708,33245400,0.709,81969200,0.710,70663700,0.711,46126100,0.712,32793400,703,0,0
sh513130,09:34:17,1765935260652,09:35:20,1765935260410,0.707,0.7074,-0.0565,5398.28,0.9045,4.5755,0,0,0.707,1.003,0.707,69258500,0.706,80939900,0.705,55246100,0.704,31879200,0.703,27993500,0.708,33245400,0.709,81969200,0.710,70663700,0.711,46126100,0.712,32793400,242,0,0
sh513130,09:34:17,1765935261657,09:35:20,1765935261122,0.707,0.7074,-0.0565,5398.28,0.9045,5.2856,0,0,0.707,1.005,0.707,69258500,0.706,80939900,0.705,55246100,0.704,31879200,0.703,27993500,0.708,33245400,0.709,81969200,0.710,70663700,0.711,46126100,0.712,32793400,535,0,0
sh513130,09:34:20,1765935262660,09:35:22,1765935262472,0.707,0.7074,-0.0565,5398.61,0.9045,5.3182,726800,514414,0.7078,1.003,0.707,70382500,0.706,71103700,0.705,55281200,0.704,31889100,0.703,27993500,0.708,28517800,0.709,81974100,0.710,70664200,0.711,46126100,0.712,32793400,187,0,0
sh513130,09:34:20,1765935263662,09:35:22,1765935263301,0.707,0.7074,-0.0565,5398.61,0.9045,5.2326,0,0,0.707,1.003,0.707,70382500,0.706,71103700,0.705,55281200,0.704,31889100,0.703,27993500,0.708,28517800,0.709,81974100,0.710,70664200,0.711,46126100,0.712,32793400,361,0,0
sh513130,09:34:23,1765935264652,09:35:24,1765935264417,0.707,0.7074,-0.0565,5400.54,0.9045,6.6287,1190200,842507,0.7079,0.99,0.707,71170100,0.706,70936600,0.705,55305100,0.704,31889100,0.703,28021500,0.708,27212900,0.709,81957400,0.710,70770100,0.711,46139900,0.712,32837600,235,0,0
sh513130,09:34:23,1765935265658,09:35:24,1765935265476,0.707,0.7074,-0.0565,5400.54,0.9045,5.743,0,0,0.707,1.006,0.707,71170100,0.706,70936600,0.705,55305100,0.704,31889100,0.703,28021500,0.708,27212900,0.709,81957400,0.710,70770100,0.711,46139900,0.712,32837600,182,0,0
sh513130,09:34:23,1765935266651,09:35:26,1765935266418,0.707,0.7074,-0.0565,5399.46,0.9045,5.0183,0,0,0.707,0.993,0.707,71170100,0.706,70936600,0.705,55305100,0.704,31889100,0.703,28021500,0.708,27212900,0.709,81957400,0.710,70770100,0.711,46139900,0.712,32837600,233,0,0
sh513130,09:34:23,1765935267648,09:35:26,1765935266418,0.707,0.7074,-0.0565,5399.46,0.9045,4.4583,0,0,0.707,0.997,0.707,71170100,0.706,70936600,0.705,55305100,0.704,31889100,0.703,28021500,0.708,27212900,0.709,81957400,0.710,70770100,0.711,46139900,0.712,32837600,1230,0,0
sh513130,09:34:26,1765935268662,09:35:28,1765935268397,0.708,0.7081,-0.0141,5400.62,0.9045,4.1532,27462900,19443373,0.708,1.014,0.708,38064200,0.707,69757600,0.706,70955500,0.705,55346400,0.704,29921200,0.709,84586200,0.710,72070100,0.711,46146300,0.712,32853700,0.713,34927200,265,0,0
sh513130,09:34:26,1765935269650,09:35:28,1765935268397,0.708,0.7081,-0.0141,5400.62,0.9045,3.7626,0,0,0.708,0.988,0.708,38064200,0.707,69757600,0.706,70955500,0.705,55346400,0.704,29921200,0.709,84586200,0.710,72070100,0.711,46146300,0.712,32853700,0.713,34927200,1253,0,0
sh513130,09:34:29,1765935270657,09:35:30,1765935270423,0.708,0.7081,-0.0141,5402.09,0.9045,4.5708,135200,95721,0.708,1.007,0.708,41855400,0.707,69878200,0.706,70869000,0.705,45076400,0.704,29921200,0.709,83766200,0.710,71980200,0.711,46146300,0.712,32853700,0.713,34926700,234,0,0
sh513130,09:34:29,1765935271652,09:35:30,1765935270423,0.708,0.7081,-0.0141,5402.09,0.9045,5.0381,0,0,0.708,0.994,0.708,41855400,0.707,69878200,0.706,70869000,0.705,45076400,0.704,29921200,0.709,83766200,0.710,71980200,0.711,46146300,0.712,32853700,0.713,34926700,1228,0,0
sh513130,09:34:29,1765935272654,09:35:32,1765935272495,0.708,0.7081,-0.0141,5401.63,0.9045,4.0298,0,0,0.708,1.002,0.708,41855400,0.707,69878200,0.706,70869000,0.705,45076400,0.704,29921200,0.709,83766200,0.710,71980200,0.711,46146300,0.712,32853700,0.713,34926700,158,0,0
sh513130,09:34:32,1765935273656,09:35:32,1765935272495,0.708,0.7081,-0.0141,5401.63,0.9045,3.2781,236100,167169,0.708,1.002,0.708,33548600,0.707,74527900,0.706,70869100,0.705,55086400,0.704,28920500,0.709,83667500,0.710,72080200,0.711,47136300,0.712,32883200,0.713,34926700,1159,0,0
sh513130,09:34:32,1765935274649,09:35:34,1765935274553,0.708,0.7081,-0.0141,5401.75,0.9045,3.1473,0,0,0.708,0.994,0.708,33548600,0.707,74527900,0.706,70869100,0.705,55086400,0.704,28920500,0.709,83667500,0.710,72080200,0.711,47136300,0.712,32883200,0.713,34926700,96,0,0
sh513130,09:34:32,1765935275660,09:35:34,1765935274553,0.708,0.7081,-0.0141,5401.75,0.9045,6.0252,0,0,0.708,1.011,0.708,33548600,0.707,74527900,0.706,70869100,0.705,55086400,0.704,28920500,0.709,83667500,0.710,72080200,0.711,47136300,0.712,32883200,0.713,34926700,1107,0,0
sh513130,09:34:32,1765935276666,09:35:36,1765935276411,0.708,0.7081,-0.0141,5401.33,0.9045,6.0968,0,0,0.708,1.006,0.708,33548600,0.707,74527900,0.706,70869100,0.705,55086400,0.704,28920500,0.709,83667500,0.710,72080200,0.711,47136300,0.712,32883200,0.713,34926700,255,0,0
sh513130,09:34:35,1765935277665,09:35:36,1765935276411,0.708,0.7081,-0.0141,5401.33,0.9045,4.441,107700,76257,0.7081,0.999,0.708,28093500,0.707,71834200,0.706,71770400,0.705,55096400,0.704,31920500,0.709,83723100,0.710,72086800,0.711,47156700,0.712,32883200,0.713,34926700,1254,0,0
sh513130,09:34:35,1765935278664,09:35:38,1765935278511,0.708,0.7081,-0.0141,5400.54,0.9045,4.5019,0,0,0.708,0.999,0.708,28093500,0.707,71834200,0.706,71770400,0.705,55096400,0.704,31920500,0.709,83723100,0.710,72086800,0.711,47156700,0.712,32883200,0.713,34926700,152,0,0
sh513130,09:34:38,1765935279672,09:35:38,1765935278511,0.708,0.7081,-0.0141,5400.54,0.9045,4.4244,2777300,1966328,0.708,1.009,0.707,68893600,0.706,72668000,0.705,57086400,0.704,31920500,0.703,28084300,0.708,6397200,0.709,83242900,0.710,70479200,0.711,46166700,0.712,33058400,1161,0,0
sh513130,09:34:38,1765935280673,09:35:40,1765935280483,0.708,0.7081,-0.0141,5400.91,0.9045,3.1618,0,0,0.708,1.0,0.707,68893600,0.706,72668000,0.705,57086400,0.704,31920500,0.703,28084300,0.708,6397200,0.709,83242900,0.710,70479200,0.711,46166700,0.712,33058400,189,0,0
sh513130,09:34:38,1765935281669,09:35:40,1765935280693,0.708,0.7081,-0.0141,5400.91,0.9045,3.979,0,0,0.708,0.996,0.707,68893600,0.706,72668000,0.705,57086400,0.704,31920500,0.703,28084300,0.708,6397200,0.709,83242900,0.710,70479200,0.711,46166700,0.712,33058400,976,0,0
sh513130,09:34:41,1765935282772,09:35:42,1765935282456,0.709,0.7081,0.1271,5401.49,0.9045,4.2721,3566300,2525060,0.708,1.103,0.708,23818100,0.707,71118300,0.706,73624200,0.705,57511100,0.704,31550600,0.709,84493600,0.710,72081500,0.711,45766700,0.712,33058400,0.713,34949000,316,0,0
sh513130,09:34:41,1765935283674,09:35:42,1765935282886,0.709,0.7081,0.1271,5401.49,0.9045,3.0075,0,0,0.709,0.901,0.708,23818100,0.707,71118300,0.706,73624200,0.705,57511100,0.704,31550600,0.709,84493600,0.710,72081500,0.711,45766700,0.712,33058400,0.713,34949000,787,0,0
sh513130,09:34:41,1765935284670,09:35:44,1765935284440,0.709,0.7081,0.1271,5401.5,0.9045,2.498,0,0,0.709,0.997,0.708,23818100,0.707,71118300,0.706,73624200,0.705,57511100,0.704,31550600,0.709,84493600,0.710,72081500,0.711,45766700,0.712,33058400,0.713,34949000,229,0,0
sh513130,09:34:41,1765935285682,09:35:44,1765935285062,0.709,0.7081,0.1271,5401.5,0.9045,2.4723,0,0,0.709,1.012,0.708,23818100,0.707,71118300,0.706,73624200,0.705,57511100,0.704,31550600,0.709,84493600,0.710,72081500,0.711,45766700,0.712,33058400,0.713,34949000,619,0,0
sh513130,09:34:44,1765935286680,09:35:46,1765935286495,0.708,0.7081,-0.0141,5402.02,0.9045,2.1974,1158600,820299,0.708,0.998,0.708,31531500,0.707,72700300,0.706,74639300,0.705,55131100,0.704,32086800,0.709,83521000,0.710,72076500,0.711,47156700,0.712,33458400,0.713,34949000,184,0,0
sh513130,09:34:44,1765935287684,09:35:46,1765935287232,0.708,0.7081,-0.0141,5402.02,0.9045,5.0158,0,0,0.708,1.004,0.708,31531500,0.707,72700300,0.706,74639300,0.705,55131100,0.704,32086800,0.709,83521000,0.710,72076500,0.711,47156700,0.712,33458400,0.713,34949000,451,0,0
sh513130,09:34:44,1765935288686,09:35:48,1765935288452,0.708,0.7081,-0.0141,5404.06,0.9045,7.2623,0,0,0.708,1.001,0.708,31531500,0.707,72700300,0.706,74639300,0.705,55131100,0.704,32086800,0.709,83521000,0.710,72076500,0.711,47156700,0.712,33458400,0.713,34949000,233,0,0
sh513130,09:34:47,1765935289692,09:35:48,1765935289402,0.709,0.7081,0.1271,5404.06,0.9045,6.5061,264600,187600,0.709,1.006,0.708,51465000,0.707,66202400,0.706,71234100,0.705,45142000,0.704,30086800,0.709,77569500,0.710,71941600,0.711,48146700,0.712,35958400,0.713,34949000,290,0,0
sh513130,09:34:47,1765935290688,09:35:50,1765935290467,0.709,0.7081,0.1271,5405.48,0.9045,6.4157,0,0,0.709,0.996,0.708,51465000,0.707,66202400,0.706,71234100,0.705,45142000,0.704,30086800,0.709,77569500,0.710,71941600,0.711,48146700,0.712,35958400,0.713,34949000,220,0,0
sh513130,09:34:50,1765935291692,09:35:50,1765935291582,0.709,0.7081,0.1271,5405.48,0.9045,4.8253,156600,110891,0.7081,1.004,0.708,53115700,0.707,67664600,0.706,71294000,0.705,45142000,0.704,29086800,0.709,62649500,0.710,71909000,0.711,48146700,0.712,46710400,0.713,35016300,110,0,0
sh513130,09:34:50,1765935292684,09:35:52,1765935292403,0.709,0.7081,0.1271,5404.09,0.9045,4.7441,0,0,0.709,0.991,0.708,53115700,0.707,67664600,0.706,71294000,0.705,45142000,0.704,29086800,0.709,62649500,0.710,71909000,0.711,48146700,0.712,46710400,0.713,35016300,280,0,0
sh513130,09:34:50,1765935293766,09:35:52,1765935292403,0.709,0.7081,0.1271,5404.09,0.9045,3.0761,0,0,0.709,1.082,0.708,53115700,0.707,67664600,0.706,71294000,0.705,45142000,0.704,29086800,0.709,62649500,0.710,71909000,0.711,48146700,0.712,46710400,0.713,35016300,1362,0,0
sh513130,09:34:53,1765935294689,09:35:54,1765935294435,0.709,0.7081,0.1271,5404.87,0.9045,3.06,328900,232907,0.7081,0.923,0.708,54528500,0.707,67598700,0.706,71354000,0.705,45142000,0.704,29086800,0.709,60359000,0.710,80437500,0.711,49236700,0.712,39710400,0.713,35016300,253,0,0
sh513130,09:34:53,1765935295692,09:35:54,1765935294435,0.709,0.7081,0.1271,5404.87,0.9045,2.5454,0,0,0.709,1.004,0.708,54528500,0.707,67598700,0.706,71354000,0.705,45142000,0.704,29086800,0.709,60359000,0.710,80437500,0.711,49236700,0.712,39710400,0.713,35016300,1257,0,0
sh513130,09:34:53,1765935296691,09:35:56,1765935296440,0.709,0.7081,0.1271,5404.94,0.9045,2.4614,0,0,0.709,0.999,0.708,54528500,0.707,67598700,0.706,71354000,0.705,45142000,0.704,29086800,0.709,60359000,0.710,80437500,0.711,49236700,0.712,39710400,0.713,35016300,251,0,0
sh513130,09:34:56,1765935297689,09:35:56,1765935296440,0.709,0.7088,0.0282,5404.94,0.9045,2.3531,321000,227506,0.7087,0.998,0.708,55409000,0.707,67855800,0.706,71360100,0.705,45156900,0.704,29086800,0.709,74333600,0.710,72077500,0.711,48298300,0.712,36805800,0.713,35016300,1249,0,0
sh513130,09:34:56,1765935298683,09:35:58,1765935298462,0.709,0.7088,0.0282,5405.04,0.9045,1.4339,0,0,0.709,0.994,0.708,55409000,0.707,67855800,0.706,71360100,0.705,45156900,0.704,29086800,0.709,74333600,0.710,72077500,0.711,48298300,0.712,36805800,0.713,35016300,220,0,0
sh513130,09:34:56,1765935299693,09:35:58,1765935298462,0.709,0.7088,0.0282,5405.04,0.9045,1.6792,0,0,0.709,1.01,0.708,55409000,0.707,67855800,0.706,71360100,0.705,45156900,0.704,29086800,0.709,74333600,0.710,72077500,0.711,48298300,0.712,36805800,0.713,35016300,1230,0,0
sh513130,09:34:59,1765935300683,09:36:00,1765935300547,0.709,0.7088,0.0282,5404.34,0.9045,1.3981,747200,529306,0.7084,0.99,0.708,56201800,0.707,68035800,0.706,71383900,0.705,45912700,0.704,29086800,0.709,61938100,0.710,71966600,0.711,48298300,0.712,47415300,0.713,35017300,136,0,0
sh513130,09:34:59,1765935301691,09:36:00,1765935300547,0.709,0.7088,0.0282,5404.34,0.9045,1.0333,0,0,0.709,1.008,0.708,56201800,0.707,68035800,0.706,71383900,0.705,45912700,0.704,29086800,0.709,61938100,0.710,71966600,0.711,48298300,0.712,47415300,0.713,35017300,1144,0,0
sh513130,09:34:59,1765935302681,09:36:02,1765935302480,0.709,0.7088,0.0282,5403.62,0.9045,1.4767,0,0,0.709,0.99,0.708,56201800,0.707,68035800,0.706,71383900,0.705,45912700,0.704,29086800,0.709,61938100,0.710,71966600,0.711,48298300,0.712,47415300,0.713,35017300,200,0,0
sh513130,09:35:02,1765935303682,09:36:02,1765935303256,0.709,0.7088,0.0282,5403.62,0.9045,3.4254,311800,221063,0.709,1.001,0.708,50316100,0.707,77849500,0.706,71667800,0.705,50913200,0.704,29086800,0.709,79056300,0.710,73211300,0.711,48253300,0.712,34163300,0.713,35030800,425,0,0
sh513130,09:35:02,1765935304708,09:36:04,1765935304658,0.709,0.7088,0.0282,5404.09,0.9045,3.7546,0,0,0.709,1.026,0.708,50316100,0.707,77849500,0.706,71667800,0.705,50913200,0.704,29086800,0.709,79056300,0.710,73211300,0.711,48253300,0.712,34163300,0.713,35030800,49,0,0
sh513130,09:35:02,1765935305686,09:36:04,1765935304658,0.709,0.7088,0.0282,5404.09,0.9045,3.0425,0,0,0.709,0.978,0.708,50316100,0.707,77849500,0.706,71667800,0.705,50913200,0.704,29086800,0.709,79056300,0.710,73211300,0.711,48253300,0.712,34163300,0.713,35030800,1027,0,0
sh513130,09:35:05,1765935306690,09:36:06,1765935306467,0.709,0.7088,0.0282,5404.37,0.9045,2.353,242500,171933,0.709,1.004,0.708,61405800,0.707,87895500,0.706,71687500,0.705,50926400,0.704,29086800,0.709,89076900,0.710,84146600,0.711,48155400,0.712,34201800,0.713,34025200,222,0,0
sh513130,09:35:05,1765935307686,09:36:06,1765935306858,0.709,0.7088,0.0282,5404.37,0.9045,2.4723,0,0,0.709,0.995,0.708,61405800,0.707,87895500,0.706,71687500,0.705,50926400,0.704,29086800,0.709,89076900,0.710,84146600,0.711,48155400,0.712,34201800,0.713,34025200,827,0,0
sh513130,09:35:05,1765935308686,09:36:08,1765935308433,0.709,0.7088,0.0282,5404.13,0.9045,2.4805,0,0,0.709,1.0,0.708,61405800,0.707,87895500,0.706,71687500,0.705,50926400,0.704,29086800,0.709,89076900,0.710,84146600,0.711,48155400,0.712,34201800,0.713,34025200,252,0,0
sh513130,09:35:08,1765935309694,09:36:08,1765935309003,0.709,0.7088,0.0282,5404.13,0.9045,2.7737,723700,513102,0.709,1.009,0.708,70993600,0.707,80376700,0.706,71707500,0.705,50434200,0.704,29136800,0.709,82057900,0.710,84176600,0.711,48231700,0.712,41310100,0.713,34020200,690,0,0
sh513130,09:35:08,1765935310712,09:36:10,1765935310414,0.709,0.7088,0.0282,5403.86,0.9045,1.9078,0,0,0.709,1.018,0.708,70993600,0.707,80376700,0.706,71707500,0.705,50434200,0.704,29136800,0.709,82057900,0.710,84176600,0.711,48231700,0.712,41310100,0.713,34020200,297,0,0
sh513130,09:35:08,1765935311719,09:36:10,1765935311168,0.709,0.7088,0.0282,5403.86,0.9045,1.9785,0,0,0.709,1.007,0.708,70993600,0.707,80376700,0.706,71707500,0.705,50434200,0.704,29136800,0.709,82057900,0.710,84176600,0.711,48231700,0.712,41310100,0.713,34020200,550,0,0
sh513130,09:35:08,1765935312713,09:36:12,1765935312473,0.709,0.7088,0.0282,5404.02,0.9045,1.9399,0,0,0.709,0.995,0.708,70993600,0.707,80376700,0.706,71707500,0.705,50434200,0.704,29136800,0.709,82057900,0.710,84176600,0.711,48231700,0.712,41310100,0.713,34020200,240,0,0
sh513130,09:35:11,1765935313723,09:36:12,1765935313342,0.708,0.7088,-0.1129,5404.02,0.9045,1.185,475500,337122,0.709,1.01,0.708,74035800,0.707,80141800,0.706,71707500,0.705,50434400,0.704,29136800,0.709,88715500,0.710,84287600,0.711,48370800,0.712,35316700,0.713,34040200,380,0,0
sh513130,09:35:11,1765935314725,09:36:14,1765935314489,0.708,0.7088,-0.1129,5404.58,0.9045,1.9407,0,0,0.708,1.002,0.708,74035800,0.707,80141800,0.706,71707500,0.705,50434400,0.704,29136800,0.709,88715500,0.710,84287600,0.711,48370800,0.712,35316700,0.713,34040200,234,0,0
sh513130,09:35:11,1765935315738,09:36:14,1765935315510,0.708,0.7088,-0.1129,5404.58,0.9045,2.7698,0,0,0.708,1.012,0.708,74035800,0.707,80141800,0.706,71707500,0.705,50434400,0.704,29136800,0.709,88715500,0.710,84287600,0.711,48370800,0.712,35316700,0.713,34040200,227,0,0
sh513130,09:35:14,1765935316730,09:36:16,1765935316369,0.709,0.7081,0.1271,5406.13,0.9045,2.3823,230400,163353,0.709,0.992,0.708,67680800,0.707,80065800,0.706,71647500,0.705,50444900,0.704,29136900,0.709,81575100,0.710,84331800,0.711,48390800,0.712,42386700,0.713,34169200,361,0,0
sh513130,09:35:14,1765935317737,09:36:16,1765935317691,0.709,0.7081,0.1271,5406.13,0.9045,3.7536,0,0,0.709,1.007,0.708,67680800,0.707,80065800,0.706,71647500,0.705,50444900,0.704,29136900,0.709,81575100,0.710,84331800,0.711,48390800,0.712,42386700,0.713,34169200,45,0,0
sh513130,09:35:14,1765935318742,09:36:18,1765935318505,0.709,0.7081,0.1271,5405.87,0.9045,4.5178,0,0,0.709,1.005,0.708,67680800,0.707,80065800,0.706,71647500,0.705,50444900,0.704,29136900,0.709,81575100,0.710,84331800,0.711,48390800,0.712,42386700,0.713,34169200,237,0,0
sh513130,09:35:17,1765935319737,09:36:18,1765935318505,0.709,0.7081,0.1271,5405.87,0.9045,3.6163,618300,438374,0.709,0.995,0.708,71571000,0.707,80062800,0.706,71656500,0.705,50265800,0.704,29148100,0.709,35750300,0.710,93347400,0.711,78009200,0.712,48648700,0.713,34179200,1232,0,0
sh513130,09:35:17,1765935320741,09:36:20,1765935320395,0.709,0.7081,0.1271,5406.0,0.9045,3.3316,0,0,0.709,1.004,0.708,71571000,0.707,80062800,0.706,71656500,0.705,50265800,0.704,29148100,0.709,35750300,0.710,93347400,0.711,78009200,0.712,48648700,0.713,34179200,345,0,0
sh513130,09:35:20,1765935321739,09:36:20,1765935320395,0.709,0.7088,0.0282,5406.0,0.9045,2.3483,28155900,19962533,0.709,0.998,0.708,73602700,0.707,78010500,0.706,71671500,0.705,50220600,0.704,28047700,0.709,46194000,0.710,92336500,0.711,60488400,0.712,46191400,0.713,34189200,1343,0,0
sh513130,09:35:20,1765935322731,09:36:22,1765935322417,0.709,0.7088,0.0282,5405.43,0.9045,2.8682,0,0,0.709,0.992,0.708,73602700,0.707,78010500,0.706,71671500,0.705,50220600,0.704,28047700,0.709,46194000,0.710,92336500,0.711,60488400,0.712,46191400,0.713,34189200,313,0,0
sh513130,09:35:20,1765935323734,09:36:22,1765935322417,0.709,0.7088,0.0282,5405.43,0.9045,2.5257,0,0,0.709,1.003,0.708,73602700,0.707,78010500,0.706,71671500,0.705,50220600,0.704,28047700,0.709,46194000,0.710,92336500,0.711,60488400,0.712,46191400,0.713,34189200,1317,0,0
sh513130,09:35:23,1765935324744,09:36:24,1765935324412,0.708,0.7088,-0.1129,5405.96,0.9045,2.481,678500,480969,0.7089,1.01,0.708,77947700,0.707,78062900,0.706,71687500,0.705,50257200,0.704,28047700,0.709,59845500,0.710,84476100,0.711,59498400,0.712,47690300,0.713,34189200,332,0,0
sh513130,09:35:23,1765935325754,09:36:24,1765935324412,0.708,0.7088,-0.1129,5405.96,0.9045,6.1024,0,0,0.708,1.009,0.708,77947700,0.707,78062900,0.706,71687500,0.705,50257200,0.704,28047700,0.709,59845500,0.710,84476100,0.711,59498400,0.712,47690300,0.713,34189200,1341,0,0
sh513130,09:35:23,1765935326753,09:36:26,1765935326396,0.708,0.7088,-0.1129,5406.57,0.9045,5.9153,0,0,0.708,0.999,0.708,77947700,0.707,78062900,0.706,71687500,0.705,50257200,0.704,28047700,0.709,59845500,0.710,84476100,0.711,59498400,0.712,47690300,0.713,34189200,356,0,0
sh513130,09:35:23,1765935327758,09:36:26,1765935326396,0.708,0.7088,-0.1129,5406.57,0.9045,4.9397,0,0,0.708,1.005,0.708,77947700,0.707,78062900,0.706,71687500,0.705,50257200,0.704,28047700,0.709,59845500,0.710,84476100,0.711,59498400,0.712,47690300,0.713,34189200,1361,0,0
sh513130,09:35:26,1765935328770,09:36:28,1765935328565,0.708,0.7088,-0.1129,5406.13,0.9045,4.0328,173100,122725,0.709,1.012,0.708,79474000,0.707,77999400,0.706,71557500,0.705,50247200,0.704,28047700,0.709,45859300,0.710,84708100,0.711,60518400,0.712,47781300,0.713,34199200,205,0,0
sh513130,09:35:26,1765935329764,09:36:28,1765935328565,0.708,0.7088,-0.1129,5406.13,0.9045,5.3457,0,0,0.708,0.994,0.708,79474000,0.707,77999400,0.706,71557500,0.705,50247200,0.704,28047700,0.709,45859300,0.710,84708100,0.711,60518400,0.712,47781300,0.713,34199200,1199,0,0
sh513130,09:35:29,1765935330763,09:36:30,1765935330732,0.709,0.7088,0.0282,5405.51,0.9045,6.9915,9425000,6682321,0.709,0.998,0.709,9674200,0.708,78955000,0.707,76996900,0.706,71557500,0.705,50257200,0.710,93267300,0.711,81016500,0.712,48181300,0.713,34220200,0.714,41082700,30,0,0
sh513130,09:35:29,1765935331771,09:36:30,1765935330732,0.709,0.7088,0.0282,5405.51,0.9045,6.7349,0,0,0.709,1.009,0.709,9674200,0.708,78955000,0.707,76996900,0.706,71557500,0.705,50257200,0.710,93267300,0.711,81016500,0.712,48181300,0.713,34220200,0.714,41082700,1039,0,0
sh513130,09:35:29,1765935332782,09:36:32,1765935332471,0.709,0.7088,0.0282,5407.07,0.9045,6.1626,0,0,0.709,1.011,0.709,9674200,0.708,78955000,0.707,76996900,0.706,71557500,0.705,50257200,0.710,93267300,0.711,81016500,0.712,48181300,0.713,34220200,0.714,41082700,311,0,0
sh513130,09:35:32,1765935333779,09:36:32,1765935332914,0.709,0.7088,0.0282,5407.07,0.9045,5.3175,12085600,8568690,0.709,0.997,0.708,80927900,0.707,77884300,0.706,71684600,0.705,50232200,0.704,28398900,0.709,20038800,0.710,86780000,0.711,62518400,0.712,53197600,0.713,34220200,865,0,0
sh513130,09:35:32,1765935334781,09:36:34,1765935334457,0.709,0.7088,0.0282,5406.9,0.9045,4.8265,0,0,0.709,1.002,0.708,80927900,0.707,77884300,0.706,71684600,0.705,50232200,0.704,28398900,0.709,20038800,0.710,86780000,0.711,62518400,0.712,53197600,0.713,34220200,323,0,0
sh513130,09:35:32,1765935335779,09:36:34,1765935335077,0.709,0.7088,0.0282,5406.9,0.9045,4.7158,0,0,0.709,0.997,0.708,80927900,0.707,77884300,0.706,71684600,0.705,50232200,0.704,28398900,0.709,20038800,0.710,86780000,0.711,62518400,0.712,53197600,0.713,34220200,701,0,0
sh513130,09:35:32,1765935336785,09:36:36,1765935336407,0.709,0.7088,0.0282,5407.11,0.9045,4.7452,0,0,0.709,1.006,0.708,80927900,0.707,77884300,0.706,71684600,0.705,50232200,0.704,28398900,0.709,20038800,0.710,86780000,0.711,62518400,0.712,53197600,0.713,34220200,377,0,0
sh513130,09:35:35,1765935337792,09:36:36,1765935337249,0.708,0.7088,-0.1129,5407.11,0.9045,4.0879,1049700,743968,0.7087,1.007,0.708,82277100,0.707,77181400,0.706,71439100,0.705,50282200,0.704,28405000,0.709,32538200,0.710,78593800,0.711,66018000,0.712,52797600,0.713,34260200,541,0,0
sh513130,09:35:35,1765935338790,09:36:38,1765935338421,0.708,0.7088,-0.1129,5406.96,0.9045,3.7567,0,0,0.708,0.997,0.708,82277100,0.707,77181400,0.706,71439100,0.705,50282200,0.704,28405000,0.709,32538200,0.710,78593800,0.711,66018000,0.712,52797600,0.713,34260200,367,0,0
sh513130,09:35:38,1765935339788,09:36:38,1765935339417,0.708,0.7088,-0.1129,5406.96,0.9045,4.1555,323600,229359,0.7088,0.999,0.708,84289200,0.707,77166600,0.706,71469100,0.705,50184000,0.704,28405000,0.709,61804400,0.710,80346300,0.711,66031000,0.712,41280700,0.713,34311900,371,0,0
sh513130,09:35:38,1765935340794,09:36:40,1765935340496,0.708,0.7088,-0.1129,5402.54,0.9045,4.6289,0,0,0.708,1.006,0.708,84289200,0.707,77166600,0.706,71469100,0.705,50184000,0.704,28405000,0.709,61804400,0.710,80346300,0.711,66031000,0.712,41280700,0.713,34311900,298,0,0
sh513130,09:35:38,1765935341802,09:36:40,1765935341597,0.708,0.7088,-0.1129,5402.54,0.9045,1.7488,0,0,0.708,1.007,0.708,84289200,0.707,77166600,0.706,71469100,0.705,50184000,0.704,28405000,0.709,61804400,0.710,80346300,0.711,66031000,0.712,41280700,0.713,34311900,204,0,0
sh513130,09:35:41,1765935342784,09:36:42,1765935342432,0.708,0.7088,-0.1129,5400.58,0.9045,1.9628,17461100,12362607,0.708,0.983,0.707,82737400,0.706,83222800,0.705,59378100,0.704,31426000,0.703,28083500,0.708,18064900,0.709,65014300,0.710,77863700,0.711,63102000,0.712,35290700,352,0,0
sh513130,09:35:41,1765935343789,09:36:42,1765935342432,0.708,0.7088,-0.1129,5400.58,0.9045,2.7065,0,0,0.708,1.004,0.707,82737400,0.706,83222800,0.705,59378100,0.704,31426000,0.703,28083500,0.708,18064900,0.709,65014300,0.710,77863700,0.711,63102000,0.712,35290700,1356,0,0
sh513130,09:35:41,1765935344791,09:36:44,1765935344626,0.708,0.7088,-0.1129,5399.29,0.9045,3.0488,0,0,0.708,1.002,0.707,82737400,0.706,83222800,0.705,59378100,0.704,31426000,0.703,28083500,0.708,18064900,0.709,65014300,0.710,77863700,0.711,63102000,0.712,35290700,164,0,0
sh513130,09:35:44,1765935345791,09:36:44,1765935344626,0.708,0.7081,-0.0141,5399.29,0.9045,4.7336,19469600,13784725,0.708,1.0,0.707,70784300,0.706,84117500,0.705,62748100,0.704,31426000,0.703,28083500,0.708,70040100,0.709,64851400,0.710,64914500,0.711,37822900,0.712,35366900,1164,0,0
sh513130,09:35:44,1765935346801,09:36:46,1765935346399,0.708,0.7081,-0.0141,5396.63,0.9045,3.7298,0,0,0.708,1.01,0.707,70784300,0.706,84117500,0.705,62748100,0.704,31426000,0.703,28083500,0.708,70040100,0.709,64851400,0.710,64914500,0.711,37822900,0.712,35366900,402,0,0
sh513130,09:35:44,1765935347803,09:36:46,1765935346399,0.708,0.7081,-0.0141,5396.63,0.9045,3.6621,0,0,0.708,1.002,0.707,70784300,0.706,84117500,0.705,62748100,0.704,31426000,0.703,28083500,0.708,70040100,0.709,64851400,0.710,64914500,0.711,37822900,0.712,35366900,1404,0,0
sh513130,09:35:44,1765935348828,09:36:48,1765935348477,0.708,0.7081,-0.0141,5396.41,0.9045,4.4357,0,0,0.708,1.025,0.707,70784300,0.706,84117500,0.705,62748100,0.704,31426000,0.703,28083500,0.708,70040100,0.709,64851400,0.710,64914500,0.711,37822900,0.712,35366900,351,0,0
sh513130,09:35:47,1765935349789,09:36:48,1765935348477,0.707,0.7081,-0.1553,5396.41,0.9045,4.5183,132200,93597,0.708,0.96,0.707,70852500,0.706,85009600,0.705,62762400,0.704,31528000,0.703,28083500,0.708,58066800,0.709,65577700,0.710,63195400,0.711,37390700,0.712,35366900,1311,0,0
sh513130,09:35:47,1765935350799,09:36:50,1765935350437,0.707,0.7081,-0.1553,5397.33,0.9045,4.1949,0,0,0.707,1.01,0.707,70852500,0.706,85009600,0.705,62762400,0.704,31528000,0.703,28083500,0.708,58066800,0.709,65577700,0.710,63195400,0.711,37390700,0.712,35366900,361,0,0
sh513130,09:35:50,1765935351803,09:36:50,1765935350437,0.708,0.7074,0.0848,5397.33,0.9045,4.0528,112900,79934,0.708,1.004,0.707,71217200,0.706,86022700,0.705,62732400,0.704,31529000,0.703,28095500,0.708,85954200,0.709,61022200,0.710,64286700,0.711,29990700,0.712,34386900,1365,0,0
sh513130,09:35:50,1765935352813,09:36:52,1765935352483,0.708,0.7074,0.0848,5398.36,0.9045,4.1386,0,0,0.708,1.01,0.707,71217200,0.706,86022700,0.705,62732400,0.704,31529000,0.703,28095500,0.708,85954200,0.709,61022200,0.710,64286700,0.711,29990700,0.712,34386900,329,0,0
sh513130,09:35:50,1765935353806,09:36:52,1765935352483,0.708,0.7074,0.0848,5398.36,0.9045,3.5406,0,0,0.708,0.993,0.707,71217200,0.706,86022700,0.705,62732400,0.704,31529000,0.703,28095500,0.708,85954200,0.709,61022200,0.710,64286700,0.711,29990700,0.712,34386900,1322,0,0
sh513130,09:35:53,1765935354860,09:36:54,1765935354664,0.708,0.7074,0.0848,5397.92,0.9045,3.4756,77200,54623,0.7076,1.054,0.707,71155400,0.706,86920400,0.705,62746400,0.704,31429000,0.703,28095500,0.708,86714100,0.709,63202100,0.710,63326700,0.711,29990700,0.712,34283600,194,0,0
sh513130,09:35:53,1765935355813,09:36:54,1765935354664,0.708,0.7074,0.0848,5397.92,0.9045,1.1099,0,0,0.708,0.954,0.707,71155400,0.706,86920400,0.705,62746400,0.704,31429000,0.703,28095500,0.708,86714100,0.709,63202100,0.710,63326700,0.711,29990700,0.712,34283600,1148,0,0
sh513130,09:35:53,1765935356817,09:36:56,1765935356441,0.708,0.7074,0.0848,5397.25,0.9045,1.4054,0,0,0.708,1.004,0.707,71155400,0.706,86920400,0.705,62746400,0.704,31429000,0.703,28095500,0.708,86714100,0.709,63202100,0.710,63326700,0.711,29990700,0.712,34283600,376,0,0
sh513130,09:35:56,1765935357816,09:36:56,1765935356838,0.708,0.7074,0.0848,5397.25,0.9045,2.0656,163900,116041,0.708,0.999,0.707,66419400,0.706,87101600,0.705,62746400,0.704,31429000,0.703,28125500,0.708,87635600,0.709,65347000,0.710,62486400,0.711,29990700,0.712,34283600,977,0,0
sh513130,09:35:56,1765935358805,09:36:58,1765935358433,0.708,0.7074,0.0848,5397.89,0.9045,5.8963,0,0,0.708,0.989,0.707,66419400,0.706,87101600,0.705,62746400,0.704,31429000,0.703,28125500,0.708,87635600,0.709,65347000,0.710,62486400,0.711,29990700,0.712,34283600,371,0,0
sh513130,09:35:56,1765935359807,09:36:58,1765935359009,0.708,0.7074,0.0848,5397.89,0.9045,4.941,0,0,0.708,1.003,0.707,66419400,0.706,87101600,0.705,62746400,0.704,31429000,0.703,28125500,0.708,87635600,0.709,65347000,0.710,62486400,0.711,29990700,0.712,34283600,798,0,0
sh513130,09:35:59,1765935360819,09:37:00,1765935360568,0.707,0.7068,0.0283,5397.74,0.9045,4.8587,168200,119050,0.7078,1.012,0.707,66290400,0.706,87992100,0.705,62737400,0.704,31329000,0.703,28130000,0.708,87463900,0.709,65928000,0.710,62117800,0.711,29990700,0.712,34283600,251,0,0
sh513130,09:35:59,1765935361816,09:37:00,1765935361176,0.707,0.7068,0.0283,5397.74,0.9045,4.2568,0,0,0.707,0.997,0.707,66290400,0.706,87992100,0.705,62737400,0.704,31329000,0.703,28130000,0.708,87463900,0.709,65928000,0.710,62117800,0.711,29990700,0.712,34283600,640,0,0
sh513130,09:35:59,1765935362807,09:37:02,1765935362400,0.707,0.7068,0.0283,5398.8,0.9045,3.5841,0,0,0.707,0.991,0.707,66290400,0.706,87992100,0.705,62737400,0.704,31329000,0.703,28130000,0.708,87463900,0.709,65928000,0.710,62117800,0.711,29990700,0.712,34283600,407,0,0
sh513130,09:35:59,1765935363815,09:37:02,1765935363342,0.707,0.7068,0.0283,5398.8,0.9045,6.272,0,0,0.707,1.008,0.707,66290400,0.706,87992100,0.705,62737400,0.704,31329000,0.703,28130000,0.708,87463900,0.709,65928000,0.710,62117800,0.711,29990700,0.712,34283600,472,0,0
sh513130,09:36:02,1765935364819,09:37:04,1765935364443,0.708,0.7068,0.1698,5398.99,0.9045,5.0618,858700,607959,0.708,1.005,0.707,69601800,0.706,87856800,0.705,62879500,0.704,31329000,0.703,28141000,0.708,26760400,0.709,73538100,0.710,81727300,0.711,43269500,0.712,34310400,375,0,0
sh513130,09:36:02,1765935365832,09:37:04,1765935365528,0.708,0.7068,0.1698,5398.99,0.9045,4.2208,0,0,0.708,1.013,0.707,69601800,0.706,87856800,0.705,62879500,0.704,31329000,0.703,28141000,0.708,26760400,0.709,73538100,0.710,81727300,0.711,43269500,0.712,34310400,304,0,0
sh513130,09:36:05,1765935366823,09:37:06,1765935366410,0.708,0.7074,0.0848,5398.66,0.9045,3.5025,27615200,19551563,0.708,0.991,0.707,74648300,0.706,82463700,0.705,60899500,0.704,31329000,0.703,28141300,0.708,46527800,0.709,75648300,0.710,64691600,0.711,44773500,0.712,34362100,412,0,0
