symbol,tx_server_time,tx_local_time,bd_server_time,bd_local_time,price,iopv,premium_rate,index_price,fx_rate,sentiment,tick_vol,tick_amt,tick_vwap,interval_s,bp1,bv1,bp2,bv2,bp3,bv3,bp4,bv4,bp5,bv5,sp1,sv1,sp2,sv2,sp3,sv3,sp4,sv4,sp5,sv5,idx_delay_ms,data_flags
sh513130,09:30:57,1764811860176,,0,0.73,0.7293,0.096,,0.907,0.0,0,0,0.73,0.0,0.729,32129500,0.728,50843400,0.727,36396800,0.726,42038600,0.725,30926300,0.73,56891700,0.731,71260300,0.732,52469700,0.733,35124500,0.734,31465500,99999,0
sh513130,09:30:57,1764811861122,,0,0.73,0.7293,0.096,,0.907,0.0,0,0,0.73,0.946,0.729,32129500,0.728,50843400,0.727,36396800,0.726,42038600,0.725,30926300,0.73,56891700,0.731,71260300,0.732,52469700,0.733,35124500,0.734,31465500,99999,0
sh513130,09:31:00,1764811862116,,0,0.73,0.7293,0.096,,0.907,1.1884,860500,628148,0.73,0.994,0.729,33155100,0.728,50433400,0.727,37270600,0.726,42038600,0.725,30915900,0.73,58994000,0.731,70996500,0.732,52469700,0.733,35136100,0.734,31086500,99999,0
sh513130,09:31:00,1764811863127,,0,0.73,0.7293,0.096,,0.907,2.0895,0,0,0.73,1.011,0.729,33155100,0.728,50433400,0.727,37270600,0.726,42038600,0.725,30915900,0.73,58994000,0.731,70996500,0.732,52469700,0.733,35136100,0.734,31086500,99999,0
sh513130,09:31:03,1764811864127,,0,0.73,0.7293,0.096,,0.907,3.4397,220700,161074,0.7298,1.0,0.729,49877800,0.728,45777900,0.727,40514300,0.726,42038600,0.725,30919900,0.73,63537100,0.731,71355500,0.732,52638600,0.733,39643100,0.734,31086500,99999,0
sh513130,09:31:03,1764811865122,09:32:04,1764811864955,0.73,0.7293,0.096,5545.81,0.907,5.7893,0,0,0.73,0.995,0.729,49877800,0.728,45777900,0.727,40514300,0.726,42038600,0.725,30919900,0.73,63537100,0.731,71355500,0.732,52638600,0.733,39643100,0.734,31086500,167,0
sh513130,09:31:03,1764811866129,09:32:04,1764811864955,0.73,0.7293,0.096,5545.81,0.907,5.9973,0,0,0.73,1.007,0.729,49877800,0.728,45777900,0.727,40514300,0.726,42038600,0.725,30919900,0.73,63537100,0.731,71355500,0.732,52638600,0.733,39643100,0.734,31086500,1174,0
sh513130,09:31:03,1764811867122,09:32:06,1764811866620,0.73,0.7293,0.096,5544.02,0.907,5.7709,0,0,0.73,0.993,0.729,49877800,0.728,45777900,0.727,40514300,0.726,42038600,0.725,30919900,0.73,63537100,0.731,71355500,0.732,52638600,0.733,39643100,0.734,31086500,502,0
sh513130,09:31:06,1764811868127,09:32:06,1764811867131,0.73,0.7293,0.096,5544.02,0.907,5.5003,159700,116537,0.7297,1.004,0.729,47755600,0.728,45837300,0.727,35566700,0.726,42202300,0.725,30928200,0.73,68007200,0.731,71380500,0.732,52696800,0.733,35143100,0.734,31089500,996,0
sh513130,09:31:06,1764811869134,09:32:08,1764811868441,0.73,0.7293,0.096,5543.0,0.907,4.0583,0,0,0.73,1.007,0.729,47755600,0.728,45837300,0.727,35566700,0.726,42202300,0.725,30928200,0.73,68007200,0.731,71380500,0.732,52696800,0.733,35143100,0.734,31089500,693,0
sh513130,09:31:06,1764811870134,09:32:08,1764811869303,0.73,0.7293,0.096,5543.0,0.907,3.7875,0,0,0.73,1.0,0.729,47755600,0.728,45837300,0.727,35566700,0.726,42202300,0.725,30928200,0.73,68007200,0.731,71380500,0.732,52696800,0.733,35143100,0.734,31089500,831,0
sh513130,09:31:09,1764811871148,09:32:10,1764811870501,0.729,0.7293,-0.0411,5542.5,0.907,3.3963,122100,89107,0.7298,1.014,0.729,34696400,0.728,58791300,0.727,35566700,0.726,37202300,0.725,25928200,0.73,69002800,0.731,72348100,0.732,52698800,0.733,35165000,0.734,31090600,647,0
sh513130,09:31:09,1764811872139,09:32:10,1764811871476,0.729,0.7293,-0.0411,5542.5,0.907,4.6152,0,0,0.729,0.991,0.729,34696400,0.728,58791300,0.727,35566700,0.726,37202300,0.725,25928200,0.73,69002800,0.731,72348100,0.732,52698800,0.733,35165000,0.734,31090600,663,0
sh513130,09:31:09,1764811873143,09:32:12,1764811872433,0.729,0.7293,-0.0411,5541.21,0.907,3.9387,0,0,0.729,1.004,0.729,34696400,0.728,58791300,0.727,35566700,0.726,37202300,0.725,25928200,0.73,69002800,0.731,72348100,0.732,52698800,0.733,35165000,0.734,31090600,710,0
sh513130,09:31:12,1764811874156,09:32:12,1764811873660,0.729,0.7297,-0.0959,5541.21,0.907,3.99,34257000,24973604,0.729,1.013,0.728,65739800,0.727,55511200,0.726,37202300,0.725,33328200,0.724,23886900,0.729,44721800,0.73,60406000,0.731,69336600,0.732,45910200,0.733,32165300,496,0
sh513130,09:31:12,1764811875165,09:32:14,1764811874516,0.729,0.7297,-0.0959,5540.76,0.907,3.1416,0,0,0.729,1.009,0.728,65739800,0.727,55511200,0.726,37202300,0.725,33328200,0.724,23886900,0.729,44721800,0.73,60406000,0.731,69336600,0.732,45910200,0.733,32165300,649,0
sh513130,09:31:12,1764811876195,09:32:14,1764811875836,0.729,0.7297,-0.0959,5540.76,0.907,3.328,0,0,0.729,1.03,0.728,65739800,0.727,55511200,0.726,37202300,0.725,33328200,0.724,23886900,0.729,44721800,0.73,60406000,0.731,69336600,0.732,45910200,0.733,32165300,359,0
sh513130,09:31:15,1764811877185,09:32:16,1764811876482,0.729,0.7298,-0.1096,5541.37,0.907,2.7497,3617300,2636975,0.729,0.991,0.728,66439500,0.727,56369400,0.726,37202300,0.725,33328200,0.724,23887000,0.729,49255300,0.73,62518400,0.731,69383800,0.732,39726400,0.733,32165700,703,0
sh513130,09:31:15,1764811878145,09:32:16,1764811878098,0.729,0.7298,-0.1096,5541.37,0.907,3.171,0,0,0.729,0.96,0.728,66439500,0.727,56369400,0.726,37202300,0.725,33328200,0.724,23887000,0.729,49255300,0.73,62518400,0.731,69383800,0.732,39726400,0.733,32165700,47,0
sh513130,09:31:15,1764811879142,09:32:18,1764811878463,0.729,0.7298,-0.1096,5541.47,0.907,6.0049,0,0,0.729,0.997,0.728,66439500,0.727,56369400,0.726,37202300,0.725,33328200,0.724,23887000,0.729,49255300,0.73,62518400,0.731,69383800,0.732,39726400,0.733,32165700,679,0
sh513130,09:31:18,1764811880144,09:32:18,1764811878463,0.729,0.7298,-0.1096,5541.47,0.907,5.7832,1086100,791767,0.729,1.002,0.728,57594500,0.727,56369400,0.726,37203300,0.725,33329200,0.724,23887000,0.729,50620100,0.73,63751300,0.731,69480800,0.732,35211400,0.733,32181000,1681,0
sh513130,09:31:18,1764811881149,09:32:20,1764811880484,0.729,0.7298,-0.1096,5540.35,0.907,6.0514,0,0,0.729,1.006,0.728,57594500,0.727,56369400,0.726,37203300,0.725,33329200,0.724,23887000,0.729,50620100,0.73,63751300,0.731,69480800,0.732,35211400,0.733,32181000,665,0
sh513130,09:31:21,1764811882147,09:32:20,1764811880484,0.728,0.7291,-0.1509,5540.35,0.907,4.2661,68800,50155,0.729,0.997,0.728,59990100,0.727,56444800,0.726,37204300,0.725,33329200,0.724,23887000,0.729,44665100,0.73,72501800,0.731,72482300,0.732,39711400,0.733,32287800,1663,0
sh513130,09:31:21,1764811883147,09:32:22,1764811882508,0.728,0.7291,-0.1509,5539.98,0.907,3.8621,0,0,0.728,1.001,0.728,59990100,0.727,56444800,0.726,37204300,0.725,33329200,0.724,23887000,0.729,44665100,0.73,72501800,0.731,72482300,0.732,39711400,0.733,32287800,639,0
sh513130,09:31:21,1764811884154,09:32:22,1764811882508,0.728,0.7291,-0.1509,5539.98,0.907,4.0639,0,0,0.728,1.007,0.728,59990100,0.727,56444800,0.726,37204300,0.725,33329200,0.724,23887000,0.729,44665100,0.73,72501800,0.731,72482300,0.732,39711400,0.733,32287800,1646,0
sh513130,09:31:24,1764811885158,09:32:24,1764811884509,0.728,0.7291,-0.1509,5540.96,0.907,4.5596,610800,444985,0.7285,1.004,0.728,60570400,0.727,56465800,0.726,37235300,0.725,33400200,0.724,23892000,0.729,22497400,0.73,72754200,0.731,72526000,0.732,45139400,0.733,32186000,649,0
sh513130,09:31:24,1764811886154,09:32:24,1764811884509,0.728,0.7291,-0.1509,5540.96,0.907,3.467,0,0,0.728,0.997,0.728,60570400,0.727,56465800,0.726,37235300,0.725,33400200,0.724,23892000,0.729,22497400,0.73,72754200,0.731,72526000,0.732,45139400,0.733,32186000,1645,0
sh513130,09:31:24,1764811887158,09:32:26,1764811886815,0.728,0.7291,-0.1509,5541.67,0.907,2.9898,0,0,0.728,1.004,0.728,60570400,0.727,56465800,0.726,37235300,0.725,33400200,0.724,23892000,0.729,22497400,0.73,72754200,0.731,72526000,0.732,45139400,0.733,32186000,343,0
sh513130,09:31:27,1764811888160,09:32:26,1764811886815,0.729,0.7291,-0.0137,5541.67,0.907,2.7696,60300,43901,0.728,1.002,0.728,61521600,0.727,56465800,0.726,37150700,0.725,35683500,0.724,23892000,0.729,24477300,0.73,73213900,0.731,72529000,0.732,45082600,0.733,32186000,1345,0
sh513130,09:31:27,1764811889157,09:32:28,1764811888844,0.729,0.7291,-0.0137,5539.51,0.907,4.4312,0,0,0.729,0.997,0.728,61521600,0.727,56465800,0.726,37150700,0.725,35683500,0.724,23892000,0.729,24477300,0.73,73213900,0.731,72529000,0.732,45082600,0.733,32186000,313,0
sh513130,09:31:27,1764811890158,09:32:28,1764811888844,0.729,0.7291,-0.0137,5539.51,0.907,4.2379,0,0,0.729,1.001,0.728,61521600,0.727,56465800,0.726,37150700,0.725,35683500,0.724,23892000,0.729,24477300,0.73,73213900,0.731,72529000,0.732,45082600,0.733,32186000,1314,0
sh513130,09:31:30,1764811891162,09:32:30,1764811891005,0.729,0.7291,-0.0137,5541.0,0.907,4.2845,59600,43424,0.7286,1.004,0.728,68104800,0.727,56472800,0.726,37150700,0.725,29303500,0.724,26172000,0.729,12231800,0.73,73525400,0.731,72529000,0.732,46202000,0.733,31927200,157,0
sh513130,09:31:27,1764811892166,09:32:30,1764811891005,0.729,0.7291,-0.0137,5541.0,0.907,7.6118,0,0,0.729,1.004,0.728,61521600,0.727,56465800,0.726,37150700,0.725,35683500,0.724,23892000,0.729,24477300,0.73,73213900,0.731,72529000,0.732,45082600,0.733,32186000,1161,0
sh513130,09:31:30,1764811893164,09:32:32,1764811892507,0.729,0.7291,-0.0137,5543.82,0.907,7.3936,59600,43424,0.7286,0.998,0.728,68104800,0.727,56472800,0.726,37150700,0.725,29303500,0.724,26172000,0.729,12231800,0.73,73525400,0.731,72529000,0.732,46202000,0.733,31927200,657,0
sh513130,09:31:30,1764811894167,09:32:32,1764811893177,0.729,0.7291,-0.0137,5543.82,0.907,6.7962,0,0,0.729,1.003,0.728,68104800,0.727,56472800,0.726,37150700,0.725,29303500,0.724,26172000,0.729,12231800,0.73,73525400,0.731,72529000,0.732,46202000,0.733,31927200,990,0
sh513130,09:31:33,1764811895163,09:32:34,1764811894494,0.729,0.7291,-0.0137,5547.17,0.907,7.5548,21068200,15358916,0.729,0.996,0.729,46011600,0.728,54416200,0.727,35762500,0.726,39429700,0.725,28303500,0.73,66137200,0.731,71613700,0.732,46202000,0.733,40838200,0.734,31818700,669,0
sh513130,09:31:33,1764811896165,09:32:34,1764811895354,0.729,0.7291,-0.0137,5547.17,0.907,7.2466,0,0,0.729,1.002,0.729,46011600,0.728,54416200,0.727,35762500,0.726,39429700,0.725,28303500,0.73,66137200,0.731,71613700,0.732,46202000,0.733,40838200,0.734,31818700,811,0
sh513130,09:31:36,1764811897168,09:32:36,1764811896490,0.729,0.7298,-0.1096,5546.64,0.907,5.9538,1336400,974235,0.729,1.003,0.729,47290900,0.728,54463500,0.727,35795500,0.726,39429700,0.725,28303500,0.73,63841600,0.731,71698700,0.732,46212000,0.733,36462200,0.734,31818700,678,0
sh513130,09:31:36,1764811898174,09:32:36,1764811897516,0.729,0.7298,-0.1096,5546.64,0.907,4.4859,0,0,0.729,1.006,0.729,47290900,0.728,54463500,0.727,35795500,0.726,39429700,0.725,28303500,0.73,63841600,0.731,71698700,0.732,46212000,0.733,36462200,0.734,31818700,658,0
sh513130,09:31:36,1764811899174,09:32:38,1764811898507,0.729,0.7298,-0.1096,5546.43,0.907,2.6444,0,0,0.729,1.0,0.729,47290900,0.728,54463500,0.727,35795500,0.726,39429700,0.725,28303500,0.73,63841600,0.731,71698700,0.732,46212000,0.733,36462200,0.734,31818700,667,0
sh513130,09:31:36,1764811900179,09:32:38,1764811899705,0.729,0.7298,-0.1096,5546.43,0.907,3.1742,0,0,0.729,1.005,0.729,47290900,0.728,54463500,0.727,35795500,0.726,39429700,0.725,28303500,0.73,63841600,0.731,71698700,0.732,46212000,0.733,36462200,0.734,31818700,474,0
sh513130,09:31:39,1764811901172,09:32:40,1764811900482,0.73,0.7298,0.0274,5547.05,0.907,3.2485,893800,651585,0.729,0.993,0.729,48898600,0.728,54349900,0.727,35745500,0.726,39460100,0.725,28303500,0.73,73314300,0.731,71993300,0.732,46283800,0.733,32132200,0.734,32021700,690,0
sh513130,09:31:39,1764811902179,09:32:40,1764811901907,0.73,0.7298,0.0274,5547.05,0.907,3.3903,0,0,0.73,1.007,0.729,48898600,0.728,54349900,0.727,35745500,0.726,39460100,0.725,28303500,0.73,73314300,0.731,71993300,0.732,46283800,0.733,32132200,0.734,32021700,272,0
sh513130,09:31:39,1764811903166,09:32:42,1764811902499,0.73,0.7298,0.0274,5545.56,0.907,2.9508,0,0,0.73,0.986,0.729,48898600,0.728,54349900,0.727,35745500,0.726,39460100,0.725,28303500,0.73,73314300,0.731,71993300,0.732,46283800,0.733,32132200,0.734,32021700,667,0
sh513130,09:31:39,1764811904174,09:32:42,1764811904055,0.73,0.7298,0.0274,5545.56,0.907,3.9421,0,0,0.73,1.008,0.729,48898600,0.728,54349900,0.727,35745500,0.726,39460100,0.725,28303500,0.73,73314300,0.731,71993300,0.732,46283800,0.733,32132200,0.734,32021700,119,0
sh513130,09:31:42,1764811905177,09:32:44,1764811904516,0.73,0.7304,-0.0548,5546.0,0.907,3.7647,336500,245329,0.7291,1.004,0.729,50055200,0.728,54360200,0.727,35782900,0.726,39462100,0.725,28303500,0.73,69826300,0.731,71955700,0.732,46600400,0.733,36612200,0.734,32031700,661,0
sh513130,09:31:42,1764811906183,09:32:44,1764811904516,0.73,0.7304,-0.0548,5546.0,0.907,3.5571,0,0,0.73,1.006,0.729,50055200,0.728,54360200,0.727,35782900,0.726,39462100,0.725,28303500,0.73,69826300,0.731,71955700,0.732,46600400,0.733,36612200,0.734,32031700,1667,0
sh513130,09:31:45,1764811907185,09:32:46,1764811906475,0.729,0.7304,-0.1917,5545.34,0.907,4.1921,29300,21360,0.729,1.002,0.729,55226400,0.728,54421300,0.727,35858600,0.726,39562100,0.725,28303600,0.73,62531600,0.731,81334500,0.732,46607600,0.733,36535700,0.734,32031700,710,0
sh513130,09:31:45,1764811908177,09:32:46,1764811906475,0.729,0.7304,-0.1917,5545.34,0.907,4.0063,0,0,0.729,0.992,0.729,55226400,0.728,54421300,0.727,35858600,0.726,39562100,0.725,28303600,0.73,62531600,0.731,81334500,0.732,46607600,0.733,36535700,0.734,32031700,1702,0
sh513130,09:31:45,1764811909189,09:32:48,1764811908537,0.729,0.7304,-0.1917,5545.34,0.907,3.5332,0,0,0.729,1.011,0.729,55226400,0.728,54421300,0.727,35858600,0.726,39562100,0.725,28303600,0.73,62531600,0.731,81334500,0.732,46607600,0.733,36535700,0.734,32031700,652,0
sh513130,09:31:48,1764811910184,09:32:48,1764811908537,0.729,0.7304,-0.1917,5545.34,0.907,3.2585,303100,221185,0.7297,0.995,0.729,69778300,0.728,54490900,0.727,35988200,0.726,39562100,0.725,28336700,0.73,75732500,0.731,73034500,0.732,46607600,0.733,32028900,0.734,32113200,1647,0
sh513130,09:31:48,1764811911203,09:32:50,1764811910570,0.729,0.7304,-0.1917,5545.74,0.907,3.5879,0,0,0.729,1.019,0.729,69778300,0.728,54490900,0.727,35988200,0.726,39562100,0.725,28336700,0.73,75732500,0.731,73034500,0.732,46607600,0.733,32028900,0.734,32113200,633,0
sh513130,09:31:48,1764811912193,09:32:50,1764811910570,0.729,0.7304,-0.1917,5545.74,0.907,3.4232,0,0,0.729,0.991,0.729,69778300,0.728,54490900,0.727,35988200,0.726,39562100,0.725,28336700,0.73,75732500,0.731,73034500,0.732,46607600,0.733,32028900,0.734,32113200,1623,0
sh513130,09:31:51,1764811913196,09:32:52,1764811912733,0.729,0.7304,-0.1917,5545.56,0.907,2.6383,135000,98506,0.7297,1.003,0.729,73077700,0.728,54678800,0.727,35980500,0.726,39562100,0.725,28338000,0.73,73882700,0.731,73273700,0.732,46917900,0.733,35548100,0.734,32113200,463,0
sh513130,09:31:51,1764811914188,09:32:52,1764811912733,0.729,0.7304,-0.1917,5545.56,0.907,2.5619,0,0,0.729,0.992,0.729,73077700,0.728,54678800,0.727,35980500,0.726,39562100,0.725,28338000,0.73,73882700,0.731,73273700,0.732,46917900,0.733,35548100,0.734,32113200,1455,0
sh513130,09:31:51,1764811915199,09:32:54,1764811914898,0.729,0.7304,-0.1917,5545.1,0.907,2.4391,0,0,0.729,1.011,0.729,73077700,0.728,54678800,0.727,35980500,0.726,39562100,0.725,28338000,0.73,73882700,0.731,73273700,0.732,46917900,0.733,35548100,0.734,32113200,301,0
sh513130,09:31:54,1764811916198,09:32:54,1764811914898,0.729,0.7304,-0.1917,5545.1,0.907,4.2131,297000,216676,0.7295,0.999,0.729,59941300,0.728,54865200,0.727,35968100,0.726,39563000,0.725,28337800,0.73,77027000,0.731,73300500,0.732,47017900,0.733,32657100,0.734,32113200,1300,0
sh513130,09:31:54,1764811917198,09:32:56,1764811917069,0.729,0.7304,-0.1917,5545.53,0.907,3.9711,0,0,0.729,1.0,0.729,59941300,0.728,54865200,0.727,35968100,0.726,39563000,0.725,28337800,0.73,77027000,0.731,73300500,0.732,47017900,0.733,32657100,0.734,32113200,129,0
sh513130,09:31:54,1764811918202,09:32:56,1764811917069,0.729,0.7304,-0.1917,5545.53,0.907,4.3084,0,0,0.729,1.005,0.729,59941300,0.728,54865200,0.727,35968100,0.726,39563000,0.725,28337800,0.73,77027000,0.731,73300500,0.732,47017900,0.733,32657100,0.734,32113200,1133,0
sh513130,09:31:57,1764811919204,09:32:58,1764811918489,0.73,0.7304,-0.0548,5546.21,0.907,5.268,303600,221473,0.7295,1.001,0.729,60229900,0.728,54968700,0.727,35968100,0.726,39583100,0.725,28495200,0.73,78325400,0.731,73620700,0.732,47276700,0.733,32702500,0.734,32113800,715,0
sh513130,09:31:57,1764811920204,09:32:58,1764811919233,0.73,0.7304,-0.0548,5546.21,0.907,6.3785,0,0,0.73,1.001,0.729,60229900,0.728,54968700,0.727,35968100,0.726,39583100,0.725,28495200,0.73,78325400,0.731,73620700,0.732,47276700,0.733,32702500,0.734,32113800,971,0
sh513130,09:31:57,1764811921209,09:33:00,1764811920796,0.73,0.7304,-0.0548,5545.24,0.907,6.1493,0,0,0.73,1.005,0.729,60229900,0.728,54968700,0.727,35968100,0.726,39583100,0.725,28495200,0.73,78325400,0.731,73620700,0.732,47276700,0.733,32702500,0.734,32113800,413,0
sh513130,09:31:57,1764811922202,09:33:00,1764811921420,0.73,0.7304,-0.0548,5545.24,0.907,6.6139,0,0,0.73,0.993,0.729,60229900,0.728,54968700,0.727,35968100,0.726,39583100,0.725,28495200,0.73,78325400,0.731,73620700,0.732,47276700,0.733,32702500,0.734,32113800,782,0
sh513130,09:32:00,1764811923208,09:33:02,1764811922484,0.73,0.7304,-0.0548,5546.17,0.907,5.5571,155100,113221,0.73,1.006,0.729,55566700,0.728,55345800,0.727,35970100,0.726,39582800,0.725,28535200,0.73,70635000,0.731,74500000,0.732,47484500,0.733,41582500,0.734,32472500,724,0
sh513130,09:32:00,1764811924210,09:33:02,1764811923596,0.73,0.7304,-0.0548,5546.17,0.907,5.5131,0,0,0.73,1.002,0.729,55566700,0.728,55345800,0.727,35970100,0.726,39582800,0.725,28535200,0.73,70635000,0.731,74500000,0.732,47484500,0.733,41582500,0.734,32472500,614,0
sh513130,09:32:03,1764811925219,09:33:04,1764811924464,0.729,0.7304,-0.1917,5547.08,0.907,4.7121,263300,192208,0.73,1.009,0.729,62774600,0.728,53074800,0.727,35970100,0.726,34202800,0.725,28587200,0.73,44070700,0.731,82062000,0.732,50484200,0.733,41582500,0.734,32512500,755,0
sh513130,09:32:03,1764811926213,09:33:04,1764811925777,0.729,0.7304,-0.1917,5547.08,0.907,4.7057,0,0,0.729,0.994,0.729,62774600,0.728,53074800,0.727,35970100,0.726,34202800,0.725,28587200,0.73,44070700,0.731,82062000,0.732,50484200,0.733,41582500,0.734,32512500,436,0
sh513130,09:32:03,1764811927212,09:33:06,1764811926489,0.729,0.7304,-0.1917,5546.99,0.907,5.5834,0,0,0.729,0.999,0.729,62774600,0.728,53074800,0.727,35970100,0.726,34202800,0.725,28587200,0.73,44070700,0.731,82062000,0.732,50484200,0.733,41582500,0.734,32512500,723,0
sh513130,09:32:06,1764811928218,09:33:06,1764811927945,0.73,0.7298,0.0274,5546.99,0.907,4.6704,76400,55697,0.729,1.006,0.729,59168000,0.728,49286400,0.727,36020200,0.726,39582800,0.725,28587200,0.73,66287100,0.731,82223100,0.732,70482300,0.733,41582500,0.734,32552500,273,0
sh513130,09:32:06,1764811929212,09:33:08,1764811928465,0.73,0.7298,0.0274,5546.06,0.907,1.4622,0,0,0.73,0.994,0.729,59168000,0.728,49286400,0.727,36020200,0.726,39582800,0.725,28587200,0.73,66287100,0.731,82223100,0.732,70482300,0.733,41582500,0.734,32552500,747,0
sh513130,09:32:09,1764811930205,09:33:08,1764811930125,0.73,0.7298,0.0274,5546.06,0.907,1.3,389300,283910,0.7293,0.994,0.729,59110900,0.728,49299400,0.727,36026100,0.726,39582800,0.725,28537500,0.73,83139800,0.731,73828100,0.732,70623700,0.733,32781600,0.734,32582500,80,0
sh513130,09:32:09,1764811931224,09:33:10,1764811930449,0.73,0.7298,0.0274,5545.8,0.907,1.1624,0,0,0.73,1.019,0.729,59110900,0.728,49299400,0.727,36026100,0.726,39582800,0.725,28537500,0.73,83139800,0.731,73828100,0.732,70623700,0.733,32781600,0.734,32582500,775,0
sh513130,09:32:09,1764811932222,09:33:10,1764811930449,0.73,0.7298,0.0274,5545.8,0.907,-0.0901,0,0,0.73,0.998,0.729,59110900,0.728,49299400,0.727,36026100,0.726,39582800,0.725,28537500,0.73,83139800,0.731,73828100,0.732,70623700,0.733,32781600,0.734,32582500,1773,0
sh513130,09:32:09,1764811933221,09:33:12,1764811932491,0.73,0.7298,0.0274,5544.65,0.907,-0.2944,0,0,0.73,0.999,0.729,59110900,0.728,49299400,0.727,36026100,0.726,39582800,0.725,28537500,0.73,83139800,0.731,73828100,0.732,70623700,0.733,32781600,0.734,32582500,730,0
sh513130,09:32:12,1764811934228,09:33:12,1764811932491,0.729,0.7304,-0.1917,5544.65,0.907,0.2144,548200,399781,0.7293,1.006,0.729,49670900,0.728,60632200,0.727,38026100,0.726,41599600,0.725,28538500,0.73,87345200,0.731,77890400,0.732,74666700,0.733,32791600,0.734,32548200,1737,0
sh513130,09:32:12,1764811935229,09:33:14,1764811934500,0.729,0.7304,-0.1917,5545.03,0.907,0.6408,0,0,0.729,1.001,0.729,49670900,0.728,60632200,0.727,38026100,0.726,41599600,0.725,28538500,0.73,87345200,0.731,77890400,0.732,74666700,0.733,32791600,0.734,32548200,729,0
sh513130,09:32:15,1764811936222,09:33:14,1764811934500,0.729,0.7304,-0.1917,5545.03,0.907,0.6058,24325800,17733879,0.729,0.994,0.729,8530800,0.728,62619000,0.727,42395100,0.726,41599600,0.725,28568500,0.73,87584200,0.731,78123800,0.732,75135800,0.733,32911600,0.734,32548200,1722,0
sh513130,09:32:15,1764811937225,09:33:16,1764811936700,0.729,0.7304,-0.1917,5543.34,0.907,0.4818,0,0,0.729,1.002,0.729,8530800,0.728,62619000,0.727,42395100,0.726,41599600,0.725,28568500,0.73,87584200,0.731,78123800,0.732,75135800,0.733,32911600,0.734,32548200,525,0
sh513130,09:32:15,1764811938222,09:33:16,1764811936700,0.729,0.7304,-0.1917,5543.34,0.907,2.1527,0,0,0.729,0.997,0.729,8530800,0.728,62619000,0.727,42395100,0.726,41599600,0.725,28568500,0.73,87584200,0.731,78123800,0.732,75135800,0.733,32911600,0.734,32548200,1522,0
sh513130,09:32:15,1764811939230,09:33:18,1764811938875,0.729,0.7304,-0.1917,5542.94,0.907,2.2424,0,0,0.729,1.008,0.729,8530800,0.728,62619000,0.727,42395100,0.726,41599600,0.725,28568500,0.73,87584200,0.731,78123800,0.732,75135800,0.733,32911600,0.734,32548200,355,0
sh513130,09:32:18,1764811940228,09:33:18,1764811938875,0.729,0.7304,-0.1917,5542.94,0.907,2.0554,14438300,10525564,0.729,0.999,0.729,384700,0.728,63435500,0.727,52448000,0.726,41599600,0.725,28568500,0.73,88305800,0.731,78413700,0.732,75135800,0.733,32911600,0.734,35177900,1353,0
sh513130,09:32:18,1764811941233,09:33:20,1764811941053,0.729,0.7304,-0.1917,5542.08,0.907,1.9075,0,0,0.729,1.005,0.729,384700,0.728,63435500,0.727,52448000,0.726,41599600,0.725,28568500,0.73,88305800,0.731,78413700,0.732,75135800,0.733,32911600,0.734,35177900,180,0
sh513130,09:32:18,1764811942236,09:33:20,1764811941053,0.729,0.7304,-0.1917,5542.08,0.907,1.8143,0,0,0.729,1.003,0.729,384700,0.728,63435500,0.727,52448000,0.726,41599600,0.725,28568500,0.73,88305800,0.731,78413700,0.732,75135800,0.733,32911600,0.734,35177900,1183,0
sh513130,09:32:21,1764811943235,09:33:22,1764811942489,0.729,0.7297,-0.0959,5541.08,0.907,3.0746,1135400,827792,0.7291,0.999,0.729,685700,0.728,64639400,0.727,52605500,0.726,41599600,0.725,28568500,0.73,88553200,0.731,78432700,0.732,75162200,0.733,32947900,0.734,35177900,746,0
sh513130,09:32:21,1764811944233,09:33:22,1764811943237,0.729,0.7297,-0.0959,5541.08,0.907,3.319,0,0,0.729,0.998,0.729,685700,0.728,64639400,0.727,52605500,0.726,41599600,0.725,28568500,0.73,88553200,0.731,78432700,0.732,75162200,0.733,32947900,0.734,35177900,996,0
sh513130,09:32:21,1764811945238,09:33:24,1764811944467,0.729,0.7297,-0.0959,5540.0,0.907,3.4283,0,0,0.729,1.005,0.729,685700,0.728,64639400,0.727,52605500,0.726,41599600,0.725,28568500,0.73,88553200,0.731,78432700,0.732,75162200,0.733,32947900,0.734,35177900,771,0
sh513130,09:32:24,1764811946237,09:33:24,1764811945408,0.729,0.7297,-0.0959,5540.0,0.907,1.5706,858800,626079,0.729,1.0,0.728,57932100,0.727,52605500,0.726,41599600,0.725,35948500,0.724,27187000,0.729,28586900,0.73,86689000,0.731,78518500,0.732,56245800,0.733,32947900,829,0
sh513130,09:32:24,1764811947237,09:33:26,1764811946482,0.729,0.7297,-0.0959,5539.38,0.907,1.6019,0,0,0.729,1.0,0.728,57932100,0.727,52605500,0.726,41599600,0.725,35948500,0.724,27187000,0.729,28586900,0.73,86689000,0.731,78518500,0.732,56245800,0.733,32947900,755,0
sh513130,09:32:24,1764811948241,09:33:26,1764811947584,0.729,0.7297,-0.0959,5539.38,0.907,1.4189,0,0,0.729,1.004,0.728,57932100,0.727,52605500,0.726,41599600,0.725,35948500,0.724,27187000,0.729,28586900,0.73,86689000,0.731,78518500,0.732,56245800,0.733,32947900,657,0
sh513130,09:32:24,1764811949252,09:33:28,1764811948449,0.729,0.7297,-0.0959,5538.99,0.907,1.2371,0,0,0.729,1.01,0.728,57932100,0.727,52605500,0.726,41599600,0.725,35948500,0.724,27187000,0.729,28586900,0.73,86689000,0.731,78518500,0.732,56245800,0.733,32947900,803,0
sh513130,09:32:27,1764811950260,09:33:28,1764811949787,0.729,0.7297,-0.0959,5538.99,0.907,1.227,166900,121670,0.729,1.008,0.728,59435000,0.727,52605500,0.726,41599600,0.725,36007500,0.724,27187000,0.729,29112500,0.73,88345100,0.731,78691800,0.732,56246800,0.733,32947900,473,0
sh513130,09:32:27,1764811951254,09:33:30,1764811950504,0.729,0.7297,-0.0959,5538.85,0.907,1.6168,0,0,0.729,0.994,0.728,59435000,0.727,52605500,0.726,41599600,0.725,36007500,0.724,27187000,0.729,29112500,0.73,88345100,0.731,78691800,0.732,56246800,0.733,32947900,750,0
sh513130,09:32:30,1764811952257,09:33:30,1764811951940,0.729,0.7297,-0.0959,5538.85,0.907,1.3881,135900,99065,0.729,1.003,0.728,60304100,0.727,52605500,0.726,41599600,0.725,36007500,0.724,27187000,0.729,26359800,0.73,89232000,0.731,78691800,0.732,56337800,0.733,33023300,317,0
sh513130,09:32:30,1764811953260,09:33:32,1764811952492,0.729,0.7297,-0.0959,5539.86,0.907,1.4597,0,0,0.729,1.003,0.728,60304100,0.727,52605500,0.726,41599600,0.725,36007500,0.724,27187000,0.729,26359800,0.73,89232000,0.731,78691800,0.732,56337800,0.733,33023300,768,0
sh513130,09:32:30,1764811954262,09:33:32,1764811954126,0.729,0.7297,-0.0959,5539.86,0.907,1.1666,0,0,0.729,1.001,0.728,60304100,0.727,52605500,0.726,41599600,0.725,36007500,0.724,27187000,0.729,26359800,0.73,89232000,0.731,78691800,0.732,56337800,0.733,33023300,136,0
sh513130,09:32:33,1764811955268,09:33:34,1764811954493,0.728,0.7297,-0.233,5538.45,0.907,2.3982,938400,684039,0.7289,1.006,0.728,66856500,0.727,52773100,0.726,41599600,0.725,29627500,0.724,27187000,0.729,25088000,0.73,89490700,0.731,78693100,0.732,56335800,0.733,33023300,775,0
sh513130,09:32:33,1764811956269,09:33:34,1764811954493,0.728,0.7297,-0.233,5538.45,0.907,2.8791,0,0,0.728,1.001,0.728,66856500,0.727,52773100,0.726,41599600,0.725,29627500,0.724,27187000,0.729,25088000,0.73,89490700,0.731,78693100,0.732,56335800,0.733,33023300,1776,0
sh513130,09:32:33,1764811957258,09:33:36,1764811956475,0.728,0.7297,-0.233,5538.6,0.907,4.6329,0,0,0.728,0.989,0.728,66856500,0.727,52773100,0.726,41599600,0.725,29627500,0.724,27187000,0.729,25088000,0.73,89490700,0.731,78693100,0.732,56335800,0.733,33023300,783,0
sh513130,09:32:36,1764811958262,09:33:36,1764811956475,0.729,0.7297,-0.0959,5538.6,0.907,4.3691,1405100,1024318,0.729,1.005,0.728,68019100,0.727,52769400,0.726,41617800,0.725,28647500,0.724,27187000,0.729,1351400,0.73,87736300,0.731,78521000,0.732,56347500,0.733,33023300,1787,0
sh513130,09:32:36,1764811959265,09:33:38,1764811958469,0.729,0.7297,-0.0959,5539.7,0.907,4.105,0,0,0.729,1.002,0.728,68019100,0.727,52769400,0.726,41617800,0.725,28647500,0.724,27187000,0.729,1351400,0.73,87736300,0.731,78521000,0.732,56347500,0.733,33023300,796,0
sh513130,09:32:36,1764811960304,09:33:38,1764811958469,0.729,0.7297,-0.0959,5539.7,0.907,3.5043,0,0,0.729,1.04,0.728,68019100,0.727,52769400,0.726,41617800,0.725,28647500,0.724,27187000,0.729,1351400,0.73,87736300,0.731,78521000,0.732,56347500,0.733,33023300,1835,0
sh513130,09:32:39,1764811961263,09:33:40,1764811960647,0.729,0.7297,-0.0959,5539.5,0.907,2.8029,1538900,1121788,0.729,0.958,0.728,67756000,0.727,52779000,0.726,41617800,0.725,28657600,0.724,27189000,0.729,22716500,0.73,86330900,0.731,78606700,0.732,56382500,0.733,33023300,616,0
sh513130,09:32:39,1764811962267,09:33:40,1764811960647,0.729,0.7297,-0.0959,5539.5,0.907,4.8141,0,0,0.729,1.005,0.728,67756000,0.727,52779000,0.726,41617800,0.725,28657600,0.724,27189000,0.729,22716500,0.73,86330900,0.731,78606700,0.732,56382500,0.733,33023300,1620,0
sh513130,09:32:39,1764811963270,09:33:42,1764811962836,0.729,0.7297,-0.0959,5538.75,0.907,4.61,0,0,0.729,1.002,0.728,67756000,0.727,52779000,0.726,41617800,0.725,28657600,0.724,27189000,0.729,22716500,0.73,86330900,0.731,78606700,0.732,56382500,0.733,33023300,434,0
sh513130,09:32:42,1764811964274,09:33:42,1764811962836,0.729,0.7297,-0.0959,5538.75,0.907,5.201,262700,191398,0.7286,1.005,0.728,68795800,0.727,52774100,0.726,41617800,0.725,28683400,0.724,27189000,0.729,20497200,0.73,86346900,0.731,78493000,0.732,56123800,0.733,33030400,1438,0
sh513130,09:32:42,1764811965275,09:33:44,1764811965019,0.729,0.7297,-0.0959,5538.94,0.907,4.9876,0,0,0.729,1.0,0.728,68795800,0.727,52774100,0.726,41617800,0.725,28683400,0.724,27189000,0.729,20497200,0.73,86346900,0.731,78493000,0.732,56123800,0.733,33030400,256,0
sh513130,09:32:42,1764811966269,09:33:44,1764811965019,0.729,0.7297,-0.0959,5538.94,0.907,4.3178,0,0,0.729,0.995,0.728,68795800,0.727,52774100,0.726,41617800,0.725,28683400,0.724,27189000,0.729,20497200,0.73,86346900,0.731,78493000,0.732,56123800,0.733,33030400,1250,0
sh513130,09:32:42,1764811967278,09:33:46,1764811967203,0.729,0.7297,-0.0959,5538.09,0.907,4.3576,0,0,0.729,1.009,0.728,68795800,0.727,52774100,0.726,41617800,0.725,28683400,0.724,27189000,0.729,20497200,0.73,86346900,0.731,78493000,0.732,56123800,0.733,33030400,75,0
sh513130,09:32:45,1764811968285,09:33:46,1764811967203,0.728,0.7291,-0.1509,5538.09,0.907,3.4953,355100,258854,0.729,1.007,0.728,62368700,0.727,52774100,0.726,41667800,0.725,36063400,0.724,27189000,0.729,31927800,0.73,85628400,0.731,78486100,0.732,46720100,0.733,33094900,1082,0
sh513130,09:32:45,1764811969273,09:33:48,1764811968585,0.728,0.7291,-0.1509,5538.98,0.907,3.7632,0,0,0.728,0.988,0.728,62368700,0.727,52774100,0.726,41667800,0.725,36063400,0.724,27189000,0.729,31927800,0.73,85628400,0.731,78486100,0.732,46720100,0.733,33094900,688,0
sh513130,09:32:48,1764811970283,09:33:48,1764811969384,0.729,0.7291,-0.0137,5538.98,0.907,1.9625,38300,27920,0.729,1.011,0.728,69741900,0.727,52846500,0.726,41687200,0.725,29683400,0.724,27189000,0.729,34782500,0.73,84105700,0.731,78844200,0.732,55980500,0.733,33124900,899,0
sh513130,09:32:48,1764811971281,09:33:50,1764811970532,0.729,0.7291,-0.0137,5539.47,0.907,1.8667,0,0,0.729,0.998,0.728,69741900,0.727,52846500,0.726,41687200,0.725,29683400,0.724,27189000,0.729,34782500,0.73,84105700,0.731,78844200,0.732,55980500,0.733,33124900,749,0
sh513130,09:32:48,1764811972280,09:33:50,1764811971563,0.729,0.7291,-0.0137,5539.47,0.907,1.0958,0,0,0.729,0.998,0.728,69741900,0.727,52846500,0.726,41687200,0.725,29683400,0.724,27189000,0.729,34782500,0.73,84105700,0.731,78844200,0.732,55980500,0.733,33124900,717,0
sh513130,09:32:51,1764811973278,09:33:52,1764811972463,0.729,0.7291,-0.0137,5539.32,0.907,1.0414,38100,27775,0.729,0.999,0.728,72267000,0.727,52997300,0.726,41676800,0.725,28683400,0.724,27195900,0.729,24985700,0.73,83940900,0.731,78847200,0.732,55980500,0.733,33231200,815,0
sh513130,09:32:51,1764811974281,09:33:52,1764811973746,0.729,0.7291,-0.0137,5539.32,0.907,1.1621,0,0,0.729,1.003,0.728,72267000,0.727,52997300,0.726,41676800,0.725,28683400,0.724,27195900,0.729,24985700,0.73,83940900,0.731,78847200,0.732,55980500,0.733,33231200,535,0
sh513130,09:32:54,1764811975285,09:33:54,1764811974442,0.728,0.7291,-0.1509,5539.67,0.907,1.5821,41500,30251,0.7289,1.004,0.728,72673300,0.727,52997300,0.726,41681700,0.725,28683400,0.724,27196000,0.729,6991700,0.73,85255700,0.731,78832200,0.732,56126900,0.733,33211200,843,0
sh513130,09:32:54,1764811976282,09:33:54,1764811975989,0.728,0.7291,-0.1509,5539.67,0.907,4.8453,0,0,0.728,0.997,0.728,72673300,0.727,52997300,0.726,41681700,0.725,28683400,0.724,27196000,0.729,6991700,0.73,85255700,0.731,78832200,0.732,56126900,0.733,33211200,293,0
sh513130,09:32:54,1764811977289,09:33:56,1764811976501,0.728,0.7291,-0.1509,5541.2,0.907,4.3835,0,0,0.728,1.007,0.728,72673300,0.727,52997300,0.726,41681700,0.725,28683400,0.724,27196000,0.729,6991700,0.73,85255700,0.731,78832200,0.732,56126900,0.733,33211200,788,0
sh513130,09:32:57,1764811978284,09:33:56,1764811978107,0.729,0.7291,-0.0137,5541.2,0.907,4.3835,171900,125313,0.729,0.995,0.728,66259700,0.727,53871700,0.726,41636700,0.725,35069900,0.724,27227600,0.729,32130100,0.73,84972300,0.731,78752200,0.732,56126900,0.733,33580300,177,0
sh513130,09:32:57,1764811979288,09:33:58,1764811978449,0.729,0.7291,-0.0137,5540.22,0.907,3.4496,0,0,0.729,1.003,0.728,66259700,0.727,53871700,0.726,41636700,0.725,35069900,0.724,27227600,0.729,32130100,0.73,84972300,0.731,78752200,0.732,56126900,0.733,33580300,839,0
sh513130,09:32:57,1764811980284,09:33:58,1764811980280,0.729,0.7291,-0.0137,5540.22,0.907,3.4496,0,0,0.729,0.997,0.728,66259700,0.727,53871700,0.726,41636700,0.725,35069900,0.724,27227600,0.729,32130100,0.73,84972300,0.731,78752200,0.732,56126900,0.733,33580300,4,0
sh513130,09:33:00,1764811981290,09:34:00,1764811980451,0.729,0.7291,-0.0137,5540.21,0.907,3.182,454000,330612,0.7282,1.005,0.728,65247200,0.727,56520700,0.726,41676700,0.725,36069900,0.724,27227600,0.729,41215100,0.73,84842000,0.731,78794700,0.732,43919900,0.733,33584400,839,0
sh513130,09:33:00,1764811982285,09:34:00,1764811980451,0.729,0.7291,-0.0137,5540.21,0.907,1.2102,0,0,0.729,0.995,0.728,65247200,0.727,56520700,0.726,41676700,0.725,36069900,0.724,27227600,0.729,41215100,0.73,84842000,0.731,78794700,0.732,43919900,0.733,33584400,1834,0
sh513130,09:33:00,1764811983293,09:34:02,1764811982469,0.729,0.7291,-0.0137,5539.5,0.907,0.9659,0,0,0.729,1.008,0.728,65247200,0.727,56520700,0.726,41676700,0.725,36069900,0.724,27227600,0.729,41215100,0.73,84842000,0.731,78794700,0.732,43919900,0.733,33584400,824,0
sh513130,09:33:00,1764811984298,09:34:02,1764811983704,0.729,0.7291,-0.0137,5539.5,0.907,2.2548,0,0,0.729,1.005,0.728,65247200,0.727,56520700,0.726,41676700,0.725,36069900,0.724,27227600,0.729,41215100,0.73,84842000,0.731,78794700,0.732,43919900,0.733,33584400,594,0
sh513130,09:33:03,1764811985298,09:34:04,1764811984658,0.729,0.7291,-0.0137,5538.37,0.907,0.5362,183100,133471,0.729,1.0,0.728,65238600,0.727,57393100,0.726,41676700,0.725,36069900,0.724,27227800,0.729,61420300,0.73,76073600,0.731,78757400,0.732,42440900,0.733,33643600,640,0
sh513130,09:33:03,1764811986292,09:34:04,1764811984658,0.729,0.7291,-0.0137,5538.37,0.907,0.5362,0,0,0.729,0.994,0.728,65238600,0.727,57393100,0.726,41676700,0.725,36069900,0.724,27227800,0.729,61420300,0.73,76073600,0.731,78757400,0.732,42440900,0.733,33643600,1634,0
sh513130,09:33:03,1764811987297,09:34:06,1764811986835,0.729,0.7291,-0.0137,5539.86,0.907,0.398,0,0,0.729,1.005,0.728,65238600,0.727,57393100,0.726,41676700,0.725,36069900,0.724,27227800,0.729,61420300,0.73,76073600,0.731,78757400,0.732,42440900,0.733,33643600,462,0
sh513130,09:33:06,1764811988296,09:34:06,1764811986835,0.729,0.7291,-0.0137,5539.86,0.907,1.8277,306200,223146,0.7288,0.999,0.728,65457200,0.727,58288000,0.726,41776700,0.725,36069900,0.724,27377800,0.729,51587700,0.73,84403300,0.731,78757400,0.732,46360900,0.733,34243600,1461,0
sh513130,09:33:06,1764811989307,09:34:08,1764811989003,0.729,0.7291,-0.0137,5538.83,0.907,2.2764,0,0,0.729,1.011,0.728,65457200,0.727,58288000,0.726,41776700,0.725,36069900,0.724,27377800,0.729,51587700,0.73,84403300,0.731,78757400,0.732,46360900,0.733,34243600,304,0
sh513130,09:33:06,1764811990302,09:34:08,1764811989003,0.729,0.7291,-0.0137,5538.83,0.907,3.5175,0,0,0.729,0.995,0.728,65457200,0.727,58288000,0.726,41776700,0.725,36069900,0.724,27377800,0.729,51587700,0.73,84403300,0.731,78757400,0.732,46360900,0.733,34243600,1299,0
sh513130,09:33:09,1764811991299,09:34:10,1764811991235,0.729,0.7291,-0.0137,5538.27,0.907,3.3643,134300,97889,0.7289,0.997,0.728,65553200,0.727,59313900,0.726,41776700,0.725,36079900,0.724,27377800,0.729,54053100,0.73,84727200,0.731,78190100,0.732,42361900,0.733,34243600,64,0
sh513130,09:33:09,1764811992302,09:34:10,1764811991235,0.729,0.7291,-0.0137,5538.27,0.907,2.6753,0,0,0.729,1.003,0.728,65553200,0.727,59313900,0.726,41776700,0.725,36079900,0.724,27377800,0.729,54053100,0.73,84727200,0.731,78190100,0.732,42361900,0.733,34243600,1067,0
sh513130,09:33:09,1764811993304,09:34:12,1764811992472,0.729,0.7291,-0.0137,5539.8,0.907,2.3149,0,0,0.729,1.002,0.728,65553200,0.727,59313900,0.726,41776700,0.725,36079900,0.724,27377800,0.729,54053100,0.73,84727200,0.731,78190100,0.732,42361900,0.733,34243600,832,0
sh513130,09:33:12,1764811994306,09:34:12,1764811993335,0.729,0.7291,-0.0137,5539.8,0.907,2.7848,986300,718085,0.7281,1.002,0.728,72230500,0.727,60208100,0.726,41776700,0.725,28689900,0.724,27379400,0.729,39699800,0.73,84489100,0.731,78146100,0.732,53117900,0.733,34276800,971,0
sh513130,09:33:12,1764811995308,09:34:14,1764811994476,0.729,0.7291,-0.0137,5541.21,0.907,2.7694,0,0,0.729,1.002,0.728,72230500,0.727,60208100,0.726,41776700,0.725,28689900,0.724,27379400,0.729,39699800,0.73,84489100,0.731,78146100,0.732,53117900,0.733,34276800,832,0
sh513130,09:33:15,1764811996308,09:34:14,1764811995490,0.729,0.7291,-0.0137,5541.21,0.907,2.7694,296300,215778,0.7282,1.0,0.728,72265700,0.727,61148500,0.726,41776700,0.725,28729900,0.724,27379400,0.729,39199300,0.73,83761700,0.731,78079500,0.732,53069500,0.733,34376800,818,0
sh513130,09:33:15,1764811997323,09:34:16,1764811996484,0.729,0.7291,-0.0137,5540.17,0.907,3.0406,0,0,0.729,1.015,0.728,72265700,0.727,61148500,0.726,41776700,0.725,28729900,0.724,27379400,0.729,39199300,0.73,83761700,0.731,78079500,0.732,53069500,0.733,34376800,839,0
sh513130,09:33:15,1764811998310,09:34:16,1764811997655,0.729,0.7291,-0.0137,5540.17,0.907,3.4663,0,0,0.729,0.987,0.728,72265700,0.727,61148500,0.726,41776700,0.725,28729900,0.724,27379400,0.729,39199300,0.73,83761700,0.731,78079500,0.732,53069500,0.733,34376800,655,0
sh513130,09:33:15,1764811999318,09:34:18,1764811998548,0.729,0.7291,-0.0137,5540.53,0.907,3.4957,0,0,0.729,1.008,0.728,72265700,0.727,61148500,0.726,41776700,0.725,28729900,0.724,27379400,0.729,39199300,0.73,83761700,0.731,78079500,0.732,53069500,0.733,34376800,770,0
sh513130,09:33:18,1764812000317,09:34:18,1764811999833,0.729,0.7291,-0.0137,5540.53,0.907,5.1989,145900,106311,0.7287,0.999,0.728,69145100,0.727,62024900,0.726,41776700,0.725,31779900,0.724,27379400,0.729,49140900,0.73,84545000,0.731,78079500,0.732,50715900,0.733,34346800,484,0
sh513130,09:33:18,1764812001316,09:34:20,1764812000455,0.729,0.7291,-0.0137,5540.25,0.907,4.1544,0,0,0.729,0.999,0.728,69145100,0.727,62024900,0.726,41776700,0.725,31779900,0.724,27379400,0.729,49140900,0.73,84545000,0.731,78079500,0.732,50715900,0.733,34346800,861,0
sh513130,09:33:18,1764812002319,09:34:20,1764812002000,0.729,0.7291,-0.0137,5540.25,0.907,3.5191,0,0,0.729,1.003,0.728,69145100,0.727,62024900,0.726,41776700,0.725,31779900,0.724,27379400,0.729,49140900,0.73,84545000,0.731,78079500,0.732,50715900,0.733,34346800,319,0
sh513130,09:33:18,1764812003324,09:34:22,1764812002570,0.729,0.7291,-0.0137,5539.36,0.907,3.0106,0,0,0.729,1.006,0.728,69145100,0.727,62024900,0.726,41776700,0.725,31779900,0.724,27379400,0.729,49140900,0.73,84545000,0.731,78079500,0.732,50715900,0.733,34346800,754,0
sh513130,09:33:21,1764812004324,09:34:22,1764812004177,0.729,0.7291,-0.0137,5539.36,0.907,4.4217,232000,169128,0.729,1.0,0.728,72165600,0.727,63409300,0.726,41774700,0.725,28779900,0.724,27429400,0.729,20263100,0.73,84654900,0.731,78079500,0.732,53197400,0.733,34350800,147,0
sh513130,09:33:21,1764812005323,09:34:24,1764812004423,0.729,0.7291,-0.0137,5540.79,0.907,4.9094,0,0,0.729,0.999,0.728,72165600,0.727,63409300,0.726,41774700,0.725,28779900,0.724,27429400,0.729,20263100,0.73,84654900,0.731,78079500,0.732,53197400,0.733,34350800,900,0
sh513130,09:33:24,1764812006325,09:34:24,1764812004423,0.729,0.7291,-0.0137,5540.79,0.907,4.3761,109700,79953,0.7288,1.002,0.728,72431700,0.727,63739700,0.726,41774700,0.725,28759900,0.724,27429400,0.729,19625100,0.73,84708400,0.731,78110900,0.732,53153400,0.733,34130800,1902,0
sh513130,09:33:24,1764812007323,09:34:26,1764812006461,0.729,0.7291,-0.0137,5540.93,0.907,5.0841,0,0,0.729,0.998,0.728,72431700,0.727,63739700,0.726,41774700,0.725,28759900,0.724,27429400,0.729,19625100,0.73,84708400,0.731,78110900,0.732,53153400,0.733,34130800,862,0
sh513130,09:33:24,1764812008321,09:34:26,1764812006461,0.729,0.7291,-0.0137,5540.93,0.907,5.8149,0,0,0.729,0.998,0.728,72431700,0.727,63739700,0.726,41774700,0.725,28759900,0.724,27429400,0.729,19625100,0.73,84708400,0.731,78110900,0.732,53153400,0.733,34130800,1860,0
sh513130,09:33:27,1764812009331,09:34:28,1764812008517,0.728,0.7291,-0.1509,5541.31,0.907,4.5655,166200,121070,0.7285,1.01,0.728,73519800,0.727,63740600,0.726,41774700,0.725,28762900,0.724,27429400,0.729,20026800,0.73,84703800,0.731,79234600,0.732,53153400,0.733,34130800,814,0
sh513130,09:33:27,1764812010333,09:34:28,1764812008517,0.728,0.7291,-0.1509,5541.31,0.907,4.5655,0,0,0.728,1.002,0.728,73519800,0.727,63740600,0.726,41774700,0.725,28762900,0.724,27429400,0.729,20026800,0.73,84703800,0.731,79234600,0.732,53153400,0.733,34130800,1816,0
sh513130,09:33:27,1764812011334,09:34:30,1764812010712,0.728,0.7291,-0.1509,5540.95,0.907,3.8071,0,0,0.728,1.0,0.728,73519800,0.727,63740600,0.726,41774700,0.725,28762900,0.724,27429400,0.729,20026800,0.73,84703800,0.731,79234600,0.732,53153400,0.733,34130800,622,0
sh513130,09:33:30,1764812012326,09:34:30,1764812010712,0.729,0.7291,-0.0137,5540.95,0.907,4.8022,5500,4010,0.7291,0.993,0.728,73569900,0.727,63750700,0.726,41777700,0.725,28762900,0.724,27429400,0.729,23644000,0.73,86105800,0.731,79238900,0.732,53147500,0.733,34130800,1614,0
sh513130,09:33:30,1764812013337,09:34:32,1764812012859,0.729,0.7291,-0.0137,5542.16,0.907,4.5984,0,0,0.729,1.011,0.728,73569900,0.727,63750700,0.726,41777700,0.725,28762900,0.724,27429400,0.729,23644000,0.73,86105800,0.731,79238900,0.732,53147500,0.733,34130800,478,0
sh513130,09:33:33,1764812014327,09:34:32,1764812012859,0.729,0.7291,-0.0137,5542.16,0.907,4.2256,131300,95700,0.7289,0.99,0.728,73370800,0.727,63491400,0.726,41777700,0.725,28762900,0.724,27429400,0.729,52363300,0.73,87881600,0.731,79238900,0.732,53156000,0.733,34130800,1468,0
sh513130,09:33:33,1764812015340,09:34:34,1764812015012,0.729,0.7291,-0.0137,5540.88,0.907,3.7355,0,0,0.729,1.013,0.728,73370800,0.727,63491400,0.726,41777700,0.725,28762900,0.724,27429400,0.729,52363300,0.73,87881600,0.731,79238900,0.732,53156000,0.733,34130800,328,0
sh513130,09:33:33,1764812016353,09:34:34,1764812015012,0.729,0.7291,-0.0137,5540.88,0.907,3.523,0,0,0.729,1.012,0.728,73370800,0.727,63491400,0.726,41777700,0.725,28762900,0.724,27429400,0.729,52363300,0.73,87881600,0.731,79238900,0.732,53156000,0.733,34130800,1341,0
sh513130,09:33:33,1764812017339,09:34:36,1764812017185,0.729,0.7291,-0.0137,5540.82,0.907,2.6948,0,0,0.729,0.987,0.728,73370800,0.727,63491400,0.726,41777700,0.725,28762900,0.724,27429400,0.729,52363300,0.73,87881600,0.731,79238900,0.732,53156000,0.733,34130800,154,0
sh513130,09:33:36,1764812018337,09:34:36,1764812017185,0.728,0.7291,-0.1509,5540.82,0.907,2.8415,213300,155382,0.7285,0.998,0.728,66021000,0.727,63496500,0.726,41797700,0.725,36142900,0.724,27442400,0.729,54022800,0.73,89001600,0.731,79239200,0.732,49560000,0.733,34021800,1152,0
sh513130,09:33:36,1764812019338,09:34:38,1764812018504,0.728,0.7291,-0.1509,5541.25,0.907,2.6486,0,0,0.728,1.001,0.728,66021000,0.727,63496500,0.726,41797700,0.725,36142900,0.724,27442400,0.729,54022800,0.73,89001600,0.731,79239200,0.732,49560000,0.733,34021800,834,0
sh513130,09:33:36,1764812020346,09:34:38,1764812019357,0.728,0.7291,-0.1509,5541.25,0.907,2.6486,0,0,0.728,1.008,0.728,66021000,0.727,63496500,0.726,41797700,0.725,36142900,0.724,27442400,0.729,54022800,0.73,89001600,0.731,79239200,0.732,49560000,0.733,34021800,989,0
sh513130,09:33:39,1764812021347,09:34:40,1764812020495,0.729,0.7291,-0.0137,5541.63,0.907,4.3693,205200,149591,0.729,1.001,0.728,73443300,0.727,63499000,0.726,41797700,0.725,28762900,0.724,27447400,0.729,54722200,0.73,90120200,0.731,79248200,0.732,51090000,0.733,34178800,852,0
sh513130,09:33:39,1764812022354,09:34:40,1764812021552,0.729,0.7291,-0.0137,5541.63,0.907,2.0964,0,0,0.729,1.007,0.728,73443300,0.727,63499000,0.726,41797700,0.725,28762900,0.724,27447400,0.729,54722200,0.73,90120200,0.731,79248200,0.732,51090000,0.733,34178800,802,0
sh513130,09:33:39,1764812023336,09:34:42,1764812022476,0.729,0.7291,-0.0137,5540.4,0.907,2.0964,0,0,0.729,0.982,0.728,73443300,0.727,63499000,0.726,41797700,0.725,28762900,0.724,27447400,0.729,54722200,0.73,90120200,0.731,79248200,0.732,51090000,0.733,34178800,860,0
sh513130,09:33:42,1764812024370,09:34:42,1764812023731,0.729,0.7291,-0.0137,5540.4,0.907,1.498,197200,143758,0.729,1.034,0.728,71204700,0.727,63907000,0.726,42198200,0.725,31832900,0.724,27447400,0.729,54409800,0.73,91186500,0.731,79655000,0.732,53799400,0.733,34236300,639,0
sh513130,09:33:42,1764812025348,09:34:44,1764812024492,0.729,0.7291,-0.0137,5540.51,0.907,1.8672,0,0,0.729,0.978,0.728,71204700,0.727,63907000,0.726,42198200,0.725,31832900,0.724,27447400,0.729,54409800,0.73,91186500,0.731,79655000,0.732,53799400,0.733,34236300,856,0
sh513130,09:33:42,1764812026354,09:34:44,1764812025906,0.729,0.7291,-0.0137,5540.51,0.907,1.8672,0,0,0.729,1.006,0.728,71204700,0.727,63907000,0.726,42198200,0.725,31832900,0.724,27447400,0.729,54409800,0.73,91186500,0.731,79655000,0.732,53799400,0.733,34236300,448,0
sh513130,09:33:45,1764812027368,09:34:46,1764812026427,0.728,0.7291,-0.1509,5539.92,0.907,4.7012,104300,75950,0.7282,1.014,0.728,73351300,0.727,63907000,0.726,42198200,0.725,30884400,0.724,27447400,0.729,57569600,0.73,87052000,0.731,80511900,0.732,51548600,0.733,34294000,941,0
sh513130,09:33:45,1764812028355,09:34:48,1764812028355,0.728,0.7291,-0.1509,5540.36,0.907,4.0685,0,0,0.728,0.987,0.728,73351300,0.727,63907000,0.726,42198200,0.725,30884400,0.724,27447400,0.729,57569600,0.73,87052000,0.731,80511900,0.732,51548600,0.733,34294000,0,0
sh513130,09:33:45,1764812029355,09:34:48,1764812028453,0.728,0.7291,-0.1509,5540.36,0.907,4.0685,0,0,0.728,1.0,0.728,73351300,0.727,63907000,0.726,42198200,0.725,30884400,0.724,27447400,0.729,57569600,0.73,87052000,0.731,80511900,0.732,51548600,0.733,34294000,902,0
sh513130,09:33:48,1764812030361,09:34:48,1764812030232,0.729,0.7291,-0.0137,5540.36,0.907,5.0666,194900,142053,0.7289,1.007,0.728,73610700,0.727,63907100,0.726,42468200,0.725,30886400,0.724,27450900,0.729,52768400,0.73,88210300,0.731,80842400,0.732,53839600,0.733,34336400,129,0
sh513130,09:33:48,1764812031362,09:34:50,1764812030451,0.729,0.7291,-0.0137,5541.64,0.907,4.0091,0,0,0.729,1.001,0.728,73610700,0.727,63907100,0.726,42468200,0.725,30886400,0.724,27450900,0.729,52768400,0.73,88210300,0.731,80842400,0.732,53839600,0.733,34336400,911,0
sh513130,09:33:48,1764812032361,09:34:50,1764812030451,0.729,0.7291,-0.0137,5541.64,0.907,4.2068,0,0,0.729,0.999,0.728,73610700,0.727,63907100,0.726,42468200,0.725,30886400,0.724,27450900,0.729,52768400,0.73,88210300,0.731,80842400,0.732,53839600,0.733,34336400,1910,0
sh513130,09:33:51,1764812033372,09:34:52,1764812032441,0.729,0.7297,-0.0959,5541.4,0.907,3.5746,38400,27983,0.7287,1.011,0.728,74625200,0.727,63908100,0.726,42437700,0.725,29831700,0.724,27461800,0.729,52804900,0.73,88522400,0.731,80840600,0.732,53839800,0.733,34350700,931,0
sh513130,09:33:51,1764812034368,09:34:52,1764812032441,0.729,0.7297,-0.0959,5541.4,0.907,4.455,0,0,0.729,0.996,0.728,74625200,0.727,63908100,0.726,42437700,0.725,29831700,0.724,27461800,0.729,52804900,0.73,88522400,0.731,80840600,0.732,53839800,0.733,34350700,1927,0
sh513130,09:33:51,1764812035376,09:34:54,1764812034583,0.729,0.7297,-0.0959,5540.06,0.907,4.1024,0,0,0.729,1.009,0.728,74625200,0.727,63908100,0.726,42437700,0.725,29831700,0.724,27461800,0.729,52804900,0.73,88522400,0.731,80840600,0.732,53839800,0.733,34350700,793,0
sh513130,09:33:54,1764812036368,09:34:54,1764812034583,0.729,0.7297,-0.0959,5540.06,0.907,4.1024,28400,20704,0.729,0.992,0.728,74416600,0.727,63874400,0.726,42437800,0.725,29881700,0.724,27461800,0.729,33145000,0.73,88994600,0.731,80843400,0.732,53849800,0.733,34351200,1785,0
sh513130,09:33:54,1764812037366,09:34:56,1764812036753,0.729,0.7297,-0.0959,5541.29,0.907,5.8148,0,0,0.729,0.998,0.728,74416600,0.727,63874400,0.726,42437800,0.725,29881700,0.724,27461800,0.729,33145000,0.73,88994600,0.731,80843400,0.732,53849800,0.733,34351200,613,0
sh513130,09:33:54,1764812038377,09:34:58,1764812038377,0.729,0.7297,-0.0959,5541.97,0.907,5.0194,0,0,0.729,1.012,0.728,74416600,0.727,63874400,0.726,42437800,0.725,29881700,0.724,27461800,0.729,33145000,0.73,88994600,0.731,80843400,0.732,53849800,0.733,34351200,0,0
sh513130,09:33:57,1764812039370,09:34:58,1764812038928,0.729,0.7291,-0.0137,5541.97,0.907,5.0194,1527400,1113372,0.7289,0.993,0.728,75603000,0.727,55875500,0.726,42432400,0.725,29892200,0.724,27461800,0.729,28680400,0.73,85999300,0.731,80843400,0.732,53849800,0.733,34351200,442,0
sh513130,09:33:57,1764812040375,09:35:00,1764812040366,0.729,0.7291,-0.0137,5541.16,0.907,4.9741,0,0,0.729,1.005,0.728,75603000,0.727,55875500,0.726,42432400,0.725,29892200,0.724,27461800,0.729,28680400,0.73,85999300,0.731,80843400,0.732,53849800,0.733,34351200,9,0
sh513130,09:33:57,1764812041375,09:35:00,1764812041098,0.729,0.7291,-0.0137,5541.16,0.907,4.9741,0,0,0.729,1.0,0.728,75603000,0.727,55875500,0.726,42432400,0.725,29892200,0.724,27461800,0.729,28680400,0.73,85999300,0.731,80843400,0.732,53849800,0.733,34351200,277,0
sh513130,09:34:00,1764812042387,09:35:02,1764812042384,0.729,0.7297,-0.0959,5540.49,0.907,3.6483,155400,113245,0.7287,1.012,0.728,68187800,0.727,55875500,0.726,42437400,0.725,37292200,0.724,27461800,0.729,61708200,0.73,86101500,0.731,80850700,0.732,48654300,0.733,34351200,3,0
sh513130,09:34:00,1764812043376,09:35:02,1764812043273,0.729,0.7297,-0.0959,5540.49,0.907,3.3411,0,0,0.729,0.989,0.728,68187800,0.727,55875500,0.726,42437400,0.725,37292200,0.724,27461800,0.729,61708200,0.73,86101500,0.731,80850700,0.732,48654300,0.733,34351200,103,0
sh513130,09:34:00,1764812044377,09:35:02,1764812043713,0.729,0.7297,-0.0959,5540.49,0.907,3.3863,0,0,0.729,1.001,0.728,68187800,0.727,55875500,0.726,42437400,0.725,37292200,0.724,27461800,0.729,61708200,0.73,86101500,0.731,80850700,0.732,48654300,0.733,34351200,664,0
sh513130,09:34:03,1764812045377,09:35:04,1764812044460,0.728,0.7297,-0.233,5541.6,0.907,3.3451,226300,164943,0.7289,1.0,0.728,75653400,0.727,57008200,0.726,42332500,0.725,29912200,0.724,27461800,0.729,50000100,0.73,86279000,0.731,80870700,0.732,53912300,0.733,34351200,917,0
sh513130,09:34:03,1764812046381,09:35:06,1764812046358,0.728,0.7297,-0.233,5541.49,0.907,2.9435,0,0,0.728,1.004,0.728,75653400,0.727,57008200,0.726,42332500,0.725,29912200,0.724,27461800,0.729,50000100,0.73,86279000,0.731,80870700,0.732,53912300,0.733,34351200,23,0
sh513130,09:34:03,1764812047389,09:35:06,1764812046530,0.728,0.7297,-0.233,5541.49,0.907,4.318,0,0,0.728,1.007,0.728,75653400,0.727,57008200,0.726,42332500,0.725,29912200,0.724,27461800,0.729,50000100,0.73,86279000,0.731,80870700,0.732,53912300,0.733,34351200,859,0
sh513130,09:34:06,1764812048388,09:35:06,1764812047629,0.729,0.7297,-0.0959,5541.49,0.907,4.318,197600,143990,0.7287,0.999,0.728,75608200,0.727,56133800,0.726,42332500,0.725,29932400,0.724,27461800,0.729,28930600,0.73,86304500,0.731,80870700,0.732,53912300,0.733,34301200,759,0
sh513130,09:34:06,1764812049388,09:35:08,1764812048462,0.729,0.7297,-0.0959,5541.62,0.907,1.8903,0,0,0.729,1.001,0.728,75608200,0.727,56133800,0.726,42332500,0.725,29932400,0.724,27461800,0.729,28930600,0.73,86304500,0.731,80870700,0.732,53912300,0.733,34301200,926,0
sh513130,09:34:06,1764812050394,09:35:10,1764812050369,0.729,0.7297,-0.0959,5540.19,0.907,-0.4146,0,0,0.729,1.006,0.728,75608200,0.727,56133800,0.726,42332500,0.725,29932400,0.724,27461800,0.729,28930600,0.73,86304500,0.731,80870700,0.732,53912300,0.733,34301200,25,0
sh513130,09:34:06,1764812051386,09:35:10,1764812050533,0.729,0.7297,-0.0959,5540.19,0.907,-0.4146,0,0,0.729,0.992,0.728,75608200,0.727,56133800,0.726,42332500,0.725,29932400,0.724,27461800,0.729,28930600,0.73,86304500,0.731,80870700,0.732,53912300,0.733,34301200,853,0
sh513130,09:34:09,1764812052387,09:35:12,1764812052384,0.729,0.7297,-0.0959,5539.75,0.907,1.9029,3434300,2503552,0.729,1.001,0.728,76362000,0.727,56135800,0.726,42332500,0.725,29921600,0.724,27461800,0.729,23231100,0.73,86350800,0.731,81015700,0.732,54208300,0.733,34301200,3,0
sh513130,09:34:12,1764812053393,09:35:12,1764812052524,0.728,0.7297,-0.233,5539.75,0.907,1.3366,1455500,1060750,0.7288,1.005,0.728,72912100,0.727,56014400,0.726,42332500,0.725,32780600,0.724,27508800,0.729,53744100,0.73,87240700,0.731,81015700,0.732,54158300,0.733,34301200,869,0
sh513130,09:34:12,1764812054401,09:35:14,1764812054384,0.728,0.7297,-0.233,5540.97,0.907,0.9633,0,0,0.728,1.008,0.728,72912100,0.727,56014400,0.726,42332500,0.725,32780600,0.724,27508800,0.729,53744100,0.73,87240700,0.731,81015700,0.732,54158300,0.733,34301200,17,0
sh513130,09:34:12,1764812055391,09:35:14,1764812054524,0.728,0.7297,-0.233,5540.97,0.907,1.7772,0,0,0.728,0.99,0.728,72912100,0.727,56014400,0.726,42332500,0.725,32780600,0.724,27508800,0.729,53744100,0.73,87240700,0.731,81015700,0.732,54158300,0.733,34301200,867,0
sh513130,09:34:15,1764812056406,09:35:16,1764812056391,0.729,0.7297,-0.0959,5542.34,0.907,4.9803,122800,89521,0.729,1.015,0.728,75999400,0.727,56821200,0.726,42342500,0.725,29789800,0.724,27509800,0.729,33589200,0.73,87229600,0.731,80915700,0.732,54208300,0.733,34301200,15,0
sh513130,09:34:15,1764812057408,09:35:16,1764812056459,0.729,0.7297,-0.0959,5542.34,0.907,3.9189,0,0,0.729,1.002,0.728,75999400,0.727,56821200,0.726,42342500,0.725,29789800,0.724,27509800,0.729,33589200,0.73,87229600,0.731,80915700,0.732,54208300,0.733,34301200,949,0
sh513130,09:34:15,1764812058400,09:35:18,1764812058386,0.729,0.7297,-0.0959,5541.91,0.907,3.7423,0,0,0.729,0.992,0.728,75999400,0.727,56821200,0.726,42342500,0.725,29789800,0.724,27509800,0.729,33589200,0.73,87229600,0.731,80915700,0.732,54208300,0.733,34301200,14,0
sh513130,09:34:18,1764812059406,09:35:18,1764812058458,0.728,0.7297,-0.233,5541.91,0.907,3.8413,1044200,761196,0.729,1.007,0.728,76281900,0.727,56076800,0.726,42352500,0.725,29818900,0.724,27509800,0.729,30808700,0.73,88250600,0.731,81034500,0.732,54208300,0.733,34301200,948,0
sh513130,09:34:18,1764812060438,09:35:20,1764812060374,0.728,0.7297,-0.233,5541.72,0.907,3.8413,0,0,0.728,1.031,0.728,76281900,0.727,56076800,0.726,42352500,0.725,29818900,0.724,27509800,0.729,30808700,0.73,88250600,0.731,81034500,0.732,54208300,0.733,34301200,64,0
sh513130,09:34:18,1764812061403,09:35:20,1764812060633,0.728,0.7297,-0.233,5541.72,0.907,3.4261,0,0,0.728,0.965,0.728,76281900,0.727,56076800,0.726,42352500,0.725,29818900,0.724,27509800,0.729,30808700,0.73,88250600,0.731,81034500,0.732,54208300,0.733,34301200,770,0
sh513130,09:34:18,1764812062404,09:35:22,1764812062402,0.728,0.7297,-0.233,5542.06,0.907,3.2648,0,0,0.728,1.001,0.728,76281900,0.727,56076800,0.726,42352500,0.725,29818900,0.724,27509800,0.729,30808700,0.73,88250600,0.731,81034500,0.732,54208300,0.733,34301200,2,0
sh513130,09:34:21,1764812063403,09:35:22,1764812062798,0.729,0.7297,-0.0959,5542.06,0.907,4.6524,700,510,0.7286,0.999,0.728,76757900,0.727,56192300,0.726,42354500,0.725,29818900,0.724,27509800,0.729,30246800,0.73,88751500,0.731,81034500,0.732,54034500,0.733,34301200,605,0
sh513130,09:34:21,1764812064410,09:35:24,1764812064377,0.729,0.7297,-0.0959,5541.03,0.907,4.5496,0,0,0.729,1.008,0.728,76757900,0.727,56192300,0.726,42354500,0.725,29818900,0.724,27509800,0.729,30246800,0.73,88751500,0.731,81034500,0.732,54034500,0.733,34301200,33,0
sh513130,09:34:21,1764812065409,09:35:24,1764812064972,0.729,0.7297,-0.0959,5541.03,0.907,5.9799,0,0,0.729,0.999,0.728,76757900,0.727,56192300,0.726,42354500,0.725,29818900,0.724,27509800,0.729,30246800,0.73,88751500,0.731,81034500,0.732,54034500,0.733,34301200,437,0
sh513130,09:34:24,1764812066408,09:35:26,1764812066390,0.729,0.7297,-0.0959,5541.74,0.907,7.1431,264800,192963,0.7287,0.999,0.728,77099700,0.727,56205300,0.726,42354500,0.725,29820900,0.724,27510500,0.729,29841600,0.73,89437100,0.731,81034500,0.732,57034500,0.733,34301200,18,0
sh513130,09:34:24,1764812067413,09:35:26,1764812067144,0.729,0.7297,-0.0959,5541.74,0.907,5.8284,0,0,0.729,1.005,0.728,77099700,0.727,56205300,0.726,42354500,0.725,29820900,0.724,27510500,0.729,29841600,0.73,89437100,0.731,81034500,0.732,57034500,0.733,34301200,269,0
sh513130,09:34:24,1764812068411,09:35:28,1764812068371,0.729,0.7297,-0.0959,5541.59,0.907,5.3209,0,0,0.729,0.998,0.728,77099700,0.727,56205300,0.726,42354500,0.725,29820900,0.724,27510500,0.729,29841600,0.73,89437100,0.731,81034500,0.732,57034500,0.733,34301200,40,0
sh513130,09:34:27,1764812069417,09:35:28,1764812069315,0.728,0.729,-0.1372,5541.59,0.907,5.1016,8100,5902,0.7286,1.006,0.728,77738400,0.727,57089700,0.726,42354500,0.725,29821000,0.724,27511000,0.729,30162500,0.73,89629000,0.731,81086800,0.732,57067900,0.733,34304200,102,0
sh513130,09:34:27,1764812070415,09:35:30,1764812070386,0.728,0.729,-0.1372,5542.46,0.907,4.7014,0,0,0.728,0.998,0.728,77738400,0.727,57089700,0.726,42354500,0.725,29821000,0.724,27511000,0.729,30162500,0.73,89629000,0.731,81086800,0.732,57067900,0.733,34304200,29,0
sh513130,09:34:30,1764812071420,09:35:30,1764812070448,0.729,0.729,0.0,5542.46,0.907,4.2946,194300,141628,0.7289,1.005,0.728,77475700,0.727,58015700,0.726,42352500,0.725,29863000,0.724,27514000,0.729,28459500,0.73,90525000,0.731,81187300,0.732,57067900,0.733,34335000,972,0
sh513130,09:34:30,1764812072420,09:35:32,1764812072389,0.729,0.729,0.0,5541.61,0.907,4.7476,0,0,0.729,1.0,0.728,77475700,0.727,58015700,0.726,42352500,0.725,29863000,0.724,27514000,0.729,28459500,0.73,90525000,0.731,81187300,0.732,57067900,0.733,34335000,31,0
sh513130,09:34:30,1764812073417,09:35:32,1764812072445,0.729,0.729,0.0,5541.61,0.907,6.5554,0,0,0.729,0.998,0.728,77475700,0.727,58015700,0.726,42352500,0.725,29863000,0.724,27514000,0.729,28459500,0.73,90525000,0.731,81187300,0.732,57067900,0.733,34335000,972,0
sh513130,09:34:30,1764812074421,09:35:34,1764812074398,0.729,0.729,0.0,5543.47,0.907,6.6734,0,0,0.729,1.004,0.728,77475700,0.727,58015700,0.726,42352500,0.725,29863000,0.724,27514000,0.729,28459500,0.73,90525000,0.731,81187300,0.732,57067900,0.733,34335000,23,0
sh513130,09:34:33,1764812075420,09:35:34,1764812074464,0.729,0.729,0.0,5543.47,0.907,4.958,165400,120576,0.729,0.999,0.728,74793900,0.727,63894100,0.726,47352500,0.725,29963000,0.724,27517000,0.729,29272600,0.73,95675000,0.731,86038200,0.732,62067900,0.733,34335000,956,0
sh513130,09:34:33,1764812076421,09:35:36,1764812076383,0.729,0.729,0.0,5544.05,0.907,5.0992,0,0,0.729,1.001,0.728,74793900,0.727,63894100,0.726,47352500,0.725,29963000,0.724,27517000,0.729,29272600,0.73,95675000,0.731,86038200,0.732,62067900,0.733,34335000,38,0
sh513130,09:34:36,1764812077419,09:35:36,1764812076472,0.729,0.7297,-0.0959,5544.05,0.907,5.0992,27667700,20169754,0.729,0.998,0.729,45030700,0.728,78639000,0.727,49474200,0.726,45357000,0.725,29990200,0.73,95277000,0.731,86038200,0.732,62437900,0.733,34335000,0.734,35325100,947,0
sh513130,09:34:36,1764812078416,09:35:38,1764812078387,0.729,0.7297,-0.0959,5544.36,0.907,5.5535,0,0,0.729,0.996,0.729,45030700,0.728,78639000,0.727,49474200,0.726,45357000,0.725,29990200,0.73,95277000,0.731,86038200,0.732,62437900,0.733,34335000,0.734,35325100,29,0
sh513130,09:34:36,1764812079443,09:35:38,1764812078504,0.729,0.7297,-0.0959,5544.36,0.907,6.9817,0,0,0.729,1.028,0.729,45030700,0.728,78639000,0.727,49474200,0.726,45357000,0.725,29990200,0.73,95277000,0.731,86038200,0.732,62437900,0.733,34335000,0.734,35325100,939,0
sh513130,09:34:36,1764812080421,09:35:40,1764812080379,0.729,0.7297,-0.0959,5544.61,0.907,6.0969,0,0,0.729,0.978,0.729,45030700,0.728,78639000,0.727,49474200,0.726,45357000,0.725,29990200,0.73,95277000,0.731,86038200,0.732,62437900,0.733,34335000,0.734,35325100,42,0
sh513130,09:34:36,1764812081423,09:35:40,1764812080449,0.729,0.7297,-0.0959,5544.61,0.907,6.0969,0,0,0.729,1.001,0.729,45030700,0.728,78639000,0.727,49474200,0.726,45357000,0.725,29990200,0.73,95277000,0.731,86038200,0.732,62437900,0.733,34335000,0.734,35325100,974,0
sh513130,09:34:39,1764812082429,09:35:42,1764812082409,0.729,0.7297,-0.0959,5544.11,0.907,4.2058,289000,210681,0.729,1.006,0.729,59784200,0.728,70018800,0.727,49474700,0.726,39958000,0.725,29993200,0.73,91569600,0.731,86131400,0.732,62463900,0.733,38335000,0.734,35332900,20,0
sh513130,09:34:42,1764812083428,09:35:42,1764812082677,0.729,0.7297,-0.0959,5544.11,0.907,4.2058,51100,37265,0.7293,1.0,0.729,43239400,0.728,77841000,0.727,49484500,0.726,45008000,0.725,31338500,0.73,95777100,0.731,86138300,0.732,62513900,0.733,34393700,0.734,35332900,751,0
sh513130,09:34:42,1764812084441,09:35:44,1764812084385,0.729,0.7297,-0.0959,5544.39,0.907,5.2109,0,0,0.729,1.012,0.729,43239400,0.728,77841000,0.727,49484500,0.726,45008000,0.725,31338500,0.73,95777100,0.731,86138300,0.732,62513900,0.733,34393700,0.734,35332900,56,0
sh513130,09:34:42,1764812085437,09:35:44,1764812084854,0.729,0.7297,-0.0959,5544.39,0.907,4.4694,0,0,0.729,0.997,0.729,43239400,0.728,77841000,0.727,49484500,0.726,45008000,0.725,31338500,0.73,95777100,0.731,86138300,0.732,62513900,0.733,34393700,0.734,35332900,583,0
sh513130,09:34:45,1764812086431,09:35:46,1764812086396,0.729,0.7297,-0.0959,5544.26,0.907,4.0775,86700,63274,0.7298,0.994,0.729,43347800,0.728,78770700,0.727,49484500,0.726,45012000,0.725,31341500,0.73,94839100,0.731,86032800,0.732,62513900,0.733,34393700,0.734,35332900,35,0
sh513130,09:34:45,1764812087446,09:35:46,1764812086699,0.729,0.7297,-0.0959,5544.26,0.907,4.0922,0,0,0.729,1.015,0.729,43347800,0.728,78770700,0.727,49484500,0.726,45012000,0.725,31341500,0.73,94839100,0.731,86032800,0.732,62513900,0.733,34393700,0.734,35332900,747,0
sh513130,09:34:45,1764812088430,09:35:48,1764812088428,0.729,0.7297,-0.0959,5544.54,0.907,3.7628,0,0,0.729,0.983,0.729,43347800,0.728,78770700,0.727,49484500,0.726,45012000,0.725,31341500,0.73,94839100,0.731,86032800,0.732,62513900,0.733,34393700,0.734,35332900,2,0
sh513130,09:34:45,1764812089440,09:35:48,1764812088878,0.729,0.7297,-0.0959,5544.54,0.907,3.6637,0,0,0.729,1.01,0.729,43347800,0.728,78770700,0.727,49484500,0.726,45012000,0.725,31341500,0.73,94839100,0.731,86032800,0.732,62513900,0.733,34393700,0.734,35332900,562,0
sh513130,09:34:48,1764812090435,09:35:50,1764812090383,0.729,0.7297,-0.0959,5544.22,0.907,3.6637,26300,19174,0.729,0.995,0.729,57340800,0.728,72144000,0.727,49488600,0.726,40012000,0.725,31351000,0.73,94793300,0.731,86132800,0.732,62531900,0.733,34393700,0.734,35332900,52,0
sh513130,09:34:48,1764812091435,09:35:50,1764812091058,0.729,0.7297,-0.0959,5544.22,0.907,3.6183,0,0,0.729,1.0,0.729,57340800,0.728,72144000,0.727,49488600,0.726,40012000,0.725,31351000,0.73,94793300,0.731,86132800,0.732,62531900,0.733,34393700,0.734,35332900,377,0
sh513130,09:34:48,1764812092436,09:35:52,1764812092371,0.729,0.7297,-0.0959,5544.62,0.907,3.5177,0,0,0.729,1.001,0.729,57340800,0.728,72144000,0.727,49488600,0.726,40012000,0.725,31351000,0.73,94793300,0.731,86132800,0.732,62531900,0.733,34393700,0.734,35332900,65,0
sh513130,09:34:51,1764812093434,09:35:52,1764812093239,0.729,0.7297,-0.0959,5544.62,0.907,3.5177,121400,88616,0.73,0.998,0.729,44270400,0.728,81383000,0.727,49487600,0.726,45035000,0.725,31371000,0.73,95888400,0.731,86232800,0.732,62631900,0.733,34393700,0.734,35332900,195,0
sh513130,09:34:51,1764812094446,09:35:54,1764812094417,0.729,0.7297,-0.0959,5544.27,0.907,3.0478,0,0,0.729,1.011,0.729,44270400,0.728,81383000,0.727,49487600,0.726,45035000,0.725,31371000,0.73,95888400,0.731,86232800,0.732,62631900,0.733,34393700,0.734,35332900,29,0
sh513130,09:34:51,1764812095440,09:35:54,1764812095408,0.729,0.7297,-0.0959,5544.27,0.907,3.0478,0,0,0.729,0.994,0.729,44270400,0.728,81383000,0.727,49487600,0.726,45035000,0.725,31371000,0.73,95888400,0.731,86232800,0.732,62631900,0.733,34393700,0.734,35332900,32,0
sh513130,09:34:54,1764812096442,09:35:56,1764812096403,0.73,0.7297,0.0411,5544.55,0.907,3.6283,40500,29538,0.7293,1.003,0.729,39353100,0.728,82518100,0.727,49518700,0.726,47035000,0.725,31373100,0.73,96347300,0.731,86168600,0.732,62630700,0.733,34493700,0.734,35352900,39,0
sh513130,09:34:54,1764812097439,09:35:56,1764812096474,0.73,0.7297,0.0411,5544.55,0.907,2.6102,0,0,0.73,0.997,0.729,39353100,0.728,82518100,0.727,49518700,0.726,47035000,0.725,31373100,0.73,96347300,0.731,86168600,0.732,62630700,0.733,34493700,0.734,35352900,965,0
sh513130,09:34:54,1764812098449,09:35:58,1764812098388,0.73,0.7297,0.0411,5544.02,0.907,2.0913,0,0,0.73,1.009,0.729,39353100,0.728,82518100,0.727,49518700,0.726,47035000,0.725,31373100,0.73,96347300,0.731,86168600,0.732,62630700,0.733,34493700,0.734,35352900,61,0
sh513130,09:34:57,1764812099450,09:35:58,1764812098515,0.73,0.7297,0.0411,5544.02,0.907,4.9429,31000,22620,0.7297,1.002,0.729,41765400,0.728,83908600,0.727,49521700,0.726,45038000,0.725,31383100,0.73,96467300,0.731,86266600,0.732,62674500,0.733,34623700,0.734,35352900,935,0
sh513130,09:34:57,1764812100452,09:36:00,1764812100398,0.73,0.7297,0.0411,5545.72,0.907,4.7354,0,0,0.73,1.002,0.729,41765400,0.728,83908600,0.727,49521700,0.726,45038000,0.725,31383100,0.73,96467300,0.731,86266600,0.732,62674500,0.733,34623700,0.734,35352900,54,0
sh513130,09:35:00,1764812101466,09:36:00,1764812100493,0.73,0.7297,0.0411,5545.72,0.907,7.215,1195800,871943,0.7292,1.014,0.729,61412400,0.728,76615800,0.727,49391700,0.726,33658000,0.725,31385100,0.73,89016700,0.731,86266600,0.732,62674500,0.733,42678700,0.734,35354900,973,0
sh513130,09:35:00,1764812102452,09:36:02,1764812102447,0.73,0.7297,0.0411,5546.38,0.907,7.0509,0,0,0.73,0.987,0.729,61412400,0.728,76615800,0.727,49391700,0.726,33658000,0.725,31385100,0.73,89016700,0.731,86266600,0.732,62674500,0.733,42678700,0.734,35354900,5,0
sh513130,09:35:00,1764812103448,09:36:02,1764812102447,0.73,0.7297,0.0411,5546.38,0.907,5.9238,0,0,0.73,0.996,0.729,61412400,0.728,76615800,0.727,49391700,0.726,33658000,0.725,31385100,0.73,89016700,0.731,86266600,0.732,62674500,0.733,42678700,0.734,35354900,1001,0
sh513130,09:35:03,1764812104451,09:36:04,1764812104386,0.73,0.7297,0.0411,5546.9,0.907,5.214,81500,59477,0.7298,1.002,0.729,62392800,0.728,76854000,0.727,46768500,0.726,37663000,0.725,31395100,0.73,76106500,0.731,92922500,0.732,81666700,0.733,47207400,0.734,35354900,65,0
sh513130,09:35:03,1764812105449,09:36:04,1764812104486,0.73,0.7297,0.0411,5546.9,0.907,5.214,0,0,0.73,0.998,0.729,62392800,0.728,76854000,0.727,46768500,0.726,37663000,0.725,31395100,0.73,76106500,0.731,92922500,0.732,81666700,0.733,47207400,0.734,35354900,963,0
sh513130,09:35:03,1764812106458,09:36:06,1764812106349,0.73,0.7297,0.0411,5547.72,0.907,4.9801,0,0,0.73,1.009,0.729,62392800,0.728,76854000,0.727,46768500,0.726,37663000,0.725,31395100,0.73,76106500,0.731,92922500,0.732,81666700,0.733,47207400,0.734,35354900,109,0
sh513130,09:35:03,1764812107451,09:36:06,1764812106492,0.73,0.7297,0.0411,5547.72,0.907,5.4343,0,0,0.73,0.993,0.729,62392800,0.728,76854000,0.727,46768500,0.726,37663000,0.725,31395100,0.73,76106500,0.731,92922500,0.732,81666700,0.733,47207400,0.734,35354900,959,0
sh513130,09:35:06,1764812108455,09:36:08,1764812108439,0.729,0.7297,-0.0959,5547.73,0.907,5.2882,107200,78206,0.7295,1.004,0.729,65281600,0.728,77132100,0.727,46868500,0.726,37663000,0.725,31395100,0.73,93489000,0.731,84607500,0.732,81666700,0.733,38827400,0.734,35454900,16,0
sh513130,09:35:06,1764812109464,09:36:08,1764812108526,0.729,0.7297,-0.0959,5547.73,0.907,4.8354,0,0,0.729,1.01,0.729,65281600,0.728,77132100,0.727,46868500,0.726,37663000,0.725,31395100,0.73,93489000,0.731,84607500,0.732,81666700,0.733,38827400,0.734,35454900,938,0
sh513130,09:35:09,1764812110468,09:36:10,1764812110368,0.729,0.7297,-0.0959,5546.8,0.907,4.931,98600,71977,0.73,1.003,0.729,53513300,0.728,85466300,0.727,46848500,0.726,42644000,0.725,31396500,0.73,98825200,0.731,84607500,0.732,81707000,0.733,34827400,0.734,35504900,100,0
sh513130,09:35:09,1764812111465,09:36:10,1764812110631,0.729,0.7297,-0.0959,5546.8,0.907,4.931,0,0,0.729,0.998,0.729,53513300,0.728,85466300,0.727,46848500,0.726,42644000,0.725,31396500,0.73,98825200,0.731,84607500,0.732,81707000,0.733,34827400,0.734,35504900,834,0
sh513130,09:35:09,1764812112464,09:36:12,1764812112447,0.729,0.7297,-0.0959,5546.75,0.907,6.6107,0,0,0.729,0.998,0.729,53513300,0.728,85466300,0.727,46848500,0.726,42644000,0.725,31396500,0.73,98825200,0.731,84607500,0.732,81707000,0.733,34827400,0.734,35504900,17,0
sh513130,09:35:09,1764812113475,09:36:12,1764812112784,0.729,0.7297,-0.0959,5546.75,0.907,7.6363,0,0,0.729,1.011,0.729,53513300,0.728,85466300,0.727,46848500,0.726,42644000,0.725,31396500,0.73,98825200,0.731,84607500,0.732,81707000,0.733,34827400,0.734,35504900,691,0
sh513130,09:35:12,1764812114462,09:36:14,1764812114452,0.73,0.7304,-0.0548,5545.52,0.907,6.7013,61000,44500,0.7295,0.988,0.729,46366900,0.728,85141000,0.727,47614800,0.726,48019000,0.725,31396500,0.73,99106800,0.731,84647400,0.732,81809100,0.733,34827400,0.734,35592100,10,0
sh513130,09:35:12,1764812115478,09:36:14,1764812114958,0.73,0.7304,-0.0548,5545.52,0.907,6.0915,0,0,0.73,1.015,0.729,46366900,0.728,85141000,0.727,47614800,0.726,48019000,0.725,31396500,0.73,99106800,0.731,84647400,0.732,81809100,0.733,34827400,0.734,35592100,520,0
sh513130,09:35:15,1764812116470,09:36:16,1764812116458,0.73,0.7304,-0.0548,5545.26,0.907,5.0634,1792800,1307744,0.7294,0.992,0.729,26639600,0.728,84657500,0.727,48489100,0.726,50081000,0.725,31404500,0.73,98733600,0.731,84657400,0.732,81840500,0.733,34936100,0.734,35592100,12,0
sh513130,09:35:15,1764812117471,09:36:16,1764812117129,0.73,0.7304,-0.0548,5545.26,0.907,4.6926,0,0,0.73,1.001,0.729,26639600,0.728,84657500,0.727,48489100,0.726,50081000,0.725,31404500,0.73,98733600,0.731,84657400,0.732,81840500,0.733,34936100,0.734,35592100,342,0
sh513130,09:35:15,1764812118468,09:36:18,1764812118385,0.73,0.7304,-0.0548,5545.08,0.907,4.6926,0,0,0.73,0.997,0.729,26639600,0.728,84657500,0.727,48489100,0.726,50081000,0.725,31404500,0.73,98733600,0.731,84657400,0.732,81840500,0.733,34936100,0.734,35592100,83,0
sh513130,09:35:18,1764812119479,09:36:18,1764812119321,0.73,0.7304,-0.0548,5545.08,0.907,3.163,12897000,9401999,0.729,1.01,0.729,5469600,0.728,84729400,0.727,49363400,0.726,52493000,0.725,31436500,0.73,98682000,0.731,84658100,0.732,81800200,0.733,35132900,0.734,35594100,158,0
sh513130,09:35:18,1764812120477,09:36:20,1764812120398,0.73,0.7304,-0.0548,5544.71,0.907,2.9081,0,0,0.73,0.998,0.729,5469600,0.728,84729400,0.727,49363400,0.726,52493000,0.725,31436500,0.73,98682000,0.731,84658100,0.732,81800200,0.733,35132900,0.734,35594100,79,0
sh513130,09:35:18,1764812121475,09:36:20,1764812120490,0.73,0.7304,-0.0548,5544.71,0.907,2.4646,0,0,0.73,0.998,0.729,5469600,0.728,84729400,0.727,49363400,0.726,52493000,0.725,31436500,0.73,98682000,0.731,84658100,0.732,81800200,0.733,35132900,0.734,35594100,985,0
sh513130,09:35:21,1764812122490,09:36:22,1764812122489,0.73,0.7297,0.0411,5544.07,0.907,2.1236,2784300,2031193,0.7295,1.016,0.729,4740100,0.728,85147900,0.727,50156200,0.726,52493000,0.725,31436500,0.73,98334300,0.731,84658100,0.732,81810200,0.733,35132900,0.734,35608000,1,0
sh513130,09:35:21,1764812123493,09:36:22,1764812122489,0.73,0.7297,0.0411,5544.07,0.907,2.4935,0,0,0.73,1.002,0.729,4740100,0.728,85147900,0.727,50156200,0.726,52493000,0.725,31436500,0.73,98334300,0.731,84658100,0.732,81810200,0.733,35132900,0.734,35608000,1004,0
sh513130,09:35:21,1764812124489,09:36:24,1764812124438,0.73,0.7297,0.0411,5544.32,0.907,3.5709,0,0,0.73,0.997,0.729,4740100,0.728,85147900,0.727,50156200,0.726,52493000,0.725,31436500,0.73,98334300,0.731,84658100,0.732,81810200,0.733,35132900,0.734,35608000,51,0
sh513130,09:35:24,1764812125494,09:36:24,1764812124662,0.729,0.7297,-0.0959,5544.32,0.907,3.5561,5578000,4066362,0.729,1.005,0.728,85133200,0.727,51030500,0.726,52342000,0.725,31437000,0.724,27801200,0.729,15217500,0.73,98691700,0.731,84567400,0.732,78940300,0.733,35632900,832,0
sh513130,09:35:24,1764812126486,09:36:26,1764812126483,0.729,0.7297,-0.0959,5543.72,0.907,3.1994,0,0,0.729,0.992,0.728,85133200,0.727,51030500,0.726,52342000,0.725,31437000,0.724,27801200,0.729,15217500,0.73,98691700,0.731,84567400,0.732,78940300,0.733,35632900,3,0
sh513130,09:35:24,1764812127498,09:36:26,1764812126483,0.729,0.7297,-0.0959,5543.72,0.907,3.5206,0,0,0.729,1.012,0.728,85133200,0.727,51030500,0.726,52342000,0.725,31437000,0.724,27801200,0.729,15217500,0.73,98691700,0.731,84567400,0.732,78940300,0.733,35632900,1015,0
sh513130,09:35:24,1764812128490,09:36:28,1764812128374,0.729,0.7297,-0.0959,5543.44,0.907,2.1403,0,0,0.729,0.992,0.728,85133200,0.727,51030500,0.726,52342000,0.725,31437000,0.724,27801200,0.729,15217500,0.73,98691700,0.731,84567400,0.732,78940300,0.733,35632900,116,0
sh513130,09:35:27,1764812129490,09:36:28,1764812128497,0.729,0.7297,-0.0959,5543.44,0.907,2.6898,1870700,1363740,0.729,0.999,0.728,86221000,0.727,51924800,0.726,52372000,0.725,31437000,0.724,27798900,0.729,1195800,0.73,98736500,0.731,84587400,0.732,81538300,0.733,35642900,993,0
sh513130,09:35:27,1764812130495,09:36:30,1764812130373,0.729,0.7297,-0.0959,5543.86,0.907,3.4204,0,0,0.729,1.006,0.728,86221000,0.727,51924800,0.726,52372000,0.725,31437000,0.724,27798900,0.729,1195800,0.73,98736500,0.731,84587400,0.732,81538300,0.733,35642900,122,0
sh513130,09:35:30,1764812131496,09:36:30,1764812130536,0.729,0.7297,-0.0959,5543.86,0.907,3.9578,3167500,2309106,0.729,1.001,0.729,14962400,0.728,72742900,0.727,52799100,0.726,52452000,0.725,31440300,0.73,97768700,0.731,84621000,0.732,81938300,0.733,35642900,0.734,36238700,960,0
sh513130,09:35:30,1764812132503,09:36:32,1764812132480,0.729,0.7297,-0.0959,5542.75,0.907,3.6582,0,0,0.729,1.006,0.729,14962400,0.728,72742900,0.727,52799100,0.726,52452000,0.725,31440300,0.73,97768700,0.731,84621000,0.732,81938300,0.733,35642900,0.734,36238700,23,0
sh513130,09:35:30,1764812133497,09:36:32,1764812132480,0.729,0.7297,-0.0959,5542.75,0.907,3.8095,0,0,0.729,0.994,0.729,14962400,0.728,72742900,0.727,52799100,0.726,52452000,0.725,31440300,0.73,97768700,0.731,84621000,0.732,81938300,0.733,35642900,0.734,36238700,1017,0
sh513130,09:35:30,1764812134500,09:36:34,1764812134498,0.729,0.7297,-0.0959,5543.23,0.907,2.5478,0,0,0.729,1.002,0.729,14962400,0.728,72742900,0.727,52799100,0.726,52452000,0.725,31440300,0.73,97768700,0.731,84621000,0.732,81938300,0.733,35642900,0.734,36238700,2,0
sh513130,09:35:33,1764812135501,09:36:34,1764812134536,0.729,0.7297,-0.0959,5543.23,0.907,2.7225,13327900,9716040,0.729,1.001,0.728,72795800,0.727,53673400,0.726,52052000,0.725,31440400,0.724,27814700,0.729,209000,0.73,97514500,0.731,84616000,0.732,81912300,0.733,35642900,965,0
sh513130,09:35:33,1764812136496,09:36:36,1764812136491,0.729,0.7297,-0.0959,5543.15,0.907,2.7225,0,0,0.729,0.996,0.728,72795800,0.727,53673400,0.726,52052000,0.725,31440400,0.724,27814700,0.729,209000,0.73,97514500,0.731,84616000,0.732,81912300,0.733,35642900,5,0
sh513130,09:35:36,1764812137510,09:36:36,1764812136712,0.729,0.7297,-0.0959,5543.15,0.907,5.0998,1335200,973357,0.729,1.013,0.729,4334700,0.728,64569000,0.727,54547700,0.726,50452000,0.725,31550700,0.73,97295800,0.731,84616000,0.732,81962300,0.733,35642900,0.734,36289000,798,0
sh513130,09:35:33,1764812138508,09:36:38,1764812138371,0.729,0.7297,-0.0959,5543.86,0.907,4.8887,0,0,0.729,0.999,0.728,72795800,0.727,53673400,0.726,52052000,0.725,31440400,0.724,27814700,0.729,209000,0.73,97514500,0.731,84616000,0.732,81912300,0.733,35642900,137,0
sh513130,09:35:36,1764812139509,09:36:38,1764812138880,0.729,0.7297,-0.0959,5543.86,0.907,4.8792,1335200,973357,0.729,1.001,0.729,4334700,0.728,64569000,0.727,54547700,0.726,50452000,0.725,31550700,0.73,97295800,0.731,84616000,0.732,81962300,0.733,35642900,0.734,36289000,629,0
sh513130,09:35:36,1764812140503,09:36:40,1764812140499,0.729,0.7297,-0.0959,5543.75,0.907,4.3867,0,0,0.729,0.994,0.729,4334700,0.728,64569000,0.727,54547700,0.726,50452000,0.725,31550700,0.73,97295800,0.731,84616000,0.732,81962300,0.733,35642900,0.734,36289000,4,0
sh513130,09:35:39,1764812141511,09:36:40,1764812141035,0.729,0.7297,-0.0959,5543.75,0.907,5.6651,77700,56652,0.7291,1.008,0.729,3392900,0.728,64452100,0.727,54547700,0.726,52052000,0.725,32550700,0.73,97768700,0.731,84626000,0.732,81962300,0.733,35643700,0.734,36291400,476,0
sh513130,09:35:39,1764812142514,09:36:42,1764812142421,0.729,0.7297,-0.0959,5544.02,0.907,5.2826,0,0,0.729,1.003,0.729,3392900,0.728,64452100,0.727,54547700,0.726,52052000,0.725,32550700,0.73,97768700,0.731,84626000,0.732,81962300,0.733,35643700,0.734,36291400,93,0
sh513130,09:35:39,1764812143520,09:36:42,1764812143207,0.729,0.7297,-0.0959,5544.02,0.907,4.2432,0,0,0.729,1.006,0.729,3392900,0.728,64452100,0.727,54547700,0.726,52052000,0.725,32550700,0.73,97768700,0.731,84626000,0.732,81962300,0.733,35643700,0.734,36291400,313,0
sh513130,09:35:42,1764812144515,09:36:44,1764812144514,0.729,0.729,0.0,5544.56,0.907,3.4625,149400,108912,0.729,0.995,0.729,26610600,0.728,65494300,0.727,54347700,0.726,38672000,0.725,32617700,0.73,97520400,0.731,84636000,0.732,81952300,0.733,35643700,0.734,36291400,1,0
sh513130,09:35:42,1764812145514,09:36:44,1764812145378,0.729,0.729,0.0,5544.56,0.907,3.4625,0,0,0.729,0.999,0.729,26610600,0.728,65494300,0.727,54347700,0.726,38672000,0.725,32617700,0.73,97520400,0.731,84636000,0.732,81952300,0.733,35643700,0.734,36291400,136,0
sh513130,09:35:45,1764812146523,09:36:46,1764812146455,0.73,0.729,0.1372,5545.03,0.907,2.7305,21000,15317,0.7294,1.009,0.729,38802400,0.728,57817300,0.727,53473400,0.726,37672000,0.725,32880800,0.73,93689700,0.731,84688100,0.732,80952300,0.733,39643700,0.734,36291400,68,0
sh513130,09:35:45,1764812147534,09:36:46,1764812146455,0.73,0.729,0.1372,5545.03,0.907,3.2188,0,0,0.73,1.011,0.729,38802400,0.728,57817300,0.727,53473400,0.726,37672000,0.725,32880800,0.73,93689700,0.731,84688100,0.732,80952300,0.733,39643700,0.734,36291400,1079,0
sh513130,09:35:45,1764812148509,09:36:48,1764812148444,0.73,0.729,0.1372,5546.15,0.907,3.2188,0,0,0.73,0.975,0.729,38802400,0.728,57817300,0.727,53473400,0.726,37672000,0.725,32880800,0.73,93689700,0.731,84688100,0.732,80952300,0.733,39643700,0.734,36291400,65,0
sh513130,09:35:48,1764812149533,09:36:48,1764812148444,0.73,0.729,0.1372,5546.15,0.907,6.1347,54300,39608,0.7294,1.024,0.729,38846000,0.728,58841000,0.727,46489000,0.726,37672000,0.725,33012100,0.73,94221000,0.731,85191100,0.732,80954600,0.733,39633300,0.734,36297400,1089,0
sh513130,09:35:48,1764812150520,09:36:50,1764812150514,0.73,0.729,0.1372,5548.4,0.907,5.9071,0,0,0.73,0.987,0.729,38846000,0.728,58841000,0.727,46489000,0.726,37672000,0.725,33012100,0.73,94221000,0.731,85191100,0.732,80954600,0.733,39633300,0.734,36297400,6,0
sh513130,09:35:48,1764812151517,09:36:50,1764812150514,0.73,0.729,0.1372,5548.4,0.907,6.9939,0,0,0.73,0.997,0.729,38846000,0.728,58841000,0.727,46489000,0.726,37672000,0.725,33012100,0.73,94221000,0.731,85191100,0.732,80954600,0.733,39633300,0.734,36297400,1003,0
sh513130,09:35:51,1764812152523,09:36:52,1764812152436,0.73,0.7297,0.0411,5548.23,0.907,6.3872,61700,45041,0.73,1.006,0.729,40232000,0.728,61541600,0.727,46201000,0.726,37672000,0.725,33012100,0.73,58345800,0.731,93602400,0.732,80954600,0.733,53413300,0.734,36297400,87,0
sh513130,09:35:51,1764812153522,09:36:52,1764812152436,0.73,0.7297,0.0411,5548.23,0.907,6.2436,0,0,0.73,0.999,0.729,40232000,0.728,61541600,0.727,46201000,0.726,37672000,0.725,33012100,0.73,58345800,0.731,93602400,0.732,80954600,0.733,53413300,0.734,36297400,1086,0
sh513130,09:35:51,1764812154518,09:36:54,1764812154437,0.73,0.7297,0.0411,5549.32,0.907,5.7364,0,0,0.73,0.996,0.729,40232000,0.728,61541600,0.727,46201000,0.726,37672000,0.725,33012100,0.73,58345800,0.731,93602400,0.732,80954600,0.733,53413300,0.734,36297400,81,0
sh513130,09:35:51,1764812155528,09:36:54,1764812154437,0.73,0.7297,0.0411,5549.32,0.907,3.438,0,0,0.73,1.011,0.729,40232000,0.728,61541600,0.727,46201000,0.726,37672000,0.725,33012100,0.73,58345800,0.731,93602400,0.732,80954600,0.733,53413300,0.734,36297400,1091,0
sh513130,09:35:54,1764812156535,09:36:56,1764812156493,0.729,0.7297,-0.0959,5549.37,0.907,3.6106,60900,44417,0.7293,1.007,0.729,41390000,0.728,62208700,0.727,46201000,0.726,37973300,0.725,33032100,0.73,59040700,0.731,93661100,0.732,80967600,0.733,53759600,0.734,36317400,42,0
sh513130,09:35:54,1764812157521,09:36:56,1764812156493,0.729,0.7297,-0.0959,5549.37,0.907,3.4206,0,0,0.729,0.986,0.729,41390000,0.728,62208700,0.727,46201000,0.726,37973300,0.725,33032100,0.73,59040700,0.731,93661100,0.732,80967600,0.733,53759600,0.734,36317400,1028,0
sh513130,09:35:57,1764812158535,09:36:58,1764812158499,0.73,0.7304,-0.0548,5549.76,0.907,4.7276,236700,172791,0.73,1.014,0.729,56038200,0.728,62072600,0.727,46208900,0.726,37973300,0.725,33032100,0.73,59036400,0.731,93691100,0.732,80967600,0.733,54259900,0.734,36349400,36,0
sh513130,09:35:57,1764812159547,09:36:58,1764812158499,0.73,0.7304,-0.0548,5549.76,0.907,4.7276,0,0,0.73,1.012,0.729,56038200,0.728,62072600,0.727,46208900,0.726,37973300,0.725,33032100,0.73,59036400,0.731,93691100,0.732,80967600,0.733,54259900,0.734,36349400,1048,0
sh513130,09:35:57,1764812160577,09:37:00,1764812160492,0.73,0.7304,-0.0548,5549.42,0.907,3.5747,0,0,0.73,1.03,0.729,56038200,0.728,62072600,0.727,46208900,0.726,37973300,0.725,33032100,0.73,59036400,0.731,93691100,0.732,80967600,0.733,54259900,0.734,36349400,85,0
sh513130,09:35:57,1764812161548,09:37:00,1764812160616,0.73,0.7304,-0.0548,5549.42,0.907,2.9283,0,0,0.73,0.972,0.729,56038200,0.728,62072600,0.727,46208900,0.726,37973300,0.725,33032100,0.73,59036400,0.731,93691100,0.732,80967600,0.733,54259900,0.734,36349400,932,0
sh513130,09:36:00,1764812162546,09:37:02,1764812162515,0.729,0.7304,-0.1917,5548.84,0.907,3.5858,95000,69343,0.7299,0.998,0.729,62075500,0.728,60973500,0.727,46280900,0.726,37973300,0.725,33032100,0.73,87681700,0.731,93896900,0.732,81036700,0.733,50859900,0.734,36349400,31,0
sh513130,09:36:00,1764812163551,09:37:02,1764812162788,0.729,0.7304,-0.1917,5548.84,0.907,4.9135,0,0,0.729,1.005,0.729,62075500,0.728,60973500,0.727,46280900,0.726,37973300,0.725,33032100,0.73,87681700,0.731,93896900,0.732,81036700,0.733,50859900,0.734,36349400,763,0
sh513130,09:36:00,1764812164542,09:37:04,1764812164444,0.729,0.7304,-0.1917,5548.99,0.907,4.9135,0,0,0.729,0.99,0.729,62075500,0.728,60973500,0.727,46280900,0.726,37973300,0.725,33032100,0.73,87681700,0.731,93896900,0.732,81036700,0.733,50859900,0.734,36349400,98,0
sh513130,09:36:03,1764812165557,09:37:04,1764812164969,0.73,0.7304,-0.0548,5548.99,0.907,3.9859,30700,22390,0.7293,1.016,0.729,63328200,0.728,61096600,0.727,46569700,0.726,37974300,0.725,33023100,0.73,99214400,0.731,94039200,0.732,81086700,0.733,40009900,0.734,36349400,588,0
sh513130,09:36:03,1764812166534,09:37:06,1764812166456,0.73,0.7304,-0.0548,5546.31,0.907,3.87,0,0,0.73,0.976,0.729,63328200,0.728,61096600,0.727,46569700,0.726,37974300,0.725,33023100,0.73,99214400,0.731,94039200,0.732,81086700,0.733,40009900,0.734,36349400,78,0
sh513130,09:36:06,1764812167558,09:37:06,1764812167141,0.73,0.7304,-0.0548,5546.31,0.907,5.256,1041900,760080,0.7295,1.024,0.729,39009500,0.728,61369900,0.727,46569700,0.726,42974300,0.725,33023100,0.73,111299400,0.731,85639200,0.732,81471900,0.733,36040900,0.734,36349400,417,0
sh513130,09:36:06,1764812168557,09:37:08,1764812168482,0.73,0.7304,-0.0548,5545.82,0.907,2.6791,0,0,0.73,0.999,0.729,39009500,0.728,61369900,0.727,46569700,0.726,42974300,0.725,33023100,0.73,111299400,0.731,85639200,0.732,81471900,0.733,36040900,0.734,36349400,75,0
sh513130,09:36:06,1764812169541,09:37:08,1764812169307,0.73,0.7304,-0.0548,5545.82,0.907,2.2908,0,0,0.73,0.983,0.729,39009500,0.728,61369900,0.727,46569700,0.726,42974300,0.725,33023100,0.73,111299400,0.731,85639200,0.732,81471900,0.733,36040900,0.734,36349400,234,0
sh513130,09:36:09,1764812170559,09:37:10,1764812170455,0.729,0.7304,-0.1917,5544.21,0.907,2.18,3372100,2458269,0.729,1.018,0.729,7433300,0.728,69744100,0.727,46570200,0.726,52354300,0.725,33193400,0.73,112153100,0.731,86508600,0.732,81501900,0.733,36050900,0.734,36349400,104,0
sh513130,09:36:09,1764812171551,09:37:10,1764812171481,0.729,0.7304,-0.1917,5544.21,0.907,2.5317,0,0,0.729,0.992,0.729,7433300,0.728,69744100,0.727,46570200,0.726,52354300,0.725,33193400,0.73,112153100,0.731,86508600,0.732,81501900,0.733,36050900,0.734,36349400,70,0
sh513130,09:36:09,1764812172543,09:37:10,1764812171481,0.729,0.7304,-0.1917,5544.21,0.907,2.1979,0,0,0.729,0.992,0.729,7433300,0.728,69744100,0.727,46570200,0.726,52354300,0.725,33193400,0.73,112153100,0.731,86508600,0.732,81501900,0.733,36050900,0.734,36349400,1062,0
sh513130,09:36:09,1764812173551,09:37:12,1764812173078,0.729,0.7304,-0.1917,5544.27,0.907,1.903,0,0,0.729,1.008,0.729,7433300,0.728,69744100,0.727,46570200,0.726,52354300,0.725,33193400,0.73,112153100,0.731,86508600,0.732,81501900,0.733,36050900,0.734,36349400,473,0
sh513130,09:36:12,1764812174553,09:37:14,1764812174482,0.73,0.7304,-0.0548,5544.36,0.907,1.3279,3396500,2476181,0.729,1.002,0.729,5302600,0.728,70551200,0.727,46544500,0.726,52636500,0.725,33193400,0.73,113521500,0.731,86531600,0.732,81506900,0.733,36050900,0.734,36349400,71,0
sh513130,09:36:12,1764812175557,09:37:14,1764812174482,0.73,0.7304,-0.0548,5544.36,0.907,2.051,0,0,0.73,1.004,0.729,5302600,0.728,70551200,0.727,46544500,0.726,52636500,0.725,33193400,0.73,113521500,0.731,86531600,0.732,81506900,0.733,36050900,0.734,36349400,1075,0
sh513130,09:36:15,1764812176551,09:37:16,1764812176477,0.729,0.7297,-0.0959,5543.94,0.907,2.6003,4924100,3589669,0.729,0.994,0.728,69038500,0.727,46544500,0.726,52638500,0.725,33193400,0.724,28148100,0.729,502100,0.73,114303200,0.731,86363700,0.732,76527300,0.733,36060900,74,0
sh513130,09:36:15,1764812177559,09:37:16,1764812176477,0.729,0.7297,-0.0959,5543.94,0.907,2.1663,0,0,0.729,1.008,0.728,69038500,0.727,46544500,0.726,52638500,0.725,33193400,0.724,28148100,0.729,502100,0.73,114303200,0.731,86363700,0.732,76527300,0.733,36060900,1082,0
sh513130,09:36:15,1764812178558,09:37:18,1764812178477,0.729,0.7297,-0.0959,5542.53,0.907,2.8085,0,0,0.729,0.999,0.728,69038500,0.727,46544500,0.726,52638500,0.725,33193400,0.724,28148100,0.729,502100,0.73,114303200,0.731,86363700,0.732,76527300,0.733,36060900,81,0
sh513130,09:36:15,1764812179556,09:37:18,1764812178477,0.729,0.7297,-0.0959,5542.53,0.907,2.675,0,0,0.729,0.998,0.728,69038500,0.727,46544500,0.726,52638500,0.725,33193400,0.724,28148100,0.729,502100,0.73,114303200,0.731,86363700,0.732,76527300,0.733,36060900,1079,0
sh513130,09:36:18,1764812180562,09:37:20,1764812180466,0.729,0.7297,-0.0959,5542.29,0.907,4.0286,279700,203901,0.729,1.006,0.728,69580500,0.727,46544500,0.726,52638500,0.725,33269300,0.724,28148100,0.729,39674600,0.73,114988800,0.731,87233300,0.732,47373200,0.733,36000900,96,0
sh513130,09:36:18,1764812181566,09:37:20,1764812180466,0.729,0.7297,-0.0959,5542.29,0.907,5.2868,0,0,0.729,1.004,0.728,69580500,0.727,46544500,0.726,52638500,0.725,33269300,0.724,28148100,0.729,39674600,0.73,114988800,0.731,87233300,0.732,47373200,0.733,36000900,1100,0
sh513130,09:36:21,1764812182566,09:37:22,1764812182472,0.729,0.7297,-0.0959,5542.65,0.907,4.2818,127500,92947,0.729,1.0,0.728,69961700,0.727,47368900,0.726,52638500,0.725,38328300,0.724,28148100,0.729,30041700,0.73,114303500,0.731,87234600,0.732,52427200,0.733,36000900,94,0
sh513130,09:36:21,1764812183557,09:37:22,1764812182472,0.729,0.7297,-0.0959,5542.65,0.907,4.0931,0,0,0.729,0.991,0.728,69961700,0.727,47368900,0.726,52638500,0.725,38328300,0.724,28148100,0.729,30041700,0.73,114303500,0.731,87234600,0.732,52427200,0.733,36000900,1085,0
sh513130,09:36:21,1764812184564,09:37:22,1764812184507,0.729,0.7297,-0.0959,5542.65,0.907,3.09,0,0,0.729,1.007,0.728,69961700,0.727,47368900,0.726,52638500,0.725,38328300,0.724,28148100,0.729,30041700,0.73,114303500,0.731,87234600,0.732,52427200,0.733,36000900,57,0
sh513130,09:36:24,1764812185562,09:37:24,1764812184664,0.729,0.7297,-0.0959,5542.93,0.907,2.6578,1509700,1100571,0.729,0.998,0.729,8502400,0.728,70664800,0.727,47383900,0.726,50647500,0.725,38328300,0.73,114125900,0.731,87159600,0.732,61502500,0.733,36000900,0.734,36623500,898,0
sh513130,09:36:24,1764812186568,09:37:26,1764812186479,0.729,0.7297,-0.0959,5541.54,0.907,2.3383,0,0,0.729,1.006,0.729,8502400,0.728,70664800,0.727,47383900,0.726,50647500,0.725,38328300,0.73,114125900,0.731,87159600,0.732,61502500,0.733,36000900,0.734,36623500,89,0
sh513130,09:36:24,1764812187564,09:37:26,1764812186678,0.729,0.7297,-0.0959,5541.54,0.907,2.249,0,0,0.729,0.996,0.729,8502400,0.728,70664800,0.727,47383900,0.726,50647500,0.725,38328300,0.73,114125900,0.731,87159600,0.732,61502500,0.733,36000900,0.734,36623500,886,0
sh513130,09:36:24,1764812188566,09:37:28,1764812188489,0.729,0.7297,-0.0959,5542.37,0.907,1.9823,0,0,0.729,1.001,0.729,8502400,0.728,70664800,0.727,47383900,0.726,50647500,0.725,38328300,0.73,114125900,0.731,87159600,0.732,61502500,0.733,36000900,0.734,36623500,77,0
sh513130,09:36:27,1764812189563,09:37:28,1764812188842,0.729,0.7291,-0.0137,5542.37,0.907,1.8331,512800,373845,0.729,0.998,0.729,1420400,0.728,69767100,0.727,46509500,0.726,52247500,0.725,38328800,0.73,115589100,0.731,87455600,0.732,61532500,0.733,36000900,0.734,36623500,721,0
sh513130,09:36:27,1764812190569,09:37:30,1764812190524,0.729,0.7291,-0.0137,5542.44,0.907,1.5382,0,0,0.729,1.005,0.729,1420400,0.728,69767100,0.727,46509500,0.726,52247500,0.725,38328800,0.73,115589100,0.731,87455600,0.732,61532500,0.733,36000900,0.734,36623500,45,0
sh513130,09:36:30,1764812191560,09:37:30,1764812191002,0.729,0.7297,-0.0959,5542.44,0.907,1.4402,1425200,1038974,0.729,0.991,0.728,69764600,0.727,46509500,0.726,52651600,0.725,38111500,0.724,28149700,0.729,1341300,0.73,116040700,0.731,88310600,0.732,61438700,0.733,36100900,558,0
sh513130,09:36:30,1764812192571,09:37:32,1764812192497,0.729,0.7297,-0.0959,5542.45,0.907,2.8965,0,0,0.729,1.012,0.728,69764600,0.727,46509500,0.726,52651600,0.725,38111500,0.724,28149700,0.729,1341300,0.73,116040700,0.731,88310600,0.732,61438700,0.733,36100900,74,0
sh513130,09:36:30,1764812193562,09:37:32,1764812193171,0.729,0.7297,-0.0959,5542.45,0.907,2.8965,0,0,0.729,0.99,0.728,69764600,0.727,46509500,0.726,52651600,0.725,38111500,0.724,28149700,0.729,1341300,0.73,116040700,0.731,88310600,0.732,61438700,0.733,36100900,391,0
sh513130,09:36:30,1764812194569,09:37:34,1764812194479,0.729,0.7297,-0.0959,5542.08,0.907,1.8702,0,0,0.729,1.007,0.728,69764600,0.727,46509500,0.726,52651600,0.725,38111500,0.724,28149700,0.729,1341300,0.73,116040700,0.731,88310600,0.732,61438700,0.733,36100900,90,0
sh513130,09:36:33,1764812195568,09:37:34,1764812195350,0.729,0.7297,-0.0959,5542.08,0.907,2.2289,459500,334975,0.729,0.999,0.728,71651300,0.727,46559500,0.726,52651600,0.725,38114500,0.724,28149800,0.729,13474200,0.73,116232500,0.731,88340600,0.732,52368400,0.733,36109700,218,0
sh513130,09:36:33,1764812196573,09:37:36,1764812196481,0.729,0.7297,-0.0959,5542.69,0.907,4.7193,0,0,0.729,1.005,0.728,71651300,0.727,46559500,0.726,52651600,0.725,38114500,0.724,28149800,0.729,13474200,0.73,116232500,0.731,88340600,0.732,52368400,0.733,36109700,92,0
sh513130,09:36:33,1764812197572,09:37:36,1764812197517,0.729,0.7297,-0.0959,5542.69,0.907,3.772,0,0,0.729,0.999,0.728,71651300,0.727,46559500,0.726,52651600,0.725,38114500,0.724,28149800,0.729,13474200,0.73,116232500,0.731,88340600,0.732,52368400,0.733,36109700,55,0
sh513130,09:36:36,1764812198578,09:37:38,1764812198510,0.729,0.7291,-0.0137,5542.16,0.907,3.772,7200,5249,0.729,1.006,0.728,72531300,0.727,46971900,0.726,52660200,0.725,38114500,0.724,28149800,0.729,10077100,0.73,115779000,0.731,88341600,0.732,57624400,0.733,36135700,68,0
sh513130,09:36:36,1764812199588,09:37:38,1764812198510,0.729,0.7291,-0.0137,5542.16,0.907,2.7573,0,0,0.729,1.01,0.728,72531300,0.727,46971900,0.726,52660200,0.725,38114500,0.724,28149800,0.729,10077100,0.73,115779000,0.731,88341600,0.732,57624400,0.733,36135700,1078,0
sh513130,09:36:39,1764812200583,09:37:40,1764812200449,0.729,0.7291,-0.0137,5542.61,0.907,2.7573,1204900,878360,0.729,0.995,0.728,73546700,0.727,46971900,0.726,52660200,0.725,38114500,0.724,28149800,0.729,6408400,0.73,116245900,0.731,88331600,0.732,60628700,0.733,36135700,134,0
sh513130,09:36:39,1764812201573,09:37:40,1764812200449,0.729,0.7291,-0.0137,5542.61,0.907,2.7038,0,0,0.729,0.99,0.728,73546700,0.727,46971900,0.726,52660200,0.725,38114500,0.724,28149800,0.729,6408400,0.73,116245900,0.731,88331600,0.732,60628700,0.733,36135700,1124,0
sh513130,09:36:39,1764812202600,09:37:42,1764812202497,0.729,0.7291,-0.0137,5542.38,0.907,2.0306,0,0,0.729,1.027,0.728,73546700,0.727,46971900,0.726,52660200,0.725,38114500,0.724,28149800,0.729,6408400,0.73,116245900,0.731,88331600,0.732,60628700,0.733,36135700,103,0
sh513130,09:36:42,1764812203579,09:37:42,1764812202497,0.729,0.7291,-0.0137,5542.38,0.907,2.0306,8113100,5914450,0.729,0.979,0.729,28798800,0.728,74436300,0.727,46972900,0.726,50677900,0.725,38114500,0.73,118638000,0.731,87865000,0.732,61033700,0.733,36135700,0.734,36435000,1082,0
sh513130,09:36:42,1764812204583,09:37:44,1764812204450,0.729,0.7291,-0.0137,5543.09,0.907,2.8532,0,0,0.729,1.004,0.729,28798800,0.728,74436300,0.727,46972900,0.726,50677900,0.725,38114500,0.73,118638000,0.731,87865000,0.732,61033700,0.733,36135700,0.734,36435000,133,0
sh513130,09:36:42,1764812205583,09:37:44,1764812204450,0.729,0.7291,-0.0137,5543.09,0.907,5.4141,0,0,0.729,1.0,0.729,28798800,0.728,74436300,0.727,46972900,0.726,50677900,0.725,38114500,0.73,118638000,0.731,87865000,0.732,61033700,0.733,36135700,0.734,36435000,1133,0
sh513130,09:36:42,1764812206590,09:37:46,1764812206484,0.729,0.7291,-0.0137,5543.63,0.907,5.0116,0,0,0.729,1.007,0.729,28798800,0.728,74436300,0.727,46972900,0.726,50677900,0.725,38114500,0.73,118638000,0.731,87865000,0.732,61033700,0.733,36135700,0.734,36435000,106,0
sh513130,09:36:45,1764812207585,09:37:46,1764812206484,0.729,0.7291,-0.0137,5543.63,0.907,3.8898,1311600,956164,0.729,0.995,0.729,37289400,0.728,73667900,0.727,46969900,0.726,42897900,0.725,38114500,0.73,119053600,0.731,87875000,0.732,61033700,0.733,36145600,0.734,36435000,1101,0
sh513130,09:36:45,1764812208585,09:37:48,1764812208461,0.729,0.7291,-0.0137,5544.03,0.907,3.2516,0,0,0.729,1.0,0.729,37289400,0.728,73667900,0.727,46969900,0.726,42897900,0.725,38114500,0.73,119053600,0.731,87875000,0.732,61033700,0.733,36145600,0.734,36435000,124,0
sh513130,09:36:45,1764812209587,09:37:48,1764812208461,0.729,0.7291,-0.0137,5544.03,0.907,2.4903,0,0,0.729,1.002,0.729,37289400,0.728,73667900,0.727,46969900,0.726,42897900,0.725,38114500,0.73,119053600,0.731,87875000,0.732,61033700,0.733,36145600,0.734,36435000,1126,0
sh513130,09:36:48,1764812210594,09:37:50,1764812210577,0.73,0.7291,0.1234,5544.35,0.907,2.7431,1121000,817213,0.729,1.007,0.729,41281700,0.728,73290300,0.727,46599000,0.726,37847900,0.725,38114500,0.73,119203000,0.731,88714600,0.732,61090800,0.733,36180600,0.734,36455800,17,0
sh513130,09:36:48,1764812211642,09:37:50,1764812210577,0.73,0.7291,0.1234,5544.35,0.907,2.8445,0,0,0.73,1.048,0.729,41281700,0.728,73290300,0.727,46599000,0.726,37847900,0.725,38114500,0.73,119203000,0.731,88714600,0.732,61090800,0.733,36180600,0.734,36455800,1065,0
sh513130,09:36:51,1764812212591,09:37:52,1764812212493,0.73,0.7298,0.0274,5544.33,0.907,2.8307,102500,74756,0.7293,0.949,0.729,28243400,0.728,74140500,0.727,46599000,0.726,42923400,0.725,38154500,0.73,120248300,0.731,88905800,0.732,61100800,0.733,36180600,0.734,36455800,98,0
sh513130,09:36:51,1764812213598,09:37:52,1764812212735,0.73,0.7298,0.0274,5544.33,0.907,2.4134,0,0,0.73,1.007,0.729,28243400,0.728,74140500,0.727,46599000,0.726,42923400,0.725,38154500,0.73,120248300,0.731,88905800,0.732,61100800,0.733,36180600,0.734,36455800,863,0
sh513130,09:36:51,1764812214597,09:37:54,1764812214457,0.73,0.7298,0.0274,5543.96,0.907,2.1856,0,0,0.73,0.999,0.729,28243400,0.728,74140500,0.727,46599000,0.726,42923400,0.725,38154500,0.73,120248300,0.731,88905800,0.732,61100800,0.733,36180600,0.734,36455800,140,0
sh513130,09:36:51,1764812215595,09:37:54,1764812214895,0.73,0.7298,0.0274,5543.96,0.907,3.2125,0,0,0.73,0.998,0.729,28243400,0.728,74140500,0.727,46599000,0.726,42923400,0.725,38154500,0.73,120248300,0.731,88905800,0.732,61100800,0.733,36180600,0.734,36455800,700,0
sh513130,09:36:54,1764812216597,09:37:56,1764812216546,0.729,0.7298,-0.1096,5542.46,0.907,4.4404,4349100,3170494,0.729,1.002,0.728,75978200,0.727,46599000,0.726,52323400,0.725,38182500,0.724,28165400,0.729,16834200,0.73,120334700,0.731,88905800,0.732,47844800,0.733,37219000,51,0
sh513130,09:36:54,1764812217611,09:37:56,1764812217068,0.729,0.7298,-0.1096,5542.46,0.907,4.2468,0,0,0.729,1.014,0.728,75978200,0.727,46599000,0.726,52323400,0.725,38182500,0.724,28165400,0.729,16834200,0.73,120334700,0.731,88905800,0.732,47844800,0.733,37219000,543,0
sh513130,09:36:54,1764812218608,09:37:58,1764812218466,0.729,0.7298,-0.1096,5542.35,0.907,3.0255,0,0,0.729,0.998,0.728,75978200,0.727,46599000,0.726,52323400,0.725,38182500,0.724,28165400,0.729,16834200,0.73,120334700,0.731,88905800,0.732,47844800,0.733,37219000,142,0
sh513130,09:36:57,1764812219611,09:37:58,1764812219240,0.729,0.7298,-0.1096,5542.35,0.907,2.7974,85000,61965,0.729,1.002,0.728,70855800,0.727,46599000,0.726,52565400,0.725,38182500,0.724,28165400,0.729,45497200,0.73,121691100,0.731,89775400,0.732,46476100,0.733,37219000,371,0
sh513130,09:36:57,1764812220602,09:38:00,1764812220487,0.729,0.7298,-0.1096,5541.3,0.907,2.7974,0,0,0.729,0.991,0.728,70855800,0.727,46599000,0.726,52565400,0.725,38182500,0.724,28165400,0.729,45497200,0.73,121691100,0.731,89775400,0.732,46476100,0.733,37219000,115,0
sh513130,09:36:57,1764812221611,09:38:00,1764812221406,0.729,0.7298,-0.1096,5541.3,0.907,3.3463,0,0,0.729,1.009,0.728,70855800,0.727,46599000,0.726,52565400,0.725,38182500,0.724,28165400,0.729,45497200,0.73,121691100,0.731,89775400,0.732,46476100,0.733,37219000,205,0
sh513130,09:37:00,1764812222609,09:38:00,1764812221406,0.729,0.7298,-0.1096,5541.3,0.907,2.9243,39900,29087,0.729,0.998,0.728,71765800,0.727,46599000,0.726,52535400,0.725,38182500,0.724,28165400,0.729,55890000,0.73,113247300,0.731,89531600,0.732,46516100,0.733,37139000,1203,0
sh513130,09:37:00,1764812223614,09:38:00,1764812223579,0.729,0.7298,-0.1096,5541.3,0.907,2.786,0,0,0.729,1.005,0.728,71765800,0.727,46599000,0.726,52535400,0.725,38182500,0.724,28165400,0.729,55890000,0.73,113247300,0.731,89531600,0.732,46516100,0.733,37139000,35,0
sh513130,09:37:00,1764812224615,09:38:00,1764812223716,0.729,0.7298,-0.1096,5541.3,0.907,3.0369,0,0,0.729,1.001,0.728,71765800,0.727,46599000,0.726,52535400,0.725,38182500,0.724,28165400,0.729,55890000,0.73,113247300,0.731,89531600,0.732,46516100,0.733,37139000,899,0
sh513130,09:37:03,1764812225614,09:38:00,1764812223716,0.729,0.7298,-0.1096,5541.3,0.907,2.9932,10900,7946,0.729,0.999,0.728,70611000,0.727,46923900,0.726,53263900,0.725,38148500,0.724,28165400,0.729,58941300,0.73,114100600,0.731,89578700,0.732,46516100,0.733,36920600,1898,0
sh513130,09:37:03,1764812226614,09:38:00,1764812225762,0.729,0.7298,-0.1096,5541.3,0.907,2.5959,0,0,0.729,1.0,0.728,70611000,0.727,46923900,0.726,53263900,0.725,38148500,0.724,28165400,0.729,58941300,0.73,114100600,0.731,89578700,0.732,46516100,0.733,36920600,852,0
sh513130,09:37:06,1764812227623,09:38:00,1764812225762,0.728,0.7298,-0.2466,5541.3,0.907,2.9794,95700,69679,0.7281,1.009,0.728,71098900,0.727,47798300,0.726,53263900,0.725,38150500,0.724,28165400,0.729,60161200,0.73,114651400,0.731,89578700,0.732,46560600,0.733,36920600,1861,0
sh513130,09:37:06,1764812228631,09:38:00,1764812227947,0.728,0.7298,-0.2466,5541.3,0.907,3.9638,0,0,0.728,1.008,0.728,71098900,0.727,47798300,0.726,53263900,0.725,38150500,0.724,28165400,0.729,60161200,0.73,114651400,0.731,89578700,0.732,46560600,0.733,36920600,684,0
