symbol,tx_server_time,tx_local_time,index_price,fx_rate,sentiment,price,iopv,premium_rate,tick_vol,tick_amt,tick_vwap,bp1,bv1,bp2,bv2,bp3,bv3,bp4,bv4,bp5,bv5,sp1,sv1,sp2,sv2,sp3,sv3,sp4,sv4,sp5,sv5,idx_delay_ms,fut_delay_ms,data_flags
sh513130,09:30:30,1769391034080,5777.04,0.8927,6.0478,0.746,0.7464,-0.0536,0,0,0.746,0.745,27510900,0.744,38984100,0.743,42640400,0.742,36970000,0.741,26560400,0.746,649500,0.747,26753500,0.748,34323300,0.749,48506600,0.750,40437800,143,99999,1
sh513130,09:30:33,1769391035925,5776.9,0.8927,4.4796,0.747,0.7464,0.0804,1240400,925876,0.7464,0.746,25000,0.745,26694000,0.744,39241100,0.743,41766400,0.742,35975300,0.747,27413800,0.748,35642800,0.749,47614000,0.750,40753900,0.751,29884700,1158,99999,0
sh513130,09:30:30,1769391036925,5776.97,0.8927,3.2122,0.746,0.7464,-0.0536,0,0,0.746,0.745,27510900,0.744,38984100,0.743,42640400,0.742,36970000,0.741,26560400,0.746,649500,0.747,26753500,0.748,34323300,0.749,48506600,0.750,40437800,175,99999,2
sh513130,09:30:33,1769391037915,5776.97,0.8927,2.304,0.747,0.7464,0.0804,0,0,0.747,0.746,25000,0.745,26694000,0.744,39241100,0.743,41766400,0.742,35975300,0.747,27413800,0.748,35642800,0.749,47614000,0.750,40753900,0.751,29884700,1165,99999,0
sh513130,09:30:37,1769391038912,5777.21,0.8927,3.2658,0.746,0.7471,-0.1472,3683700,2748897,0.7462,0.745,31997600,0.744,36261500,0.743,44766100,0.742,36035300,0.741,26693400,0.746,17871800,0.747,28850300,0.748,35556400,0.749,47406000,0.750,41315100,170,99999,0
sh513130,09:30:39,1769391042885,5777.4,0.8927,6.45,0.746,0.7471,-0.1472,761300,567930,0.746,0.745,26990100,0.744,48913500,0.743,58997100,0.742,36035300,0.741,26716900,0.746,24473600,0.747,40462900,0.748,42445700,0.749,47474900,0.750,41667100,128,99999,0
sh513130,09:30:43,1769391045897,5777.78,0.8927,4.9131,0.746,0.7471,-0.1472,3116900,2325197,0.746,0.745,27242300,0.744,49035000,0.743,59127100,0.742,36035300,0.741,27757000,0.746,18595000,0.747,42314800,0.748,42975600,0.749,42765400,0.750,41793600,1147,99999,0
sh513130,09:30:46,1769391048890,5776.55,0.8927,3.9954,0.745,0.7471,-0.2811,1864400,1390824,0.746,0.745,26469500,0.744,60480800,0.743,59128600,0.742,35027300,0.741,28028100,0.746,27672400,0.747,43480400,0.748,43669000,0.749,40902400,0.750,41793600,129,99999,0
sh513130,09:30:49,1769391052894,5775.34,0.8927,3.8633,0.746,0.7471,-0.1472,199000,148407,0.7458,0.745,25921500,0.744,55762600,0.743,59168800,0.742,35037300,0.741,28356300,0.746,25629600,0.747,44557400,0.748,43170700,0.749,40806500,0.750,42038200,125,99999,0
sh513130,09:30:52,1769391054888,5775.39,0.8927,2.321,0.746,0.7471,-0.1472,2102500,1568382,0.746,0.745,25508600,0.744,56645800,0.743,59291800,0.742,36067300,0.741,28406300,0.746,24910200,0.747,48948300,0.748,41229800,0.749,42227400,0.750,41636700,192,99999,0
sh513130,09:30:54,1769391056896,5774.88,0.8927,3.329,0.746,0.7471,-0.1472,2105100,1569027,0.7453,0.745,24981600,0.744,57492300,0.743,59831800,0.742,35312700,0.741,28448800,0.746,39131800,0.747,49919200,0.748,41849700,0.749,42261900,0.750,41646700,172,99999,0
sh513130,09:30:57,1769391060885,5773.73,0.8927,3.223,0.746,0.7471,-0.1472,753900,562118,0.7456,0.745,23102700,0.744,64642800,0.743,60825800,0.742,36302700,0.741,28459800,0.746,39102600,0.747,52015700,0.748,43146400,0.749,42332200,0.750,41606900,144,99999,0
sh513130,09:31:01,1769391062894,5771.19,0.8927,2.4512,0.745,0.7458,-0.1073,23836100,17758178,0.745,0.744,46632100,0.743,60803800,0.742,41137800,0.741,28469800,0.740,30115900,0.745,69210400,0.746,38683700,0.747,40688300,0.748,35839000,0.749,39133800,171,99999,0
sh513130,09:30:57,1769391063884,5771.19,0.8927,4.9118,0.746,0.7471,-0.1472,0,0,0.746,0.745,23102700,0.744,64642800,0.743,60825800,0.742,36302700,0.741,28459800,0.746,39102600,0.747,52015700,0.748,43146400,0.749,42332200,0.750,41606900,1163,99999,2
sh513130,09:31:01,1769391064884,5769.9,0.8927,4.8298,0.745,0.7458,-0.1073,0,0,0.745,0.744,46632100,0.743,60803800,0.742,41137800,0.741,28469800,0.740,30115900,0.745,69210400,0.746,38683700,0.747,40688300,0.748,35839000,0.749,39133800,129,99999,0
sh513130,09:31:04,1769391066896,5772.5,0.8927,3.598,0.745,0.7458,-0.1073,789400,588084,0.745,0.744,30101600,0.743,60947900,0.742,41220700,0.741,28698000,0.740,31614500,0.745,56350500,0.746,40297800,0.747,42277600,0.748,35820000,0.749,36664800,238,99999,0
sh513130,09:31:07,1769391070889,5770.78,0.8927,4.8037,0.745,0.7458,-0.1073,2378400,1769873,0.7441,0.744,28394100,0.743,67435900,0.742,44328400,0.741,28698000,0.740,31615500,0.745,53308200,0.746,38177900,0.747,36566100,0.748,35601000,0.749,37223800,160,99999,0
sh513130,09:31:10,1769391072893,5773.27,0.8927,5.7383,0.745,0.7458,-0.1073,2801400,2085704,0.7445,0.744,57541700,0.743,62827800,0.742,44328400,0.741,28768000,0.740,31671600,0.745,26210500,0.746,41164600,0.747,35605700,0.748,34682700,0.749,36234700,34,99999,0
sh513130,09:31:13,1769391075894,5774.14,0.8927,4.7125,0.744,0.7458,-0.2414,5834900,4341465,0.7441,0.744,37445600,0.743,62904800,0.742,44375400,0.741,28833000,0.740,31681600,0.745,24286900,0.746,57316800,0.747,45474600,0.748,34546400,0.749,36334700,868,99999,0
sh513130,09:31:15,1769391078928,5772.82,0.8927,6.1745,0.744,0.7458,-0.2414,2248500,1673602,0.7443,0.744,40240200,0.743,64854100,0.742,44377400,0.741,28833000,0.740,32130300,0.745,24022200,0.746,59459100,0.747,51290900,0.748,34657400,0.749,36409900,275,99999,0
sh513130,09:31:19,1769391081904,5773.8,0.8927,5.2799,0.745,0.7458,-0.1073,1414500,1053308,0.7447,0.744,40892700,0.743,65713500,0.742,44382400,0.741,28913000,0.740,32130300,0.745,33118600,0.746,75708200,0.747,51028300,0.748,34691900,0.749,36080800,367,99999,0
sh513130,09:31:22,1769391084906,5776.69,0.8927,3.762,0.745,0.7464,-0.1876,556100,413972,0.7444,0.744,40854400,0.743,66593400,0.742,44443000,0.741,28937700,0.740,32295400,0.745,30048900,0.746,82058200,0.747,69172100,0.748,30517900,0.749,36200800,204,99999,0
sh513130,09:31:25,1769391086890,5777.22,0.8927,6.37,0.744,0.7458,-0.2414,2268000,1687527,0.7441,0.744,40863000,0.743,66963300,0.742,44423200,0.741,29010700,0.740,32304200,0.745,28877500,0.746,62003200,0.747,54263600,0.748,32153400,0.749,36200800,126,99999,0
sh513130,09:31:27,1769391090901,5777.94,0.8927,6.5664,0.745,0.7458,-0.1073,869900,647889,0.7448,0.744,42802800,0.743,66927300,0.742,44427000,0.741,29021900,0.740,32399200,0.745,20433900,0.746,62863400,0.747,73815000,0.748,32254100,0.749,36211800,216,99999,0
sh513130,09:31:31,1769391093891,5777.44,0.8927,4.3745,0.744,0.7458,-0.2414,1086300,808584,0.7443,0.744,42303700,0.743,67161200,0.742,44428000,0.741,29175200,0.740,32499200,0.745,20155500,0.746,62929500,0.747,73834200,0.748,32324100,0.749,36169700,1148,99999,0
sh513130,09:31:33,1769391095894,5778.07,0.8927,4.9108,0.745,0.7464,-0.1876,3208100,2388128,0.7444,0.744,42003700,0.743,67277200,0.742,44489600,0.741,29187500,0.740,32668200,0.745,38341100,0.746,62619100,0.747,72824500,0.748,32060100,0.749,36464700,1155,99999,0
sh513130,09:31:37,1769391098880,5777.03,0.8927,4.4234,0.745,0.7464,-0.1876,1461600,1088701,0.7449,0.744,43664500,0.743,67323000,0.742,44519600,0.741,29188100,0.740,32768200,0.745,20027900,0.746,72239000,0.747,87609600,0.748,32060100,0.749,36494700,111,99999,0
sh513130,09:31:40,1769391102875,5776.08,0.8927,5.9272,0.745,0.7464,-0.1876,2203900,1640738,0.7445,0.744,43792100,0.743,68016600,0.742,44519700,0.741,29240800,0.740,33814700,0.745,41648300,0.746,72068000,0.747,89450900,0.748,32044000,0.749,36494700,82,99999,0
sh513130,09:31:43,1769391105871,5776.57,0.8927,4.0013,0.744,0.7464,-0.3215,348500,259410,0.7444,0.744,44618400,0.743,68207700,0.742,44519700,0.741,29290800,0.740,34771200,0.745,49296300,0.746,66801000,0.747,90292100,0.748,32044000,0.749,36518600,467,99999,0
sh513130,09:31:46,1769391108878,5774.52,0.8927,2.9506,0.744,0.7464,-0.3215,1087000,808917,0.7442,0.744,34155600,0.743,68215000,0.742,44533300,0.741,29290800,0.740,34758200,0.745,81205600,0.746,66760100,0.747,60278400,0.748,32044000,0.749,36523600,171,99999,0
sh513130,09:31:49,1769391111877,5772.59,0.8927,2.1801,0.744,0.7464,-0.3215,5421000,4033247,0.744,0.744,11591700,0.743,73909100,0.742,44565200,0.741,29525700,0.740,34925900,0.745,82520300,0.746,69471700,0.747,59474500,0.748,31266700,0.749,36553600,1102,99999,0
sh513130,09:31:52,1769391114869,5772.51,0.8927,3.836,0.744,0.7464,-0.3215,11252300,8371821,0.744,0.744,1024200,0.743,73747900,0.742,44566300,0.741,30558900,0.740,35136800,0.745,82919500,0.746,69338500,0.747,59648000,0.748,30829500,0.749,36670500,189,99999,0
sh513130,09:31:55,1769391116877,5772.19,0.8927,5.9761,0.744,0.7464,-0.3215,1349100,1004150,0.7443,0.744,732000,0.743,74957600,0.742,44511800,0.741,30629000,0.740,35139300,0.745,84995000,0.746,68697400,0.747,59634600,0.748,30939500,0.749,36700500,173,99999,0
sh513130,09:31:57,1769391120871,5773.07,0.8927,5.4012,0.744,0.7458,-0.2414,1771300,1318865,0.7446,0.744,29767900,0.743,71076700,0.742,44532100,0.741,29641500,0.740,35181200,0.745,85159100,0.746,70747500,0.747,59774600,0.748,30941000,0.749,36728800,127,99999,0
sh513130,09:32:00,1769391122869,5771.97,0.8927,4.6629,0.744,0.7458,-0.2414,1459200,1085652,0.744,0.744,3674300,0.743,76341500,0.742,44564100,0.741,29641500,0.740,35569900,0.745,86691500,0.746,70681600,0.747,59824600,0.748,30960200,0.749,36728800,128,99999,0
sh513130,09:32:04,1769391126931,5771.3,0.8927,3.5198,0.745,0.7458,-0.1073,821800,611467,0.7441,0.744,2393800,0.743,77141900,0.742,44575100,0.741,29750000,0.740,35600000,0.745,86814800,0.746,71701600,0.747,58987700,0.748,30960200,0.749,36728800,216,99999,0
sh513130,09:32:07,1769391129895,5771.03,0.8927,4.8029,0.744,0.7464,-0.3215,447400,332944,0.7442,0.744,7056500,0.743,74647200,0.742,44611100,0.741,29755000,0.740,35685400,0.745,87062700,0.746,71701600,0.747,59090700,0.748,31010200,0.749,36728800,667,99999,0
sh513130,09:32:10,1769391130883,5770.67,0.8927,5.8744,0.744,0.7452,-0.161,846600,629941,0.7441,0.744,2672100,0.743,80009400,0.742,44861100,0.741,29813000,0.740,35685500,0.745,88046000,0.746,71706600,0.747,59133100,0.748,31033200,0.749,36728800,188,99999,0
sh513130,09:32:07,1769391132895,5770.86,0.8927,3.5286,0.744,0.7464,-0.3215,0,0,0.744,0.744,7056500,0.743,74647200,0.742,44611100,0.741,29755000,0.740,35685400,0.745,87062700,0.746,71701600,0.747,59090700,0.748,31010200,0.749,36728800,146,99999,2
sh513130,09:32:10,1769391133906,5770.86,0.8927,2.8462,0.744,0.7452,-0.161,0,0,0.744,0.744,2672100,0.743,80009400,0.742,44861100,0.741,29813000,0.740,35685500,0.745,88046000,0.746,71706600,0.747,59133100,0.748,31033200,0.749,36728800,343,99999,0
sh513130,09:32:13,1769391136880,5770.09,0.8927,3.7786,0.745,0.7445,0.0672,1903700,1416720,0.7442,0.744,1406500,0.743,82178400,0.742,44867100,0.741,30064000,0.740,35715500,0.745,90035600,0.746,71726300,0.747,58232800,0.748,31492200,0.749,36738800,157,99999,0
sh513130,09:32:16,1769391137868,5770.09,0.8927,3.8441,0.744,0.7445,-0.0672,2018100,1501795,0.7442,0.744,718700,0.743,83255100,0.742,44877100,0.741,30079000,0.740,36771500,0.745,89065100,0.746,71776300,0.747,58262800,0.748,31502200,0.749,36750300,1143,99999,0
sh513130,09:32:13,1769391138870,5768.63,0.8927,3.8379,0.745,0.7445,0.0672,0,0,0.745,0.744,1406500,0.743,82178400,0.742,44867100,0.741,30064000,0.740,35715500,0.745,90035600,0.746,71726300,0.747,58232800,0.748,31492200,0.749,36738800,95,99999,2
sh513130,09:32:16,1769391139875,5768.63,0.8927,3.0731,0.744,0.7445,-0.0672,0,0,0.744,0.744,718700,0.743,83255100,0.742,44877100,0.741,30079000,0.740,36771500,0.745,89065100,0.746,71776300,0.747,58262800,0.748,31502200,0.749,36750300,1100,99999,0
sh513130,09:32:19,1769391140872,5769.32,0.8927,2.7785,0.744,0.7445,-0.0672,1153400,858134,0.744,0.743,70790600,0.742,44877100,0.741,31049200,0.740,36815500,0.739,28446900,0.744,3401700,0.745,89364000,0.746,71776300,0.747,58695600,0.748,31667600,112,99999,0
sh513130,09:32:22,1769391144885,5769.62,0.8927,2.4071,0.744,0.7452,-0.161,552500,411057,0.744,0.743,71689400,0.742,45736900,0.741,31065200,0.740,36848300,0.739,29352600,0.744,8401600,0.745,89412700,0.746,71761700,0.747,58873900,0.748,31742600,223,99999,0
sh513130,09:32:25,1769391146906,5769.9,0.8927,2.2165,0.743,0.7445,-0.2015,1156500,860414,0.744,0.743,69031200,0.742,45889900,0.741,31185200,0.740,36860300,0.739,29362600,0.744,8197800,0.745,89259600,0.746,71844500,0.747,58760100,0.748,31488600,186,99999,0
sh513130,09:32:28,1769391149883,5769.82,0.8927,3.3735,0.744,0.7445,-0.0672,1867900,1388747,0.7435,0.743,68673400,0.742,45936400,0.741,31909400,0.740,36900500,0.739,29362600,0.744,5309100,0.745,89739600,0.746,71852500,0.747,49555200,0.748,31488600,1127,99999,0
sh513130,09:32:31,1769391152885,5769.15,0.8927,3.4375,0.744,0.7445,-0.0672,504500,375028,0.7434,0.743,70476800,0.742,46976400,0.741,30949500,0.740,36923500,0.739,29382600,0.744,5603300,0.745,87852900,0.746,71854000,0.747,49547400,0.748,31490600,138,99999,0
sh513130,09:32:34,1769391156883,5766.99,0.8927,3.1272,0.743,0.7445,-0.2015,1366000,1016083,0.7438,0.743,64377400,0.742,50700100,0.741,35014200,0.740,36924500,0.739,29397600,0.744,57147900,0.745,75025700,0.746,30200900,0.747,32688900,0.748,29530800,128,99999,0
sh513130,09:32:37,1769391159897,5765.69,0.8927,3.1043,0.743,0.7445,-0.2015,1388600,1032535,0.7436,0.743,64235800,0.742,52252600,0.741,35014200,0.740,37642400,0.739,29412600,0.744,56986200,0.745,73541500,0.746,30200900,0.747,32713400,0.748,29530300,322,99999,0
sh513130,09:32:39,1769391162899,5765.34,0.8927,4.2511,0.743,0.7445,-0.2015,469100,348647,0.7432,0.743,44632300,0.742,53111500,0.741,53972300,0.740,37670400,0.739,29429000,0.744,57966000,0.745,72073600,0.746,29870300,0.747,32713400,0.748,29583200,212,99999,0
sh513130,09:32:43,1769391165883,5764.51,0.8927,0.6367,0.743,0.7445,-0.2015,805900,598934,0.7432,0.743,39250400,0.742,59676100,0.741,54022700,0.740,38774000,0.739,29434000,0.744,58808700,0.745,72106200,0.746,29958800,0.747,32751600,0.748,29835200,1205,99999,0
sh513130,09:32:45,1769391167902,5764.53,0.8927,1.4126,0.743,0.7445,-0.2015,482200,358285,0.743,0.743,44584600,0.742,55913000,0.741,54075400,0.740,38869700,0.739,29456000,0.744,60177200,0.745,72032900,0.746,29963600,0.747,32756100,0.748,29761400,1218,99999,0
sh513130,09:32:49,1769391172890,5764.64,0.8927,2.9372,0.743,0.7439,-0.121,591400,439574,0.7433,0.743,39535600,0.742,61853400,0.741,54180400,0.740,39032400,0.739,29457000,0.744,61602900,0.745,70799000,0.746,28797200,0.747,32754000,0.748,29824900,170,99999,0
sh513130,09:32:52,1769391173887,5764.64,0.8927,2.8818,0.743,0.7439,-0.121,2165100,1609189,0.7432,0.743,44197100,0.742,57300800,0.741,54544400,0.740,40143600,0.739,29827400,0.744,66207000,0.745,69871100,0.746,28839500,0.747,32604000,0.748,29834700,1167,99999,0
sh513130,09:32:49,1769391174887,5764.97,0.8927,2.8337,0.743,0.7439,-0.121,0,0,0.743,0.743,39535600,0.742,61853400,0.741,54180400,0.740,39032400,0.739,29457000,0.744,61602900,0.745,70799000,0.746,28797200,0.747,32754000,0.748,29824900,146,99999,2
sh513130,09:32:52,1769391175892,5764.97,0.8927,2.6753,0.743,0.7439,-0.121,0,0,0.743,0.743,44197100,0.742,57300800,0.741,54544400,0.740,40143600,0.739,29827400,0.744,66207000,0.745,69871100,0.746,28839500,0.747,32604000,0.748,29834700,1151,99999,0
sh513130,09:32:54,1769391177896,5763.26,0.8927,0.8914,0.743,0.7439,-0.121,3553400,2640697,0.7431,0.743,40814000,0.742,58291700,0.741,54565400,0.740,40690800,0.739,30640100,0.744,66149100,0.745,68768700,0.746,28841500,0.747,34564000,0.748,29724700,998,99999,0
sh513130,09:32:58,1769391181886,5764.07,0.8927,2.7478,0.743,0.7439,-0.121,521300,387416,0.7432,0.743,35825100,0.742,65229300,0.741,54742000,0.740,40756700,0.739,30660100,0.744,68338800,0.745,68776900,0.746,28841500,0.747,34670800,0.748,29724700,637,99999,0
sh513130,09:33:01,1769391182896,5764.3,0.8927,2.4511,0.744,0.7439,0.0134,1608800,1195529,0.7431,0.743,34453000,0.742,66333200,0.741,54745000,0.740,41020700,0.739,30700800,0.744,71610900,0.745,68766800,0.746,27851500,0.747,34670800,0.748,29717200,141,99999,0
sh513130,09:33:03,1769391187887,5763.68,0.8927,2.6816,0.743,0.7439,-0.121,1568500,1165914,0.7433,0.743,34546700,0.742,55509400,0.741,54794700,0.740,41258400,0.739,30709300,0.744,72794700,0.745,68806000,0.746,27013500,0.747,34670800,0.748,29717200,155,99999,0
sh513130,09:33:06,1769391189869,5763.19,0.8927,2.2969,0.743,0.7439,-0.121,1329400,988023,0.7432,0.743,33733600,0.742,54725600,0.741,55672500,0.740,41273800,0.739,30729500,0.744,74322500,0.745,68806000,0.746,27013500,0.747,34670800,0.748,29767600,1090,99999,0
sh513130,09:33:10,1769391192858,5762.07,0.8927,5.1178,0.743,0.7439,-0.121,5132200,3813264,0.743,0.743,27261700,0.742,54837600,0.741,56926700,0.740,41384800,0.739,30764800,0.744,75193500,0.745,68813100,0.746,27029100,0.747,34644500,0.748,29767600,171,99999,0
sh513130,09:33:13,1769391194838,5762.07,0.8927,4.8348,0.743,0.7437,-0.0941,7751100,5759117,0.743,0.743,19961300,0.742,54006300,0.741,56927000,0.740,42521800,0.739,30798900,0.744,75610000,0.745,69016100,0.746,27128700,0.747,34791600,0.748,29794100,137,99999,0
sh513130,09:33:16,1769391198846,5760.96,0.8927,5.8308,0.744,0.7437,0.0403,15175200,11275296,0.743,0.743,5801300,0.742,55073700,0.741,57845400,0.740,42584100,0.739,31179400,0.744,75441300,0.745,69774000,0.746,27214100,0.747,34759000,0.748,29795100,76,99999,0
sh513130,09:33:19,1769391200841,5760.75,0.8927,5.9029,0.744,0.7437,0.0403,5936600,4410910,0.743,0.743,294700,0.742,55187600,0.741,59190200,0.740,42944200,0.739,31246000,0.744,78070800,0.745,69773900,0.746,26555800,0.747,34752000,0.748,29798100,105,99999,0
sh513130,09:33:16,1769391201831,5760.75,0.8927,4.9004,0.744,0.7437,0.0403,0,0,0.744,0.743,5801300,0.742,55073700,0.741,57845400,0.740,42584100,0.739,31179400,0.744,75441300,0.745,69774000,0.746,27214100,0.747,34759000,0.748,29795100,1092,99999,2
sh513130,09:33:19,1769391202827,5759.71,0.8927,5.0583,0.744,0.7437,0.0403,0,0,0.744,0.743,294700,0.742,55187600,0.741,59190200,0.740,42944200,0.739,31246000,0.744,78070800,0.745,69773900,0.746,26555800,0.747,34752000,0.748,29798100,118,99999,0
sh513130,09:33:22,1769391204809,5759.55,0.8927,4.1354,0.743,0.7437,-0.0941,889200,660675,0.743,0.742,54785000,0.741,60123000,0.740,42923900,0.739,31350800,0.738,23429500,0.743,2357600,0.744,79931900,0.745,70108800,0.746,26555800,0.747,34678900,33,99999,0
sh513130,09:33:25,1769391206783,5759.77,0.8927,4.0192,0.742,0.7437,-0.2286,752500,559062,0.7429,0.742,55582000,0.741,61163800,0.740,43932600,0.739,31375800,0.738,24398600,0.743,4248700,0.744,81524800,0.745,70314100,0.746,26592300,0.747,34678900,74,99999,0
sh513130,09:33:22,1769391207789,5759.77,0.8927,4.5691,0.743,0.7437,-0.0941,0,0,0.743,0.742,54785000,0.741,60123000,0.740,42923900,0.739,31350800,0.738,23429500,0.743,2357600,0.744,79931900,0.745,70108800,0.746,26555800,0.747,34678900,575,99999,2
sh513130,09:33:25,1769391208785,5759.28,0.8927,4.4907,0.742,0.7437,-0.2286,0,0,0.742,0.742,55582000,0.741,61163800,0.740,43932600,0.739,31375800,0.738,24398600,0.743,4248700,0.744,81524800,0.745,70314100,0.746,26592300,0.747,34678900,40,99999,0
sh513130,09:33:27,1769391210781,5759.02,0.8927,2.5583,0.743,0.7437,-0.0941,3549100,2636101,0.7428,0.742,55659500,0.741,62140000,0.740,44261600,0.739,31376200,0.738,24452900,0.743,32690000,0.744,81370600,0.745,39243700,0.746,26593300,0.747,34892600,47,99999,0
sh513130,09:33:30,1769391212760,5759.02,0.8927,4.4645,0.743,0.7437,-0.0941,559600,415415,0.7423,0.742,53861000,0.741,63202900,0.740,47385900,0.739,31393200,0.738,24463000,0.743,34051400,0.744,80031100,0.745,39498700,0.746,26696300,0.747,35247300,77,99999,0
sh513130,09:33:34,1769391216764,5757.9,0.8927,5.7411,0.743,0.7437,-0.0941,1331800,988567,0.7423,0.742,47130900,0.741,67596000,0.740,66384700,0.739,31433200,0.738,25078900,0.743,62403200,0.744,68935900,0.745,26609500,0.746,26635200,0.747,31247700,49,99999,0
sh513130,09:33:37,1769391220748,5754.78,0.8927,6.9643,0.743,0.743,0.0,847400,629531,0.7429,0.742,48406000,0.741,60051000,0.740,66458100,0.739,31433900,0.738,25078900,0.743,63143000,0.744,68432800,0.745,25634700,0.746,26735200,0.747,31390200,67,99999,0
sh513130,09:33:40,1769391222748,5754.42,0.8927,5.8325,0.742,0.743,-0.1346,344800,255987,0.7424,0.742,43035700,0.741,64998100,0.740,67328600,0.739,32035000,0.738,25081900,0.743,64950200,0.744,84484900,0.745,23991100,0.746,26741200,0.747,31583000,37,99999,0
sh513130,09:33:43,1769391226751,5755.14,0.8927,4.2046,0.743,0.7424,0.0808,321300,238679,0.7429,0.742,49984100,0.741,60493600,0.740,67289600,0.739,32183000,0.738,25799800,0.743,65316100,0.744,84483800,0.745,24084600,0.746,26751200,0.747,31583000,6,99999,0
sh513130,09:33:46,1769391228760,5755.01,0.8927,5.7701,0.742,0.7424,-0.0539,606000,450005,0.7426,0.742,49763700,0.741,60583800,0.740,68252400,0.739,32202800,0.738,25804800,0.743,66475800,0.744,84804000,0.745,24998300,0.746,26851200,0.747,31596000,39,99999,0
sh513130,09:33:49,1769391231741,5755.04,0.8927,4.7625,0.742,0.743,-0.1346,1505400,1117728,0.7425,0.742,45219400,0.741,60830200,0.740,69229200,0.739,32202800,0.738,26126800,0.743,59677900,0.744,76971200,0.745,23944500,0.746,27051400,0.747,31696000,737,99999,0
sh513130,09:33:51,1769391234731,5754.86,0.8927,5.9739,0.742,0.743,-0.1346,797300,592077,0.7426,0.742,45147000,0.741,61020400,0.740,70108900,0.739,32310800,0.738,26126900,0.743,64149300,0.744,76330400,0.745,24031700,0.746,27251400,0.747,31747400,96,99999,0
sh513130,09:33:55,1769391238699,5757.88,0.8927,7.4478,0.743,0.7424,0.0808,1754500,1302925,0.7426,0.742,44686700,0.741,61082800,0.740,71108700,0.739,32370800,0.738,26128900,0.743,63865900,0.744,61260400,0.745,24031700,0.746,27151400,0.747,31747400,61,99999,0
sh513130,09:33:57,1769391240700,5757.93,0.8927,5.8037,0.742,0.743,-0.1346,689600,511689,0.742,0.742,68372900,0.741,62028400,0.740,71179900,0.739,32470800,0.738,26150900,0.743,38504000,0.744,66807800,0.745,40196000,0.746,27156400,0.747,31747400,4,99999,0
sh513130,09:34:01,1769391244689,5757.32,0.8927,3.8096,0.742,0.743,-0.1346,803900,597025,0.7427,0.742,69096100,0.741,62722600,0.740,71788300,0.739,32482100,0.738,26171900,0.743,25672100,0.744,81125400,0.745,40146000,0.746,27156400,0.747,31747400,77,99999,0
sh513130,09:34:04,1769391246684,5756.38,0.8927,2.4891,0.742,0.7437,-0.2286,1314200,976004,0.7427,0.742,64396400,0.741,62830100,0.740,71914800,0.739,32512800,0.738,26176900,0.743,54972600,0.744,64953500,0.745,25146000,0.746,27156400,0.747,31751400,50,99999,0
sh513130,09:34:07,1769391249686,5755.59,0.8927,3.9701,0.742,0.7437,-0.2286,830400,616523,0.7424,0.742,46782300,0.741,63082400,0.740,72194100,0.739,32544700,0.738,26410500,0.743,63603200,0.744,59346000,0.745,24219000,0.746,28106500,0.747,31751400,928,99999,0
sh513130,09:34:10,1769391252685,5754.34,0.8927,4.1334,0.742,0.743,-0.1346,902700,670481,0.7428,0.742,47237100,0.741,61704500,0.740,72458100,0.739,32612500,0.738,26482100,0.743,65034400,0.744,59346000,0.745,24216300,0.746,28110000,0.747,31819300,23,99999,0
sh513130,09:34:13,1769391255692,5753.6,0.8927,4.2652,0.742,0.743,-0.1346,14117900,10475500,0.742,0.742,26803600,0.741,66942500,0.740,72792000,0.739,32625500,0.738,26811100,0.743,71668700,0.744,64327200,0.745,29195900,0.746,28110000,0.747,31569300,864,99999,0
sh513130,09:34:16,1769391258676,5752.98,0.8927,4.7434,0.743,0.743,0.0,1119500,830893,0.7422,0.742,26413800,0.741,66976300,0.740,73773800,0.739,32635500,0.738,26862100,0.743,73975000,0.744,66312200,0.745,29203900,0.746,28240000,0.747,31568700,47,99999,0
sh513130,09:34:19,1769391260647,5752.52,0.8927,2.5229,0.743,0.743,0.0,1609400,1194288,0.7421,0.742,25774100,0.741,66187900,0.740,75197500,0.739,33635800,0.738,26862100,0.743,75393400,0.744,66159300,0.745,29177100,0.746,28290000,0.747,31588700,16,99999,0
sh513130,09:34:21,1769391264639,5751.13,0.8927,1.9769,0.743,0.7417,0.1753,1228700,911774,0.7421,0.742,24592300,0.741,66561800,0.740,76108800,0.739,33645800,0.738,26900000,0.743,77331300,0.744,66159300,0.745,28900600,0.746,28336200,0.747,31611200,4,99999,0
sh513130,09:34:25,1769391267625,5750.49,0.8927,3.015,0.743,0.7417,0.1753,3117600,2313804,0.7422,0.742,22820600,0.741,66574300,0.740,76817900,0.739,33796400,0.738,27161000,0.743,92839600,0.744,65181900,0.745,29119200,0.746,28337200,0.747,31463700,934,99999,0
sh513130,09:34:28,1769391270621,5751.01,0.8927,2.8153,0.742,0.7424,-0.0539,23974200,17788868,0.742,0.741,66436700,0.740,77773600,0.739,33924800,0.738,27302300,0.737,17221800,0.742,11607500,0.743,90902100,0.744,65169200,0.745,29246100,0.746,28329100,617,99999,0
sh513130,09:34:25,1769391271628,5750.4,0.8927,2.8101,0.743,0.7417,0.1753,0,0,0.743,0.742,22820600,0.741,66574300,0.740,76817900,0.739,33796400,0.738,27161000,0.743,92839600,0.744,65181900,0.745,29119200,0.746,28337200,0.747,31463700,894,99999,2
sh513130,09:34:28,1769391272620,5750.4,0.8927,2.0249,0.742,0.7424,-0.0539,0,0,0.742,0.741,66436700,0.740,77773600,0.739,33924800,0.738,27302300,0.737,17221800,0.742,11607500,0.743,90902100,0.744,65169200,0.745,29246100,0.746,28329100,463,99999,0
sh513130,09:34:31,1769391274620,5749.65,0.8927,2.1804,0.742,0.7424,-0.0539,1744900,1294716,0.742,0.741,67060300,0.740,77947700,0.739,33929800,0.738,27397300,0.737,18129200,0.742,30389300,0.743,94441900,0.744,49632300,0.745,29345600,0.746,28838400,310,99999,0
sh513130,09:34:34,1769391275622,5748.53,0.8927,2.7127,0.742,0.7424,-0.0539,608900,451667,0.7418,0.741,66669200,0.740,78887200,0.739,36839500,0.738,27398800,0.737,18129200,0.742,45105400,0.743,88969000,0.744,40219600,0.745,29345600,0.746,25653100,925,99999,0
sh513130,09:34:31,1769391276624,5748.53,0.8927,3.6663,0.742,0.7424,-0.0539,0,0,0.742,0.741,67060300,0.740,77947700,0.739,33929800,0.738,27397300,0.737,18129200,0.742,30389300,0.743,94441900,0.744,49632300,0.745,29345600,0.746,28838400,1927,99999,2
sh513130,09:34:34,1769391277617,5748.53,0.8927,3.5995,0.742,0.7424,-0.0539,0,0,0.742,0.741,66669200,0.740,78887200,0.739,36839500,0.738,27398800,0.737,18129200,0.742,45105400,0.743,88969000,0.744,40219600,0.745,29345600,0.746,25653100,2920,99999,0
sh513130,09:34:37,1769391279620,5747.23,0.8927,5.25,0.742,0.7424,-0.0539,2289100,1698171,0.7419,0.741,63447800,0.740,79231900,0.739,37040700,0.738,27437200,0.737,18130500,0.742,55122700,0.743,82838800,0.744,40361600,0.745,24349600,0.746,25653100,918,99999,0
sh513130,09:34:40,1769391282613,5746.03,0.8927,6.082,0.742,0.7424,-0.0539,637200,472325,0.7413,0.741,36360400,0.740,77797600,0.739,56042800,0.738,27546500,0.737,18130500,0.742,71696500,0.743,68995600,0.744,33646400,0.745,24360900,0.746,25636100,1800,99999,0
sh513130,09:34:43,1769391284611,5745.8,0.8927,5.343,0.742,0.7417,0.0404,1252900,929277,0.7417,0.741,33539500,0.740,77958100,0.739,56084300,0.738,27664600,0.737,18270500,0.742,74532300,0.743,68231800,0.744,34727400,0.745,24485000,0.746,24785400,1645,99999,0
sh513130,09:34:45,1769391288577,5745.02,0.8927,7.6336,0.741,0.7417,-0.0944,345400,256079,0.7414,0.741,33907400,0.740,78652500,0.739,57101800,0.738,27867600,0.737,18280500,0.742,74460200,0.743,66087100,0.744,34762600,0.745,24605000,0.746,24784400,1288,99999,0
sh513130,09:34:48,1769391291596,5744.45,0.8927,4.8488,0.742,0.7417,0.0404,1240600,920081,0.7416,0.741,34334100,0.740,78018300,0.739,57933600,0.738,28946400,0.737,18282800,0.742,82384900,0.743,61978300,0.744,33797500,0.745,24606000,0.746,24835300,894,99999,0
sh513130,09:34:51,1769391294584,5743.46,0.8927,3.9803,0.742,0.7417,0.0404,616300,456899,0.7414,0.741,34072300,0.740,78773500,0.739,58838700,0.738,29067700,0.737,18289000,0.742,84703100,0.743,62396300,0.744,33822600,0.745,24791000,0.746,24835300,809,99999,0
sh513130,09:34:55,1769391298582,5743.62,0.8927,3.3992,0.741,0.7417,-0.0944,19739800,14627451,0.741,0.741,17365500,0.740,79605300,0.739,59893100,0.738,29108300,0.737,18309000,0.742,80086900,0.743,61761900,0.744,33831700,0.745,24927500,0.746,24851600,379,99999,0
sh513130,09:34:58,1769391301564,5744.19,0.8927,5.3957,0.741,0.7417,-0.0944,17530700,12990320,0.741,0.740,80385400,0.739,60829500,0.738,29142700,0.737,18332800,0.736,12591500,0.741,8466500,0.742,78083100,0.743,61540500,0.744,32817100,0.745,24865000,914,99999,0
sh513130,09:35:01,1769391304582,5744.53,0.8927,7.5257,0.741,0.7417,-0.0944,6010600,4453852,0.741,0.740,82958700,0.739,61871700,0.738,28344800,0.737,18332800,0.736,13506200,0.741,7813700,0.742,80786500,0.743,61680100,0.744,34535300,0.745,24713000,1247,99999,0
sh513130,09:35:04,1769391307566,5744.05,0.8927,4.4317,0.742,0.7411,0.1214,11655500,8636725,0.741,0.741,201700,0.740,101754900,0.739,70922900,0.738,28354800,0.737,18342800,0.742,98815500,0.743,78462100,0.744,29742300,0.745,19710600,0.746,21908500,758,99999,0
sh513130,09:35:07,1769391309616,5743.3,0.8927,3.1631,0.741,0.7411,-0.0135,7891800,5854529,0.7418,0.741,2909500,0.740,101811800,0.739,71803700,0.738,29419400,0.737,18358800,0.742,91878500,0.743,79327000,0.744,31892300,0.745,19844900,0.746,21908500,633,99999,0
sh513130,09:35:10,1769391313553,5743.14,0.8927,3.0089,0.741,0.7411,-0.0135,5057100,3749091,0.7414,0.741,4988000,0.740,103167600,0.739,73661700,0.738,29492500,0.737,18358900,0.742,94217000,0.743,79824300,0.744,31892300,0.745,19944900,0.746,21911400,245,99999,0
sh513130,09:35:12,1769391315530,5741.75,0.8927,4.4358,0.742,0.7418,0.027,3606600,2672655,0.741,0.741,3998200,0.740,90815100,0.739,73823300,0.738,42706300,0.737,18472900,0.742,94747600,0.743,79257600,0.744,31918000,0.745,20052300,0.746,21911400,52,99999,0
sh513130,09:35:15,1769391318526,5742.58,0.8927,3.8743,0.741,0.7411,-0.0135,5140900,3809612,0.741,0.740,104587600,0.739,74827500,0.738,43427200,0.737,18472900,0.736,13257900,0.741,2796100,0.742,93700000,0.743,78194300,0.744,32243000,0.745,19860600,885,99999,0
sh513130,09:35:18,1769391320541,5741.96,0.8927,2.9565,0.742,0.7411,0.1214,3286600,2435871,0.7412,0.741,129800,0.740,106289900,0.739,75831400,0.738,42554700,0.737,18482900,0.742,95832800,0.743,79313200,0.744,31971900,0.745,19967700,0.746,21941400,730,99999,0
sh513130,09:35:22,1769391325527,5742.78,0.8927,2.5743,0.742,0.7411,0.1214,2483600,1842164,0.7417,0.741,4207200,0.740,105898700,0.739,76723500,0.738,43558000,0.737,18513500,0.742,96708000,0.743,80797500,0.744,32151300,0.745,20025000,0.746,21931400,795,99999,0
sh513130,09:35:25,1769391328511,5742.3,0.8927,3.4349,0.742,0.7417,0.0404,1383800,1025525,0.7411,0.741,5700700,0.740,107494700,0.739,77690000,0.738,43767000,0.737,18551000,0.742,104704600,0.743,80810500,0.744,31222400,0.745,24034000,0.746,21931400,1812,99999,0
sh513130,09:35:27,1769391330513,5739.69,0.8927,3.464,0.741,0.7418,-0.1078,8193600,6071458,0.741,0.740,108869500,0.739,90876900,0.738,43789600,0.737,18551000,0.736,15315600,0.741,43161800,0.742,96074800,0.743,55165100,0.744,32350600,0.745,24799700,1768,99999,0
sh513130,09:35:31,1769391334510,5740.85,0.8927,2.7527,0.74,0.7418,-0.2427,2059400,1525989,0.741,0.740,97057200,0.739,91829600,0.738,43800100,0.737,18888200,0.736,15828700,0.741,53244800,0.742,95263400,0.743,54249100,0.744,27274700,0.745,24818600,1679,99999,0
sh513130,09:35:33,1769391336490,5739.89,0.8927,4.5741,0.741,0.7418,-0.1078,2716800,2011894,0.7405,0.740,65414500,0.739,80856200,0.738,62757000,0.737,18902000,0.736,15855800,0.741,57175100,0.742,91798200,0.743,53247900,0.744,27325700,0.745,25826600,1495,99999,0
sh513130,09:35:37,1769391340506,5739.02,0.8927,7.1631,0.741,0.7411,-0.0135,400800,296813,0.7406,0.740,65567900,0.739,79177700,0.738,63126600,0.737,18905000,0.736,15858900,0.741,73813600,0.742,91906900,0.743,38240100,0.744,31405700,0.745,25826600,1177,99999,0
sh513130,09:35:40,1769391343521,5740.22,0.8927,5.7202,0.74,0.7411,-0.1484,621700,460635,0.7409,0.740,108712000,0.739,80537000,0.738,63695200,0.737,18905100,0.736,16199900,0.741,48740700,0.742,97619900,0.743,53305800,0.744,31275900,0.745,25851600,797,99999,0
sh513130,09:35:43,1769391345542,5740.28,0.8927,5.9501,0.74,0.7411,-0.1484,17644900,13074580,0.741,0.740,109556600,0.739,80713100,0.738,64787600,0.737,18920300,0.736,16199900,0.741,44895400,0.742,99788800,0.743,53449800,0.744,31298600,0.745,25351600,830,99999,0
sh513130,09:35:46,1769391348568,5740.52,0.8927,3.608,0.74,0.7411,-0.1484,1396400,1034033,0.7405,0.740,109646400,0.739,81615400,0.738,64811200,0.737,18930300,0.736,16209100,0.741,49720600,0.742,97440000,0.743,53449800,0.744,31297600,0.745,25647000,578,99999,0
sh513130,09:35:48,1769391352581,5739.43,0.8927,1.7423,0.741,0.7411,-0.0135,2642400,1956420,0.7404,0.740,109409600,0.739,80730200,0.738,65758200,0.737,18930300,0.736,16274100,0.741,58677100,0.742,86431300,0.743,52404600,0.744,31625800,0.745,25647000,251,99999,0
sh513130,09:35:52,1769391354581,5740.22,0.8927,3.761,0.74,0.7411,-0.1484,1632100,1208034,0.7402,0.740,109237100,0.739,82522000,0.738,65842100,0.737,18930300,0.736,16285500,0.741,57448700,0.742,85437600,0.743,53630800,0.744,31625800,0.745,25737000,83,99999,0
sh513130,09:35:55,1769391358574,5740.68,0.8927,2.3709,0.741,0.7411,-0.0135,1475900,1092350,0.7401,0.740,108955700,0.739,83199700,0.738,66827100,0.737,19287600,0.736,16296400,0.741,52623100,0.742,85094700,0.743,53630800,0.744,31626800,0.745,25714200,1892,99999,0
sh513130,09:35:57,1769391362574,5740.05,0.8927,1.109,0.741,0.7412,-0.027,1241200,918617,0.7401,0.740,109113500,0.739,83420700,0.738,67798300,0.737,19518900,0.736,16303900,0.741,49710900,0.742,90852700,0.743,52464200,0.744,32436500,0.745,26934200,1574,99999,0
sh513130,09:36:01,1769391363592,5740.78,0.8927,1.2983,0.741,0.7412,-0.027,2251900,1667672,0.7406,0.740,94780200,0.739,82571600,0.738,68815700,0.737,19569200,0.736,16328800,0.741,86405000,0.742,84513000,0.743,36950700,0.744,32464900,0.745,27044200,261,99999,0
sh513130,09:36:04,1769391366594,5740.0,0.8927,3.5408,0.741,0.7412,-0.027,1292800,956830,0.7401,0.740,66647400,0.739,82982800,0.738,69699000,0.737,19721000,0.736,16331800,0.741,98790300,0.742,81296500,0.743,35093800,0.744,32369100,0.745,27044200,1251,99999,0
sh513130,09:36:06,1769391369615,5738.89,0.8927,4.6885,0.74,0.7418,-0.2427,496500,367625,0.7404,0.740,109937000,0.739,84458700,0.738,70824400,0.737,19721000,0.736,16344600,0.741,95500900,0.742,82698300,0.743,35950100,0.744,32383000,0.745,27064200,861,99999,0
sh513130,09:36:09,1769391372611,5740.14,0.8927,3.4171,0.74,0.7412,-0.1619,1007600,745901,0.7403,0.740,112391900,0.739,84847300,0.738,71817100,0.737,20122000,0.736,16344600,0.741,98032700,0.742,85798100,0.743,35950200,0.744,32383000,0.745,27052200,730,99999,0
sh513130,09:36:13,1769391376617,5737.96,0.8927,3.8654,0.741,0.7412,-0.027,851600,630381,0.7402,0.740,68338800,0.739,84502500,0.738,72793500,0.737,20187200,0.736,16388300,0.741,107521000,0.742,80699100,0.743,35950200,0.744,32383000,0.745,27134200,404,99999,0
sh513130,09:36:15,1769391378615,5737.83,0.8927,3.105,0.741,0.7412,-0.027,489300,362460,0.7408,0.740,69562300,0.739,84809700,0.738,72793400,0.737,20394000,0.736,16458800,0.741,109340000,0.742,81264500,0.743,34271600,0.744,32383000,0.745,27134200,250,99999,0
sh513130,09:36:18,1769391381611,5738.53,0.8927,2.1757,0.741,0.7412,-0.027,5404800,3999599,0.74,0.740,82824700,0.739,85441900,0.738,73690800,0.737,20563900,0.736,16530400,0.741,111058200,0.742,81244000,0.743,34429800,0.744,30393200,0.745,27142900,858,99999,0
sh513130,09:36:21,1769391384613,5739.22,0.8927,1.761,0.741,0.7412,-0.027,266700,197443,0.7403,0.740,109508600,0.739,86765300,0.738,74562200,0.737,20613900,0.736,16557600,0.741,90018200,0.742,86868300,0.743,49379800,0.744,30393200,0.745,27145800,1870,99999,0
sh513130,09:36:24,1769391388604,5741.11,0.8927,1.9176,0.741,0.7412,-0.027,203500,150694,0.7405,0.740,107727400,0.739,87042900,0.738,75705700,0.737,20703900,0.736,16579600,0.741,73078600,0.742,86868300,0.743,49379800,0.744,30393200,0.745,27180700,1576,99999,0
sh513130,09:36:27,1769391390604,5740.42,0.8927,2.1404,0.741,0.7412,-0.027,372600,275973,0.7407,0.740,108951300,0.739,87144500,0.738,75631100,0.737,20704000,0.736,16633200,0.741,79340300,0.742,86878300,0.743,49409800,0.744,30554900,0.745,27180700,1411,99999,0
sh513130,09:36:31,1769391394626,5741.65,0.8927,3.9869,0.741,0.7412,-0.027,5671500,4197572,0.7401,0.740,104955600,0.739,87037100,0.738,74882200,0.737,20744000,0.736,16652700,0.741,74604600,0.742,87078300,0.743,49452600,0.744,30566900,0.745,27193600,1109,99999,0
sh513130,09:36:34,1769391397627,5742.97,0.8927,4.3557,0.741,0.7412,-0.027,803400,595174,0.7408,0.740,106446600,0.739,87182200,0.738,74987500,0.737,20744700,0.736,16682700,0.741,75500700,0.742,86878300,0.743,48972600,0.744,35567000,0.745,27203600,946,99999,0
sh513130,09:36:37,1769391399628,5743.76,0.8927,7.5296,0.74,0.7411,-0.1484,17511600,12974960,0.7409,0.740,106211300,0.739,88101400,0.738,75216500,0.737,20796000,0.736,16690200,0.741,16772300,0.742,91678800,0.743,82088100,0.744,35453200,0.745,27223900,851,99999,0
sh513130,09:36:39,1769391402620,5743.23,0.8927,6.0904,0.741,0.7418,-0.1078,11924600,8835874,0.741,0.740,108088700,0.739,89555400,0.738,76160800,0.737,20765900,0.736,16702600,0.741,50669700,0.742,86228800,0.743,66101400,0.744,35453200,0.745,27223900,431,99999,0
sh513130,09:36:42,1769391404649,5744.87,0.8927,7.9259,0.741,0.7418,-0.1078,2417700,1791352,0.7409,0.740,108144400,0.739,90393900,0.738,76259800,0.737,20766400,0.736,16700500,0.741,60824200,0.742,81338700,0.743,66101400,0.744,35453200,0.745,27273900,27,99999,0
sh513130,09:36:45,1769391409648,5743.89,0.8927,4.5748,0.74,0.7412,-0.1619,1219600,903462,0.7408,0.740,108484200,0.739,91548500,0.738,76358400,0.737,20686400,0.736,16730200,0.741,49455000,0.742,82383000,0.743,66144200,0.744,35453200,0.745,27283400,928,99999,0
sh513130,09:36:48,1769391411643,5743.59,0.8927,4.6436,0.741,0.7412,-0.027,1345900,997247,0.741,0.740,111387400,0.739,92741800,0.738,76524300,0.737,20686400,0.736,16850200,0.741,65561100,0.742,81448600,0.743,66154200,0.744,35583200,0.745,27603400,786,99999,0
sh513130,09:36:52,1769391413636,5743.15,0.8927,3.7931,0.741,0.7412,-0.027,1285300,952197,0.7408,0.740,111950000,0.739,93660000,0.738,76717400,0.737,20691300,0.736,17160200,0.741,34471900,0.742,88630400,0.743,66493600,0.744,36333100,0.745,27606400,619,99999,0
sh513130,09:36:48,1769391414630,5743.15,0.8927,3.4656,0.741,0.7412,-0.027,0,0,0.741,0.740,111387400,0.739,92741800,0.738,76524300,0.737,20686400,0.736,16850200,0.741,65561100,0.742,81448600,0.743,66154200,0.744,35583200,0.745,27603400,1614,99999,2
sh513130,09:36:52,1769391415634,5742.89,0.8927,3.3901,0.741,0.7412,-0.027,0,0,0.741,0.740,111950000,0.739,93660000,0.738,76717400,0.737,20691300,0.736,17160200,0.741,34471900,0.742,88630400,0.743,66493600,0.744,36333100,0.745,27606400,447,99999,0
sh513130,09:36:55,1769391417638,5743.65,0.8927,3.659,0.741,0.7412,-0.027,7777700,5757046,0.7402,0.740,107681800,0.739,94673900,0.738,76870100,0.737,20693300,0.736,17270900,0.741,53660900,0.742,83628000,0.743,66317400,0.744,36368800,0.745,27640900,294,99999,0
sh513130,09:36:58,1769391421636,5743.78,0.8927,1.7788,0.74,0.7418,-0.2427,2125400,1574897,0.741,0.740,109455900,0.739,94760100,0.738,76892600,0.737,20713300,0.736,17277600,0.741,11346600,0.742,94186100,0.743,82444300,0.744,36536300,0.745,27702700,898,99999,0
sh513130,09:37:01,1769391424647,5744.93,0.8927,4.0589,0.741,0.7418,-0.1078,8510700,6306377,0.741,0.740,111227000,0.739,95112000,0.738,76942500,0.737,20701300,0.736,17289600,0.741,900100,0.742,96063300,0.743,82394300,0.744,36523900,0.745,27722700,33,99999,0
sh513130,09:37:04,1769391427660,5745.65,0.8927,3.576,0.741,0.7418,-0.1078,8480100,6282697,0.7409,0.741,570000,0.740,112684700,0.739,96843200,0.738,76963800,0.737,20701300,0.742,97027900,0.743,82749600,0.744,36523900,0.745,28264100,0.746,21648200,326,99999,0
sh513130,09:37:06,1769391429661,5746.81,0.8927,3.0376,0.741,0.7418,-0.1078,1759200,1303567,0.741,0.741,61165200,0.740,113201400,0.739,97651200,0.738,77047800,0.737,20751800,0.742,99582900,0.743,82799600,0.744,36700700,0.745,28364100,0.746,21648200,783,99999,0
sh513130,09:37:09,1769391431646,5746.29,0.8927,4.3237,0.741,0.7418,-0.1078,7212000,5344094,0.741,0.741,22649200,0.740,116705700,0.739,98699800,0.738,77060500,0.737,20751800,0.742,98117400,0.743,81884300,0.744,36700700,0.745,28402100,0.746,21638200,932,99999,0
sh513130,09:37:13,1769391436643,5746.63,0.8927,2.8562,0.741,0.7418,-0.1078,457800,339378,0.7413,0.741,8543000,0.740,119696700,0.739,99560000,0.738,77561600,0.737,20753800,0.742,96770900,0.743,81884300,0.744,36700700,0.745,28964500,0.746,21710800,1929,99999,0
sh513130,09:37:16,1769391439619,5744.87,0.8927,1.8187,0.741,0.7418,-0.1078,4474500,3315643,0.741,0.741,4943100,0.740,118011900,0.739,100551800,0.738,77606400,0.737,20793300,0.742,96851300,0.743,81904300,0.744,36516000,0.745,28987000,0.746,21737600,577,99999,0
sh513130,09:37:19,1769391441627,5745.34,0.8927,4.0696,0.741,0.7418,-0.1078,6658500,4934634,0.7411,0.740,119391000,0.739,101493700,0.738,77655400,0.737,20873500,0.736,16454900,0.741,25249800,0.742,88437600,0.743,67952100,0.744,36576000,0.745,28990000,416,99999,0
sh513130,09:37:16,1769391442623,5745.34,0.8927,3.1499,0.741,0.7418,-0.1078,0,0,0.741,0.741,4943100,0.740,118011900,0.739,100551800,0.738,77606400,0.737,20793300,0.742,96851300,0.743,81904300,0.744,36516000,0.745,28987000,0.746,21737600,1413,99999,2
sh513130,09:37:19,1769391443629,5744.04,0.8927,3.1309,0.741,0.7418,-0.1078,0,0,0.741,0.740,119391000,0.739,101493700,0.738,77655400,0.737,20873500,0.736,16454900,0.741,25249800,0.742,88437600,0.743,67952100,0.744,36576000,0.745,28990000,253,99999,0
sh513130,09:37:22,1769391445624,5744.53,0.8927,3.6966,0.741,0.7418,-0.1078,3900300,2890026,0.741,0.740,117527900,0.739,102544900,0.738,77684400,0.737,20875500,0.736,17410900,0.741,26551600,0.742,82579600,0.743,71697400,0.744,36880100,0.745,28990000,80,99999,0
sh513130,09:37:25,1769391447638,5743.87,0.8927,1.9258,0.741,0.7418,-0.1078,5448200,4037051,0.741,0.740,118260300,0.739,103243300,0.738,77781500,0.737,20902700,0.736,17414300,0.741,12178300,0.742,83000700,0.743,72738800,0.744,36880100,0.745,28990000,857,99999,0
sh513130,09:37:27,1769391449625,5743.75,0.8927,3.1394,0.741,0.7418,-0.1078,4989100,3696899,0.741,0.740,118724900,0.739,104237300,0.738,77834600,0.737,20981800,0.736,17414300,0.741,22631100,0.742,84664200,0.743,71778800,0.744,36880100,0.745,29559600,919,99999,0
sh513130,09:37:25,1769391450627,5743.75,0.8927,2.5366,0.741,0.7418,-0.1078,0,0,0.741,0.740,118260300,0.739,103243300,0.738,77781500,0.737,20902700,0.736,17414300,0.741,12178300,0.742,83000700,0.743,72738800,0.744,36880100,0.745,28990000,757,99999,2
sh513130,09:37:27,1769391451624,5742.58,0.8927,2.6484,0.741,0.7418,-0.1078,0,0,0.741,0.740,118724900,0.739,104237300,0.738,77834600,0.737,20981800,0.736,17414300,0.741,22631100,0.742,84664200,0.743,71778800,0.744,36880100,0.745,29559600,888,99999,0
sh513130,09:37:30,1769391454628,5742.19,0.8927,4.9138,0.741,0.7418,-0.1078,1127500,835442,0.741,0.740,119144200,0.739,104913800,0.738,77957100,0.737,20986800,0.736,17687900,0.741,22884900,0.742,84664200,0.743,71808900,0.744,36880100,0.745,29613600,424,99999,0
sh513130,09:37:34,1769391457630,5738.98,0.8927,4.6279,0.741,0.7418,-0.1078,2043300,1513361,0.7406,0.740,118422800,0.739,105212600,0.738,78230600,0.737,21103400,0.736,17694100,0.741,55665700,0.742,84919100,0.743,68115900,0.744,36880100,0.745,29614100,925,99999,0
sh513130,09:37:36,1769391460621,5738.74,0.8927,4.2137,0.741,0.7418,-0.1078,2664500,1973253,0.7406,0.740,110631500,0.739,94914600,0.738,79521900,0.737,21124400,0.736,17701100,0.741,90234100,0.742,84370100,0.743,52778600,0.744,31880100,0.745,29615100,1858,99999,0
sh513130,09:37:40,1769391462649,5737.72,0.8927,4.6609,0.741,0.7412,-0.027,663100,491313,0.7409,0.740,111968900,0.739,94920500,0.738,80371300,0.737,21155500,0.736,17908400,0.741,90859200,0.742,83729300,0.743,53167700,0.744,31880100,0.745,29628100,6,99999,0
sh513130,09:37:42,1769391465655,5738.63,0.8927,4.7037,0.741,0.7412,-0.027,1622800,1202408,0.7409,0.740,107529500,0.739,94908500,0.738,81234800,0.737,21258700,0.736,17908500,0.741,92142500,0.742,83532500,0.743,53267700,0.744,31880100,0.745,29668100,612,99999,0
sh513130,09:37:46,1769391468633,5736.96,0.8927,3.558,0.741,0.7412,-0.027,425000,314890,0.7409,0.740,107800400,0.739,94968200,0.738,81198200,0.737,21318800,0.736,17918500,0.741,93283900,0.742,83355400,0.743,53267700,0.744,31930600,0.745,29668100,17,99999,0
sh513130,09:37:49,1769391471643,5736.74,0.8927,2.3807,0.74,0.7412,-0.1619,993800,736095,0.7407,0.740,79973900,0.739,94998200,0.738,82070600,0.737,21318800,0.736,17916900,0.741,95233700,0.742,83634100,0.743,53317700,0.744,31930600,0.745,29682700,97,99999,0
sh513130,09:37:52,1769391474633,5735.23,0.8927,3.5514,0.74,0.7412,-0.1619,4514800,3341354,0.7401,0.740,63951600,0.739,94993200,0.738,83018500,0.737,21438800,0.736,18017300,0.741,91455700,0.742,83720800,0.743,53318700,0.744,32025100,0.745,29765900,936,99999,0
sh513130,09:37:55,1769391477648,5735.37,0.8927,3.1408,0.74,0.7412,-0.1619,3658900,2709988,0.7407,0.740,81667000,0.739,94937200,0.738,84076400,0.737,21438800,0.736,18017800,0.741,95033900,0.742,83053700,0.743,53268700,0.744,31965100,0.745,29696000,963,99999,0
sh513130,09:37:57,1769391481642,5734.01,0.8927,1.4198,0.74,0.7405,-0.0675,27687500,20489041,0.74,0.740,35057900,0.739,95017200,0.738,84691500,0.737,21438800,0.736,18017800,0.741,95157800,0.742,82908300,0.743,53576700,0.744,31912600,0.745,29696000,930,99999,0
sh513130,09:38:01,1769391483647,5733.92,0.8927,1.8614,0.741,0.7405,0.0675,14708200,10884463,0.74,0.740,19274600,0.739,95432400,0.738,84754700,0.737,22288300,0.736,18064500,0.741,92440100,0.742,81963700,0.743,53776700,0.744,31578500,0.745,29756000,314,99999,0
sh513130,09:38:04,1769391486653,5730.61,0.8927,1.662,0.74,0.7405,-0.0675,23344200,17274854,0.74,0.739,95512100,0.738,69778200,0.737,23135900,0.736,18165300,0.735,20547600,0.740,15505400,0.741,92801200,0.742,80289500,0.743,53765700,0.744,31574500,17,99999,0
sh513130,09:38:07,1769391488638,5728.81,0.8927,4.4055,0.74,0.7405,-0.0675,1062500,786232,0.74,0.739,47621200,0.738,94836900,0.737,62512700,0.736,25565300,0.735,21466200,0.740,80202600,0.741,93607600,0.742,46914100,0.743,25094800,0.744,31604500,20,99999,0
sh513130,09:38:10,1769391492635,5729.12,0.8927,2.0764,0.74,0.7399,0.0135,7438700,5504625,0.74,0.739,45759000,0.738,96024800,0.737,64355200,0.736,25565300,0.735,21497800,0.740,78698700,0.741,93105100,0.742,45914100,0.743,25094800,0.744,31604500,1554,99999,0
sh513130,09:38:13,1769391495638,5727.85,0.8927,5.0279,0.74,0.7399,0.0135,21038100,15547867,0.739,0.739,22402500,0.738,96353000,0.737,65205800,0.736,25565300,0.735,21497800,0.740,80545300,0.741,94788200,0.742,45689600,0.743,25262500,0.744,31706500,206,99999,0
sh513130,09:38:10,1769391496640,5727.83,0.8927,3.7261,0.74,0.7399,0.0135,0,0,0.74,0.739,45759000,0.738,96024800,0.737,64355200,0.736,25565300,0.735,21497800,0.740,78698700,0.741,93105100,0.742,45914100,0.743,25094800,0.744,31604500,17,99999,2
sh513130,09:38:13,1769391497635,5727.83,0.8927,5.0934,0.74,0.7399,0.0135,0,0,0.74,0.739,22402500,0.738,96353000,0.737,65205800,0.736,25565300,0.735,21497800,0.740,80545300,0.741,94788200,0.742,45689600,0.743,25262500,0.744,31706500,33,99999,0
sh513130,09:38:16,1769391498636,5727.83,0.8927,4.4805,0.74,0.7399,0.0135,1579900,1168158,0.7394,0.739,21964500,0.738,96501300,0.737,66203400,0.736,25570600,0.735,21697800,0.740,81646200,0.741,95133300,0.742,45439600,0.743,25164500,0.744,31706500,1036,99999,0
sh513130,09:38:19,1769391501637,5728.32,0.8927,5.697,0.74,0.7392,0.1082,3488400,2579428,0.7394,0.739,21226100,0.738,97631200,0.737,66203400,0.736,25606600,0.735,21621800,0.740,81122900,0.741,94815600,0.742,45563900,0.743,21161300,0.744,31721500,963,99999,0
sh513130,09:38:22,1769391503639,5725.84,0.8927,4.4052,0.74,0.7392,0.1082,1228500,908311,0.7394,0.739,22541300,0.738,97674900,0.737,67138900,0.736,25944800,0.735,21655100,0.740,83455000,0.741,94661900,0.742,45592300,0.743,21102200,0.744,31674500,876,99999,0
sh513130,09:38:25,1769391507649,5726.89,0.8927,2.9304,0.739,0.7399,-0.1216,2751900,2034353,0.7393,0.739,21263900,0.738,98065900,0.737,67993500,0.736,25944800,0.735,21701900,0.740,82646200,0.741,90627000,0.742,45869300,0.743,21259200,0.744,31674500,924,99999,0
sh513130,09:38:28,1769391511643,5728.19,0.8927,5.9949,0.739,0.7392,-0.0271,1714900,1268310,0.7396,0.739,25986400,0.738,98253800,0.737,67998200,0.736,25975800,0.735,21706100,0.740,82874800,0.741,87843600,0.742,45889300,0.743,21260200,0.744,31674500,939,99999,0
sh513130,09:38:31,1769391513661,5727.12,0.8927,5.2866,0.739,0.7392,-0.0271,1657500,1224949,0.739,0.739,26620400,0.738,98520900,0.737,69019900,0.736,26086800,0.735,21732900,0.740,84809200,0.741,87932300,0.742,46015200,0.743,21229100,0.744,31674500,869,99999,0
sh513130,09:38:34,1769391517637,5726.86,0.8927,3.4253,0.739,0.7392,-0.0271,2071900,1531159,0.739,0.739,24978100,0.738,98983700,0.737,69915900,0.736,26169700,0.735,21755100,0.740,84993100,0.741,87939800,0.742,45914600,0.743,21186300,0.744,31674500,518,99999,0
sh513130,09:38:37,1769391518643,5727.26,0.8927,3.6836,0.739,0.7392,-0.0271,3525600,2605420,0.739,0.739,21923700,0.738,99348200,0.737,70695700,0.736,26219700,0.735,21795900,0.740,87717700,0.741,86812500,0.742,45912000,0.743,20550800,0.744,31704500,31,99999,0
sh513130,09:38:40,1769391521619,5727.01,0.8927,2.7947,0.74,0.7392,0.1082,9957600,7358770,0.739,0.739,10330200,0.738,99453800,0.737,71543300,0.736,26355600,0.735,22491100,0.740,90704500,0.741,86941800,0.742,46691400,0.743,20550800,0.744,31814500,172,99999,0
sh513130,09:38:37,1769391522632,5727.01,0.8927,2.7417,0.739,0.7392,-0.0271,0,0,0.739,0.739,21923700,0.738,99348200,0.737,70695700,0.736,26219700,0.735,21795900,0.740,87717700,0.741,86812500,0.742,45912000,0.743,20550800,0.744,31704500,1187,99999,2
sh513130,09:38:40,1769391523625,5725.99,0.8927,2.6226,0.74,0.7392,0.1082,0,0,0.74,0.739,10330200,0.738,99453800,0.737,71543300,0.736,26355600,0.735,22491100,0.740,90704500,0.741,86941800,0.742,46691400,0.743,20550800,0.744,31814500,11,99999,0
sh513130,09:38:43,1769391525625,5726.53,0.8927,7.1125,0.739,0.7392,-0.0271,10770200,7959185,0.739,0.738,101273300,0.737,62212900,0.736,26955900,0.735,22632800,0.734,12817200,0.739,5840700,0.740,88810700,0.741,85330200,0.742,46691400,0.743,20642100,934,99999,0
sh513130,09:38:46,1769391529628,5727.89,0.8927,5.1652,0.739,0.7392,-0.0271,3726600,2753951,0.739,0.738,105827100,0.737,64214500,0.736,27002400,0.735,29167200,0.734,15217700,0.739,40222600,0.740,86859300,0.741,66234900,0.742,46899600,0.743,20553100,910,99999,0
sh513130,09:38:49,1769391531625,5727.23,0.8927,3.7717,0.739,0.7392,-0.0271,5172200,3821941,0.7389,0.738,105713200,0.737,65082100,0.736,27208700,0.735,29173500,0.734,15217700,0.739,24880500,0.740,86899600,0.741,66239900,0.742,46899600,0.743,20571100,948,99999,0
sh513130,09:38:51,1769391534633,5725.93,0.8927,3.1075,0.739,0.7392,-0.0271,863800,638162,0.7388,0.738,102917400,0.737,66170300,0.736,27236400,0.735,29954700,0.734,15327700,0.739,52806900,0.740,86895700,0.741,66239600,0.742,46981000,0.743,20709900,207,99999,0
sh513130,09:38:55,1769391538603,5724.5,0.8927,2.9987,0.739,0.7392,-0.0271,655900,484673,0.7389,0.738,102347100,0.737,63866100,0.736,27289200,0.735,29975200,0.734,15333700,0.739,67805700,0.740,84673500,0.741,51327500,0.742,45854800,0.743,21971900,1899,99999,0
sh513130,09:38:57,1769391540605,5723.81,0.8927,4.9119,0.739,0.7392,-0.0271,589200,435116,0.7385,0.738,103752800,0.737,64113500,0.736,27479200,0.735,30990700,0.734,15342500,0.739,94223300,0.740,79360800,0.741,50351300,0.742,35764800,0.743,22111200,1841,99999,0
sh513130,09:39:01,1769391542603,5723.09,0.8927,4.7897,0.739,0.7392,-0.0271,842400,621886,0.7382,0.738,101579000,0.737,63137000,0.736,30722700,0.735,31021700,0.734,15362700,0.739,98137700,0.740,78792900,0.741,50356500,0.742,35869800,0.743,22111200,1670,99999,0
sh513130,09:39:04,1769391547619,5718.84,0.8927,6.772,0.739,0.7392,-0.0271,1990100,1469400,0.7384,0.738,48453900,0.737,76379200,0.736,64670200,0.735,36448200,0.734,15382300,0.739,94846300,0.740,74444700,0.741,45701500,0.742,26869900,0.743,22219200,184,99999,0
sh513130,09:39:07,1769391549621,5720.74,0.8927,5.7293,0.739,0.7392,-0.0271,1457600,1077117,0.739,0.738,37400500,0.737,83469200,0.736,65848200,0.735,36767200,0.734,15464300,0.739,94650000,0.740,73737300,0.741,45851500,0.742,26919900,0.743,23169300,9,99999,0
sh513130,09:39:10,1769391552615,5721.29,0.8927,5.2248,0.739,0.7392,-0.0271,1938800,1431062,0.7381,0.738,90249900,0.737,77824800,0.736,66694400,0.735,34144500,0.734,15464300,0.739,79844100,0.740,74855000,0.741,46015900,0.742,26921900,0.743,23199300,832,99999,0
sh513130,09:39:13,1769391555630,5722.11,0.8927,3.1166,0.739,0.7386,0.0542,663100,489670,0.7385,0.738,96129300,0.737,78958300,0.736,68030700,0.735,32253100,0.734,15606800,0.739,78035600,0.740,80371900,0.741,46015900,0.742,37195000,0.743,23299300,963,99999,0
sh513130,09:39:16,1769391559621,5724.92,0.8927,7.9629,0.739,0.7386,0.0542,2007000,1481398,0.7381,0.738,97967500,0.737,80285700,0.736,69129200,0.735,33443500,0.734,15638800,0.739,64111200,0.740,79762200,0.741,61015900,0.742,37710000,0.743,23311600,942,99999,0
sh513130,09:39:18,1769391561632,5725.21,0.8927,6.0397,0.738,0.7392,-0.1623,1212700,895206,0.7382,0.738,97924900,0.737,81706800,0.736,69194900,0.735,33725600,0.734,15588800,0.739,22390100,0.740,80548700,0.741,76004500,0.742,37042000,0.743,23316800,878,99999,0
sh513130,09:39:21,1769391563626,5724.61,0.8927,5.8556,0.739,0.7392,-0.0271,1678200,1239997,0.7389,0.738,102276300,0.737,81289000,0.736,69397600,0.735,33773700,0.734,15602100,0.739,95720800,0.740,69563300,0.741,47017800,0.742,37044700,0.743,23316800,955,99999,0
sh513130,09:39:25,1769391568625,5725.11,0.8927,4.0272,0.739,0.7392,-0.0271,2000000,1477877,0.7389,0.738,101425200,0.737,81609000,0.736,70214300,0.735,33853700,0.734,15732200,0.739,82828600,0.740,70922900,0.741,46031800,0.742,37134100,0.743,23322600,16,99999,0
sh513130,09:39:27,1769391569624,5725.11,0.8927,3.2877,0.739,0.7392,-0.0271,374300,276446,0.7386,0.738,101789900,0.737,81669700,0.736,71116700,0.735,33977200,0.734,15780000,0.739,78051400,0.740,76532900,0.741,61031800,0.742,37224100,0.743,23322600,519,99999,0
sh513130,09:39:25,1769391570620,5725.11,0.8927,2.2312,0.739,0.7392,-0.0271,0,0,0.739,0.738,101425200,0.737,81609000,0.736,70214300,0.735,33853700,0.734,15732200,0.739,82828600,0.740,70922900,0.741,46031800,0.742,37134100,0.743,23322600,1515,99999,2
sh513130,09:39:27,1769391571623,5724.67,0.8927,1.9708,0.739,0.7392,-0.0271,0,0,0.739,0.738,101789900,0.737,81669700,0.736,71116700,0.735,33977200,0.734,15780000,0.739,78051400,0.740,76532900,0.741,61031800,0.742,37224100,0.743,23322600,362,99999,0
sh513130,09:39:30,1769391572626,5724.67,0.8927,1.9324,0.738,0.7392,-0.1623,1633500,1206844,0.7388,0.738,102747500,0.737,81827800,0.736,71217900,0.735,35539900,0.734,15803000,0.739,51799100,0.740,82886700,0.741,62145500,0.742,37275100,0.743,23322600,1364,99999,0
sh513130,09:39:34,1769391576605,5725.28,0.8927,3.7567,0.739,0.7392,-0.0271,1829300,1351541,0.7388,0.738,105626300,0.737,82678300,0.736,71819400,0.735,35193100,0.734,16577400,0.739,55940900,0.740,83239300,0.741,62788100,0.742,37962900,0.743,24022600,1027,99999,0
sh513130,09:39:37,1769391578603,5724.05,0.8927,5.5499,0.739,0.7392,-0.0271,1367400,1010492,0.739,0.738,105924700,0.737,82995600,0.736,71934900,0.735,35227200,0.734,16663200,0.739,74297200,0.740,88339300,0.741,66798100,0.742,37962900,0.743,24041100,865,99999,0
sh513130,09:39:39,1769391581609,5723.58,0.8927,4.3875,0.739,0.7392,-0.0271,1394800,1030584,0.7389,0.738,107105500,0.737,83704600,0.736,72884500,0.735,35239600,0.734,16689200,0.739,70234500,0.740,88339300,0.741,66579700,0.742,37962900,0.743,24014600,931,99999,0
sh513130,09:39:43,1769391585626,5723.84,0.8927,4.3612,0.739,0.7392,-0.0271,846800,625741,0.7389,0.738,107385700,0.737,84350100,0.736,72882100,0.735,35295600,0.734,16751300,0.739,63710400,0.740,82344900,0.741,66612700,0.742,38023700,0.743,24014600,887,99999,0
sh513130,09:39:46,1769391589626,5725.46,0.8927,4.7403,0.739,0.7392,-0.0271,3383800,2499847,0.7388,0.738,107534700,0.737,84437200,0.736,72968500,0.735,35581800,0.734,16751300,0.739,19343400,0.740,87558200,0.741,80611300,0.742,38056700,0.743,24008100,914,99999,0
sh513130,09:39:49,1769391592622,5726.04,0.8927,4.0667,0.739,0.7392,-0.0271,26882100,19865012,0.739,0.739,12691200,0.738,107295200,0.737,84170000,0.736,73623000,0.735,35671800,0.740,88244500,0.741,83000800,0.742,43456700,0.743,26029100,0.744,32504300,13,99999,0
sh513130,09:39:52,1769391594626,5726.04,0.8927,3.4843,0.739,0.7392,-0.0271,5365000,3964741,0.739,0.739,2224100,0.738,107666300,0.737,85242500,0.736,73353900,0.735,35753000,0.740,91242600,0.741,82823500,0.742,43456700,0.743,24026900,0.744,32504300,1708,99999,0
sh513130,09:39:55,1769391597637,5723.8,0.8927,5.4699,0.739,0.7399,-0.1216,3433000,2536687,0.7389,0.738,109173100,0.737,87115600,0.736,73867100,0.735,35923000,0.734,16890800,0.739,67942600,0.740,81252700,0.741,53924900,0.742,43523300,0.743,24161700,385,99999,0
sh513130,09:39:58,1769391601602,5724.63,0.8927,2.22,0.739,0.7392,-0.0271,1184100,874760,0.7388,0.738,109367500,0.737,88029200,0.736,74145100,0.735,36080800,0.734,16895800,0.739,48355000,0.740,85394500,0.741,66924000,0.742,43132400,0.743,24186700,17,99999,0
sh513130,09:40:01,1769391604609,5724.43,0.8927,1.6915,0.739,0.7392,-0.0271,772300,570713,0.739,0.738,109948400,0.737,88874300,0.736,74203000,0.735,36129400,0.734,16895800,0.739,3324900,0.740,90416500,0.741,81912600,0.742,47684500,0.743,24186700,829,99999,0
sh513130,09:40:04,1769391606607,5724.39,0.8927,2.3346,0.739,0.7392,-0.0271,558600,412571,0.7386,0.738,110393700,0.737,89847300,0.736,74372100,0.735,36346900,0.734,16911500,0.739,59653700,0.740,86897200,0.741,67914000,0.742,47699500,0.743,24189600,655,99999,0
sh513130,09:40:07,1769391609615,5726.41,0.8927,3.2354,0.739,0.7392,-0.0271,9876200,7298439,0.739,0.739,74806600,0.738,106909400,0.737,89860100,0.736,70028000,0.735,36432400,0.740,92654900,0.741,79912900,0.742,48099500,0.743,24199600,0.744,32621000,917,99999,0
sh513130,09:40:10,1769391612617,5727.05,0.8927,3.2298,0.739,0.7393,-0.0406,1226300,906236,0.739,0.739,84082700,0.738,107790500,0.737,90744800,0.736,66742800,0.735,36496400,0.740,93465600,0.741,79912900,0.742,48235800,0.743,24199600,0.744,32621000,159,99999,0
sh513130,09:40:13,1769391616618,5727.81,0.8927,5.4802,0.74,0.7393,0.0947,1054800,779603,0.7391,0.739,83600700,0.738,108237900,0.737,91600400,0.736,67998700,0.735,36510900,0.740,83790500,0.741,80724800,0.742,48235800,0.743,33767100,0.744,32623900,1909,99999,0
sh513130,09:40:16,1769391619620,5728.09,0.8927,4.1746,0.74,0.7399,0.0135,434300,320965,0.739,0.739,79610400,0.738,108302000,0.737,92550000,0.736,68010700,0.735,36653700,0.740,94035800,0.741,80720800,0.742,48539900,0.743,24285200,0.744,32623900,660,99999,0
sh513130,09:40:19,1769391620626,5728.09,0.8927,2.7897,0.74,0.7399,0.0135,139400,103145,0.7399,0.739,85042000,0.738,108609500,0.737,80406900,0.736,49057600,0.735,36668700,0.740,95055600,0.741,80735000,0.742,48540100,0.743,24285200,0.744,32623900,1670,99999,0
sh513130,09:40:22,1769391624631,5728.14,0.8927,2.628,0.739,0.7399,-0.1216,342000,252921,0.7395,0.739,83117500,0.738,108822000,0.737,81345900,0.736,48904000,0.735,36729700,0.740,95865000,0.741,80741000,0.742,48096500,0.743,24285200,0.744,32724000,18,99999,0
sh513130,09:40:24,1769391627653,5728.34,0.8927,4.4766,0.74,0.7399,0.0135,87700,64872,0.7397,0.739,77219500,0.738,108819700,0.737,81360700,0.736,48902500,0.735,36725700,0.740,96770900,0.741,80777800,0.742,49096500,0.743,24245200,0.744,32724000,29,99999,0
sh513130,09:40:28,1769391630660,5728.55,0.8927,5.1176,0.74,0.7393,0.0947,714800,528687,0.7396,0.739,25845000,0.738,108617000,0.737,78898300,0.736,51975500,0.735,36060700,0.740,96061500,0.741,80777800,0.742,49035700,0.743,24272100,0.744,32959500,38,99999,0
sh513130,09:40:31,1769391634675,5728.29,0.8927,4.4934,0.739,0.7399,-0.1216,820500,607137,0.74,0.739,76125800,0.738,103258700,0.737,79865900,0.736,51849800,0.735,36088000,0.740,97316500,0.741,80777800,0.742,49035700,0.743,25312100,0.744,31959500,9,99999,0
sh513130,09:40:33,1769391636682,5727.46,0.8927,4.9634,0.74,0.7399,0.0135,18553600,13711850,0.739,0.739,34663100,0.738,110020200,0.737,80743500,0.736,57849800,0.735,36142000,0.740,100797700,0.741,80777800,0.742,49427400,0.743,25312100,0.744,32959500,47,99999,0
sh513130,09:40:37,1769391639659,5727.76,0.8927,3.3389,0.739,0.7393,-0.0406,4815100,3558455,0.739,0.739,7962400,0.738,110271700,0.737,81611100,0.736,58279800,0.735,36187100,0.740,101558500,0.741,81277800,0.742,49442500,0.743,25512100,0.744,32959500,818,99999,0
sh513130,09:40:40,1769391642661,5724.83,0.8927,3.8505,0.739,0.7393,-0.0406,10475700,7741251,0.739,0.738,111293900,0.737,83515600,0.736,58366800,0.735,36254100,0.734,16946500,0.739,46387200,0.740,91175700,0.741,69361900,0.742,49562500,0.743,25372800,31,99999,0
sh513130,09:40:43,1769391645639,5725.48,0.8927,3.95,0.739,0.7392,-0.0271,2320700,1714997,0.739,0.738,113355000,0.737,84106000,0.736,58391800,0.735,36282900,0.734,16946500,0.739,24473700,0.740,91675500,0.741,69361900,0.742,44301800,0.743,25372800,720,99999,0
sh513130,09:40:46,1769391649608,5725.77,0.8927,3.415,0.739,0.7392,-0.0271,20153600,14893669,0.739,0.739,15773200,0.738,113794200,0.737,84114600,0.736,59372100,0.735,36342300,0.740,99350500,0.741,81379800,0.742,44907500,0.743,25350700,0.744,32976500,332,99999,0
sh513130,09:40:49,1769391653608,5725.95,0.8927,6.7955,0.739,0.7392,-0.0271,181500,134130,0.739,0.739,10645600,0.738,114755600,0.737,83076400,0.736,59848900,0.735,36422200,0.740,99674000,0.741,81440700,0.742,49897500,0.743,25250700,0.744,32976500,854,99999,0
sh513130,09:40:52,1769391655626,5726.19,0.8927,8.1213,0.739,0.7392,-0.0271,7673900,5671023,0.739,0.738,117105800,0.737,84072000,0.736,60874100,0.735,36437200,0.734,14968000,0.739,5283200,0.740,99712300,0.741,81493400,0.742,49910000,0.743,25251700,889,99999,0
sh513130,09:40:55,1769391658616,5725.61,0.8927,5.1933,0.739,0.7392,-0.0271,1313600,970750,0.739,0.738,117259200,0.737,84280600,0.736,61289100,0.735,36624300,0.734,16948300,0.739,3534400,0.740,100857000,0.741,80493400,0.742,49662600,0.743,25241700,652,99999,0
sh513130,09:40:58,1769391660608,5726.11,0.8927,3.5805,0.74,0.7392,0.1082,4204300,3106983,0.739,0.739,36532200,0.738,117853600,0.737,84291300,0.736,61330100,0.735,36755400,0.740,103279700,0.741,81513800,0.742,49878100,0.743,25241700,0.744,33027300,487,99999,0
sh513130,09:41:00,1769391663601,5724.66,0.8927,4.3005,0.739,0.7392,-0.0271,10743600,7938712,0.7389,0.738,115752000,0.737,84421300,0.736,61342900,0.735,37179200,0.734,16962700,0.739,62466300,0.740,94590200,0.741,55895300,0.742,49885700,0.743,25861500,264,99999,0
sh513130,09:41:04,1769391666583,5725.48,0.8927,3.5553,0.738,0.7392,-0.1623,574100,424163,0.7388,0.738,116674100,0.737,85072900,0.736,61410700,0.735,37204200,0.734,17065000,0.739,9706700,0.740,102958100,0.741,81879000,0.742,49535700,0.743,26261500,1925,99999,0
sh513130,09:41:07,1769391670574,5726.52,0.8927,3.2528,0.74,0.7392,0.1082,8751900,6467534,0.739,0.739,73381200,0.738,111445800,0.737,84071900,0.736,61477300,0.735,37239400,0.740,105029500,0.741,81988800,0.742,49935700,0.743,30261500,0.744,33206600,1786,99999,0
sh513130,09:41:09,1769391671580,5726.11,0.8927,3.2153,0.739,0.7392,-0.0271,1559700,1152629,0.739,0.739,32474600,0.738,117685900,0.737,84076200,0.736,61158000,0.735,36986700,0.740,105849500,0.741,81988800,0.742,49905700,0.743,30261500,0.744,33206600,632,99999,0
sh513130,09:41:13,1769391675577,5725.34,0.8927,3.8421,0.739,0.7392,-0.0271,21475100,15869784,0.739,0.738,118129100,0.737,71046200,0.736,61572300,0.735,37077200,0.734,17122400,0.739,66755400,0.740,97516400,0.741,55016300,0.742,49916900,0.743,30261500,292,99999,0
sh513130,09:41:16,1769391679569,5724.57,0.8927,3.5706,0.739,0.7392,-0.0271,3256200,2406324,0.739,0.738,119705800,0.737,71128200,0.736,62481900,0.735,37267300,0.734,17122900,0.739,78011700,0.740,98934800,0.741,54051800,0.742,49510400,0.743,30339300,852,99999,0
sh513130,09:41:19,1769391681569,5725.52,0.8927,4.358,0.739,0.7392,-0.0271,467100,345186,0.739,0.738,121226300,0.737,70704700,0.736,63407500,0.735,37327400,0.734,17132900,0.739,85469600,0.740,98504700,0.741,54053800,0.742,42306600,0.743,30339300,907,99999,0
sh513130,09:41:22,1769391684554,5726.04,0.8927,2.7652,0.739,0.7392,-0.0271,18139100,13404246,0.739,0.739,5221800,0.738,122878700,0.737,71079200,0.736,61703700,0.735,37395400,0.740,105001400,0.741,88145100,0.742,49986100,0.743,30339300,0.744,33206600,602,99999,0
sh513130,09:41:25,1769391687563,5726.0,0.8927,1.9579,0.739,0.7392,-0.0271,6482500,4790268,0.739,0.738,123976500,0.737,72116000,0.736,62562600,0.735,37485100,0.734,17133900,0.739,8413200,0.740,104508800,0.741,88254000,0.742,49986100,0.743,30343300,773,99999,0
sh513130,09:41:27,1769391690567,5726.65,0.8927,5.6395,0.739,0.7392,-0.0271,403200,297953,0.739,0.738,125232600,0.737,72722200,0.736,63241600,0.735,38158500,0.734,20253900,0.739,59288800,0.740,102477500,0.741,56883100,0.742,50186100,0.743,30946300,115,99999,0
sh513130,09:41:30,1769391693567,5725.88,0.8927,6.8811,0.739,0.7392,-0.0271,1724300,1273896,0.7388,0.738,126290200,0.737,72778200,0.736,64162900,0.735,38234900,0.734,20286900,0.739,62551300,0.740,102304700,0.741,56883100,0.742,50186100,0.743,30946300,859,99999,0
sh513130,09:41:34,1769391696565,5725.33,0.8927,5.3559,0.739,0.7392,-0.0271,2081800,1537779,0.7387,0.738,126830900,0.737,72827600,0.736,66339000,0.735,38517900,0.734,20294900,0.739,89563000,0.740,94013100,0.741,55883100,0.742,42930600,0.743,30989300,1735,99999,0
sh513130,09:41:37,1769391700575,5721.96,0.8927,1.447,0.739,0.7392,-0.0271,730000,538903,0.7382,0.738,121158000,0.737,72057300,0.736,68217700,0.735,41994400,0.734,20294900,0.739,93920800,0.740,93213000,0.741,55170100,0.742,39881600,0.743,30989300,1424,99999,0
sh513130,09:41:40,1769391701584,5721.71,0.8927,1.9756,0.739,0.7385,0.0677,549000,405701,0.739,0.738,121881300,0.737,72118600,0.736,69496600,0.735,41967000,0.734,20327200,0.739,100278900,0.740,93229800,0.741,55186100,0.742,34881600,0.743,30989300,284,99999,0
sh513130,09:41:37,1769391702596,5721.71,0.8927,1.2599,0.739,0.7392,-0.0271,0,0,0.739,0.738,121158000,0.737,72057300,0.736,68217700,0.735,41994400,0.734,20294900,0.739,93920800,0.740,93213000,0.741,55170100,0.742,39881600,0.743,30989300,1295,99999,2
sh513130,09:41:40,1769391703595,5722.83,0.8927,0.2913,0.739,0.7385,0.0677,0,0,0.739,0.738,121881300,0.737,72118600,0.736,69496600,0.735,41967000,0.734,20327200,0.739,100278900,0.740,93229800,0.741,55186100,0.742,34881600,0.743,30989300,120,99999,0
sh513130,09:41:42,1769391704602,5722.83,0.8927,1.4721,0.739,0.7385,0.0677,419100,309707,0.739,0.738,126035900,0.737,72331800,0.736,70008500,0.735,39004500,0.734,20454600,0.739,93081500,0.740,99212100,0.741,57274100,0.742,34881600,0.743,30990600,1127,99999,0
sh513130,09:41:40,1769391705601,5722.37,0.8927,1.4293,0.739,0.7385,0.0677,0,0,0.739,0.738,121881300,0.737,72118600,0.736,69496600,0.735,41967000,0.734,20327200,0.739,100278900,0.740,93229800,0.741,55186100,0.742,34881600,0.743,30989300,880,99999,2
sh513130,09:41:42,1769391706620,5722.37,0.8927,2.0636,0.739,0.7385,0.0677,0,0,0.739,0.738,126035900,0.737,72331800,0.736,70008500,0.735,39004500,0.734,20454600,0.739,93081500,0.740,99212100,0.741,57274100,0.742,34881600,0.743,30990600,979,99999,0
sh513130,09:41:46,1769391708629,5722.3,0.8927,1.3849,0.739,0.7385,0.0677,1738200,1284346,0.7389,0.738,126036800,0.737,72472100,0.736,70010600,0.735,41855500,0.734,20480000,0.739,81623300,0.740,99271500,0.741,57364100,0.742,34881600,0.743,30998100,833,99999,0
sh513130,09:41:48,1769391711629,5722.36,0.8927,1.6275,0.739,0.7385,0.0677,1223400,904093,0.739,0.738,127127900,0.737,72491900,0.736,70195000,0.735,43028800,0.734,20495000,0.739,81705600,0.740,99274400,0.741,57372100,0.742,35075000,0.743,30998100,936,99999,0
sh513130,09:41:52,1769391715630,5721.92,0.8927,1.5604,0.739,0.7385,0.0677,80400,59397,0.7388,0.738,127237100,0.737,72546900,0.736,70320200,0.735,43954000,0.734,20545000,0.739,82810300,0.740,99109800,0.741,57372100,0.742,35110000,0.743,30988100,898,99999,0
sh513130,09:41:54,1769391717631,5720.92,0.8927,1.6001,0.738,0.7385,-0.0677,1946700,1436919,0.7381,0.738,123146000,0.737,72557400,0.736,70362200,0.735,47966700,0.734,20535300,0.739,85847800,0.740,97631000,0.741,56372100,0.742,35110000,0.743,31196600,767,99999,0
sh513130,09:41:58,1769391721631,5721.14,0.8927,2.62,0.739,0.7385,0.0677,326500,241179,0.7387,0.738,122554700,0.737,72759200,0.736,70533100,0.735,49486600,0.734,21036000,0.739,87950500,0.740,97631000,0.741,56369700,0.742,35110000,0.743,31231100,827,99999,0
sh513130,09:42:01,1769391723619,5718.96,0.8927,3.0784,0.739,0.7385,0.0677,878800,648893,0.7384,0.738,89028200,0.737,91428800,0.736,90540800,0.735,50368800,0.734,21086000,0.739,90243100,0.740,96967500,0.741,56369700,0.742,35131900,0.743,31231100,285,99999,0
sh513130,09:42:04,1769391726650,5718.22,0.8927,4.8409,0.738,0.7385,-0.0677,62160500,45875523,0.738,0.737,96935100,0.736,70680700,0.735,45373200,0.734,21134900,0.733,12410400,0.738,55894100,0.739,81777700,0.740,81302300,0.741,56332100,0.742,31127500,1490,99999,0
sh513130,09:42:07,1769391729659,5716.03,0.8927,4.8695,0.738,0.7385,-0.0677,825300,608996,0.7379,0.737,97776700,0.736,69669700,0.735,46062300,0.734,21134900,0.733,14420500,0.738,92063800,0.739,76317800,0.740,80082100,0.741,45576100,0.742,31126500,125,99999,0
sh513130,09:42:10,1769391732651,5715.23,0.8927,6.9065,0.738,0.7385,-0.0677,545200,402309,0.7379,0.737,97958400,0.736,70816600,0.735,46972200,0.734,21488900,0.733,14430500,0.738,49804500,0.739,81971800,0.740,80044200,0.741,56114500,0.742,30300600,22,99999,0
sh513130,09:42:13,1769391736629,5714.86,0.8927,5.6703,0.738,0.7379,0.0136,1590000,1173392,0.738,0.737,98196900,0.736,70851600,0.735,47852100,0.734,21822100,0.733,14435500,0.738,80513700,0.739,80244800,0.740,78512500,0.741,45858500,0.742,30300600,587,99999,0
sh513130,09:42:16,1769391739640,5715.07,0.8927,4.4753,0.738,0.7379,0.0136,1676700,1237038,0.7378,0.737,98291900,0.736,71113500,0.735,47770300,0.734,21938200,0.733,14763800,0.738,65779200,0.739,87822600,0.740,70925000,0.741,45890500,0.742,29997800,949,99999,0
sh513130,09:42:19,1769391741630,5715.68,0.8927,4.6691,0.738,0.7379,0.0136,1845400,1361314,0.7377,0.737,98831100,0.736,71303800,0.735,48705500,0.734,21954300,0.733,14873800,0.738,41141100,0.739,87755700,0.740,71039400,0.741,52146500,0.742,29997800,907,99999,0
sh513130,09:42:16,1769391742632,5715.83,0.8927,4.105,0.738,0.7379,0.0136,0,0,0.738,0.737,98291900,0.736,71113500,0.735,47770300,0.734,21938200,0.733,14763800,0.738,65779200,0.739,87822600,0.740,70925000,0.741,45890500,0.742,29997800,7,99999,2
sh513130,09:42:19,1769391743642,5715.83,0.8927,4.0322,0.738,0.7379,0.0136,0,0,0.738,0.737,98831100,0.736,71303800,0.735,48705500,0.734,21954300,0.733,14873800,0.738,41141100,0.739,87755700,0.740,71039400,0.741,52146500,0.742,29997800,955,99999,0
sh513130,09:42:22,1769391745639,5714.46,0.8927,4.0333,0.737,0.7379,-0.122,667200,492245,0.7378,0.737,98666600,0.736,71362600,0.735,49766100,0.734,22582500,0.733,14948800,0.738,21146900,0.739,87653300,0.740,83934500,0.741,52146500,0.742,30054800,931,99999,0
sh513130,09:42:25,1769391747648,5715.64,0.8927,3.2616,0.738,0.7379,0.0136,1401300,1033513,0.7375,0.737,98841500,0.736,71521300,0.735,50735100,0.734,22600300,0.733,15011000,0.738,59369900,0.739,81933100,0.740,71951900,0.741,52186500,0.742,30054800,780,99999,0
sh513130,09:42:27,1769391749632,5715.65,0.8927,5.2076,0.738,0.7379,0.0136,1647700,1215786,0.7379,0.737,98889300,0.736,71796100,0.735,51755700,0.734,22650300,0.733,15011000,0.738,45074500,0.739,82886400,0.740,71825200,0.741,52186500,0.742,30254800,596,99999,0
sh513130,09:42:25,1769391750647,5715.65,0.8927,5.1679,0.738,0.7379,0.0136,0,0,0.738,0.737,98841500,0.736,71521300,0.735,50735100,0.734,22600300,0.733,15011000,0.738,59369900,0.739,81933100,0.740,71951900,0.741,52186500,0.742,30054800,1608,99999,2
sh513130,09:42:27,1769391751766,5714.4,0.8927,4.5125,0.738,0.7379,0.0136,0,0,0.738,0.737,98889300,0.736,71796100,0.735,51755700,0.734,22650300,0.733,15011000,0.738,45074500,0.739,82886400,0.740,71825200,0.741,52186500,0.742,30254800,550,99999,0
sh513130,09:42:30,1769391752643,5714.4,0.8927,3.9606,0.738,0.7379,0.0136,1041500,768418,0.7378,0.737,98979800,0.736,71887100,0.735,52749300,0.734,22671400,0.733,15327300,0.738,43158400,0.739,84746200,0.740,71825200,0.741,52186500,0.742,30315800,1429,99999,0
sh513130,09:42:34,1769391756646,5715.64,0.8927,5.4137,0.738,0.7379,0.0136,508100,374714,0.7375,0.737,99661100,0.736,72011100,0.735,53609700,0.734,22683400,0.733,15337300,0.738,41854200,0.739,84558400,0.740,71825200,0.741,52296500,0.742,30303200,17,99999,0
sh513130,09:42:37,1769391759642,5716.3,0.8927,4.4378,0.738,0.7379,0.0136,11521400,8502715,0.738,0.737,100301500,0.736,72228100,0.735,54518500,0.734,22684400,0.733,15339300,0.738,8597100,0.739,86370700,0.740,88985200,0.741,52296500,0.742,30303200,953,99999,0
sh513130,09:42:40,1769391762643,5716.07,0.8927,4.7384,0.738,0.7379,0.0136,19846200,14646409,0.738,0.738,382800,0.737,100599100,0.736,72354100,0.735,50648300,0.734,22685400,0.739,89110300,0.740,90011700,0.741,52524800,0.742,30214100,0.743,26151100,17,99999,0
sh513130,09:42:43,1769391765627,5715.03,0.8927,3.4097,0.737,0.7379,-0.122,1218900,899336,0.7378,0.737,100156000,0.736,71976300,0.735,50985600,0.734,22225900,0.733,15844200,0.738,68891600,0.739,78132500,0.740,71643200,0.741,50924800,0.742,29614100,909,99999,0
sh513130,09:42:46,1769391768607,5715.84,0.8927,3.4079,0.738,0.7379,0.0136,667800,492790,0.7379,0.737,100693300,0.736,72105800,0.735,51903300,0.734,22306700,0.733,15849200,0.738,64388300,0.739,78160500,0.740,71730400,0.741,55524800,0.742,29614100,17,99999,0
sh513130,09:42:49,1769391772617,5715.15,0.8927,5.8583,0.738,0.7379,0.0136,762200,562135,0.7375,0.737,100855100,0.736,71200300,0.735,52964800,0.734,22242000,0.733,16659500,0.738,78810000,0.739,78558000,0.740,70805400,0.741,45268800,0.742,29614100,13,99999,0
sh513130,09:42:52,1769391774627,5715.15,0.8927,5.72,0.738,0.7379,0.0136,1471100,1084672,0.7373,0.737,100945900,0.736,71331000,0.735,54249100,0.734,22254000,0.733,16684000,0.738,79527800,0.739,78415100,0.740,71912400,0.741,32270100,0.742,29917000,1709,99999,0
sh513130,09:42:55,1769391777642,5714.33,0.8927,2.8917,0.738,0.7379,0.0136,1631700,1202842,0.7372,0.737,100049100,0.736,71422200,0.735,55330900,0.734,22312000,0.733,16695000,0.738,101244500,0.739,77513200,0.740,58029500,0.741,27270100,0.742,25399800,395,99999,0
sh513130,09:42:58,1769391779641,5712.81,0.8927,2.8072,0.738,0.7379,0.0136,1596600,1177076,0.7372,0.737,100351300,0.736,77075200,0.735,61051400,0.734,25448500,0.733,16712900,0.738,106146000,0.739,77377100,0.740,57916100,0.741,27272100,0.742,25450400,230,99999,0
sh513130,09:43:01,1769391783649,5713.3,0.8927,4.8212,0.738,0.7379,0.0136,1418100,1045740,0.7374,0.737,100757400,0.736,77091900,0.735,61550400,0.734,27405600,0.733,16714500,0.738,109844400,0.739,77410400,0.740,57916100,0.741,27381100,0.742,25450400,318,99999,0
sh513130,09:42:58,1769391784655,5712.66,0.8927,4.5591,0.738,0.7379,0.0136,0,0,0.738,0.737,100351300,0.736,77075200,0.735,61051400,0.734,25448500,0.733,16712900,0.738,106146000,0.739,77377100,0.740,57916100,0.741,27272100,0.742,25450400,17,99999,2
sh513130,09:43:01,1769391785652,5712.66,0.8927,4.4808,0.738,0.7379,0.0136,0,0,0.738,0.737,100757400,0.736,77091900,0.735,61550400,0.734,27405600,0.733,16714500,0.738,109844400,0.739,77410400,0.740,57916100,0.741,27381100,0.742,25450400,940,99999,0
sh513130,09:43:04,1769391786653,5712.69,0.8927,4.039,0.738,0.7379,0.0136,661200,487890,0.7379,0.737,100812100,0.736,77616000,0.735,61582300,0.734,28267700,0.733,16785200,0.738,109544700,0.739,77469800,0.740,58070100,0.741,27377300,0.742,25450400,15,99999,0
sh513130,09:43:07,1769391789677,5712.66,0.8927,3.3623,0.738,0.7373,0.0949,1322300,975618,0.7378,0.737,97125800,0.736,77688600,0.735,74861400,0.734,29291800,0.733,16785200,0.738,110593100,0.739,77489800,0.740,58446600,0.741,27422900,0.742,24839400,971,99999,0
sh513130,09:43:09,1769391793639,5713.35,0.8927,4.2297,0.737,0.7373,-0.0407,1680000,1238795,0.7374,0.737,99137600,0.736,78064900,0.735,75084300,0.734,27405600,0.733,15985700,0.738,112279600,0.739,77419000,0.740,57446600,0.741,27422900,0.742,24852700,927,99999,0
sh513130,09:43:13,1769391796635,5714.38,0.8927,3.5642,0.737,0.7373,-0.0407,5260300,3877282,0.7371,0.737,95253000,0.736,79979600,0.735,76478000,0.734,28256800,0.733,16117300,0.738,50510900,0.739,84029000,0.740,72442600,0.741,42678900,0.742,24866100,7,99999,0
sh513130,09:43:16,1769391798646,5713.77,0.8927,6.8861,0.738,0.7373,0.0949,763800,563213,0.7374,0.737,96353300,0.736,80743900,0.735,77156000,0.734,29331000,0.733,16127300,0.738,75698800,0.739,83418100,0.740,72442600,0.741,36022700,0.742,25006100,9,99999,0
sh513130,09:43:19,1769391800642,5713.77,0.8927,5.5221,0.738,0.7373,0.0949,239700,176780,0.7375,0.737,96902200,0.736,79874000,0.735,77299300,0.734,30182100,0.733,16127200,0.738,99866300,0.739,78047700,0.740,72375900,0.741,33022700,0.742,25088800,1706,99999,0
sh513130,09:43:22,1769391803654,5712.93,0.8927,4.4709,0.738,0.7379,0.0136,345700,254854,0.7372,0.737,93234100,0.736,79831200,0.735,77479700,0.734,34113100,0.733,16137200,0.738,115448200,0.739,78161500,0.740,57378200,0.741,33035700,0.742,25088800,381,99999,0
sh513130,09:43:24,1769391807662,5713.16,0.8927,4.8783,0.738,0.7379,0.0136,397900,293585,0.7378,0.737,93437700,0.736,84014600,0.735,81521000,0.734,39114300,0.733,16147800,0.738,123206800,0.739,76886200,0.740,57428100,0.741,28135700,0.742,25117600,51,99999,0
sh513130,09:43:27,1769391810661,5712.84,0.8927,3.6265,0.738,0.7373,0.0949,681700,502867,0.7377,0.737,87762100,0.736,89687300,0.735,81724500,0.734,40002400,0.733,16263800,0.738,123801700,0.739,76886200,0.740,57428100,0.741,28122200,0.742,25137600,53,99999,0
sh513130,09:43:31,1769391814657,5712.68,0.8927,3.4891,0.738,0.7373,0.0949,265300,195776,0.7379,0.737,94448900,0.736,84347900,0.735,81803300,0.734,40012400,0.733,16963200,0.738,123711100,0.739,76886100,0.740,57433000,0.741,28122200,0.742,25205300,48,99999,0
sh513130,09:43:33,1769391816651,5712.27,0.8927,3.9168,0.737,0.7373,-0.0407,341200,251760,0.7379,0.737,94829100,0.736,84610600,0.735,81792700,0.734,41105000,0.733,17583500,0.738,123475100,0.739,76806100,0.740,57456500,0.741,28122200,0.742,25275300,37,99999,0
sh513130,09:43:37,1769391820634,5712.32,0.8927,3.6718,0.738,0.7373,0.0949,223800,165018,0.7373,0.737,94915800,0.736,84660300,0.735,81835200,0.734,42003200,0.733,17616400,0.738,124270700,0.739,76806100,0.740,57518500,0.741,28122200,0.742,25275300,15,99999,0
sh513130,09:43:39,1769391821637,5712.32,0.8927,3.2135,0.737,0.7373,-0.0407,397700,293297,0.7375,0.737,95085400,0.736,84699300,0.735,81823700,0.734,42086200,0.733,17617500,0.738,125004400,0.739,76843900,0.740,57552000,0.741,28122200,0.742,25355300,954,99999,0
sh513130,09:43:37,1769391822645,5711.62,0.8927,3.0321,0.738,0.7373,0.0949,0,0,0.738,0.737,94915800,0.736,84660300,0.735,81835200,0.734,42003200,0.733,17616400,0.738,124270700,0.739,76806100,0.740,57518500,0.741,28122200,0.742,25275300,16,99999,2
sh513130,09:43:39,1769391823639,5711.62,0.8927,2.9925,0.737,0.7373,-0.0407,0,0,0.737,0.737,95085400,0.736,84699300,0.735,81823700,0.734,42086200,0.733,17617500,0.738,125004400,0.739,76843900,0.740,57552000,0.741,28122200,0.742,25355300,862,99999,0
sh513130,09:43:43,1769391825642,5711.64,0.8927,2.3127,0.737,0.7373,-0.0407,403200,297392,0.7376,0.737,95099400,0.736,84071800,0.735,81863300,0.734,42088200,0.733,17656700,0.738,125003100,0.739,76891400,0.740,57776200,0.741,28122200,0.742,25355300,701,99999,0
sh513130,09:43:45,1769391827642,5712.14,0.8927,2.1503,0.737,0.7373,-0.0407,125700,92725,0.7377,0.737,96403400,0.736,85160000,0.735,81883200,0.734,47093600,0.733,17975700,0.738,126716300,0.739,76891400,0.740,57772200,0.741,32132200,0.742,25355300,536,99999,0
sh513130,09:43:49,1769391831649,5712.2,0.8927,2.8757,0.738,0.7373,0.0949,843300,621905,0.7375,0.737,95865200,0.736,85791100,0.735,82003900,0.734,48114200,0.733,18161000,0.738,127170900,0.739,76891400,0.740,57772200,0.741,31632200,0.742,25377300,198,99999,0
sh513130,09:43:52,1769391834650,5711.51,0.8927,3.7736,0.738,0.738,0.0,127800,94239,0.7374,0.737,97025200,0.736,86260900,0.735,82923400,0.734,48263200,0.733,18194300,0.738,129834200,0.739,76886300,0.740,57872200,0.741,31632200,0.742,25374500,16,99999,0
sh513130,09:43:54,1769391837667,5710.78,0.8927,7.2356,0.738,0.738,0.0,200300,147745,0.7376,0.737,91045300,0.736,91894500,0.735,82961900,0.734,48263200,0.733,18224300,0.738,130618500,0.739,77036100,0.740,57887200,0.741,31632200,0.742,25314300,1011,99999,0
sh513130,09:43:57,1769391839658,5710.26,0.8927,6.302,0.738,0.7373,0.0949,460800,339908,0.7376,0.737,91736000,0.736,91446700,0.735,83958700,0.734,48316300,0.733,18225300,0.738,131198800,0.739,76979200,0.740,57725600,0.741,31647200,0.742,25314300,956,99999,0
sh513130,09:44:01,1769391842636,5709.26,0.8927,5.7368,0.738,0.7373,0.0949,367500,270930,0.7372,0.737,97079900,0.736,105450100,0.735,103021200,0.734,48217900,0.733,18272700,0.738,132273600,0.739,76959000,0.740,57755600,0.741,31682400,0.742,25849300,17,99999,0
sh513130,09:43:57,1769391844637,5708.58,0.8927,4.288,0.738,0.7373,0.0949,0,0,0.738,0.737,91736000,0.736,91446700,0.735,83958700,0.734,48316300,0.733,18225300,0.738,131198800,0.739,76979200,0.740,57725600,0.741,31647200,0.742,25314300,14,99999,2
sh513130,09:44:01,1769391845639,5708.58,0.8927,5.8124,0.738,0.7373,0.0949,0,0,0.738,0.737,97079900,0.736,105450100,0.735,103021200,0.734,48217900,0.733,18272700,0.738,132273600,0.739,76959000,0.740,57755600,0.741,31682400,0.742,25849300,940,99999,0
sh513130,09:44:04,1769391847641,5708.82,0.8927,5.3061,0.738,0.7373,0.0949,622300,458764,0.7372,0.737,83332100,0.736,105603600,0.735,104469600,0.734,48218000,0.733,18338000,0.738,132937000,0.739,76959000,0.740,58423700,0.741,31691900,0.742,25849300,923,99999,0
sh513130,09:44:07,1769391848634,5708.82,0.8927,5.0152,0.737,0.7373,-0.0407,4849900,3574479,0.737,0.737,36497900,0.736,106239500,0.735,104514800,0.734,48320600,0.733,18430000,0.738,130235000,0.739,71922900,0.740,58536800,0.741,31657800,0.742,25849300,1915,99999,0
sh513130,09:44:04,1769391849646,5708.13,0.8927,3.724,0.738,0.7373,0.0949,0,0,0.738,0.737,83332100,0.736,105603600,0.735,104469600,0.734,48218000,0.733,18338000,0.738,132937000,0.739,76959000,0.740,58423700,0.741,31691900,0.742,25849300,858,99999,2
sh513130,09:44:07,1769391850635,5707.36,0.8927,3.6722,0.737,0.7373,-0.0407,0,0,0.737,0.737,36497900,0.736,106239500,0.735,104514800,0.734,48320600,0.733,18430000,0.738,130235000,0.739,71922900,0.740,58536800,0.741,31657800,0.742,25849300,4,99999,0
sh513130,09:44:10,1769391852637,5708.23,0.8927,4.6009,0.737,0.7373,-0.0407,26682400,19664955,0.737,0.737,7390800,0.736,106352900,0.735,89722000,0.734,48745600,0.733,18426700,0.738,129878500,0.739,71213700,0.740,58539600,0.741,31657800,0.742,25849300,18,99999,0
sh513130,09:44:13,1769391855650,5709.24,0.8927,4.7596,0.737,0.7373,-0.0407,10340200,7620741,0.737,0.737,68047000,0.736,111936500,0.735,90745800,0.734,48745600,0.733,18447800,0.738,127524200,0.739,68071600,0.740,58805600,0.741,31657900,0.742,25828300,355,99999,0
sh513130,09:44:10,1769391856657,5709.72,0.8927,4.6884,0.737,0.7373,-0.0407,0,0,0.737,0.737,7390800,0.736,106352900,0.735,89722000,0.734,48745600,0.733,18426700,0.738,129878500,0.739,71213700,0.740,58539600,0.741,31657800,0.742,25849300,20,99999,2
sh513130,09:44:13,1769391857644,5709.72,0.8927,4.3942,0.737,0.7373,-0.0407,0,0,0.737,0.737,68047000,0.736,111936500,0.735,90745800,0.734,48745600,0.733,18447800,0.738,127524200,0.739,68071600,0.740,58805600,0.741,31657900,0.742,25828300,150,99999,0
sh513130,09:44:16,1769391858638,5710.16,0.8927,5.2964,0.738,0.7373,0.0949,333600,246025,0.7375,0.737,78049100,0.736,106351200,0.735,91767000,0.734,47420600,0.733,18477400,0.738,127178800,0.739,68071600,0.740,58791900,0.741,31657200,0.742,25774600,5,99999,0
sh513130,09:44:19,1769391861642,5709.99,0.8927,5.854,0.737,0.7373,-0.0407,198100,146056,0.7373,0.737,82720600,0.736,106382200,0.735,92673500,0.734,45431100,0.733,18477400,0.738,127107400,0.739,68154500,0.740,58816900,0.741,31655200,0.742,25774600,941,99999,0
sh513130,09:44:22,1769391865644,5709.77,0.8927,4.0443,0.737,0.7373,-0.0407,114300,84330,0.7378,0.737,83672600,0.736,106459100,0.735,92547200,0.734,45431100,0.733,18492400,0.738,127779700,0.739,68264500,0.740,58810400,0.741,31779000,0.742,25774600,974,99999,0
sh513130,09:44:24,1769391866636,5709.88,0.8927,3.8833,0.737,0.7373,-0.0407,1452000,1070195,0.737,0.737,86022400,0.736,106528700,0.735,92624700,0.734,45551200,0.733,18492400,0.738,128994200,0.739,68264500,0.740,58810400,0.741,31961400,0.742,25774600,16,99999,0
sh513130,09:44:28,1769391871625,5710.02,0.8927,2.3249,0.737,0.7373,-0.0407,624300,460209,0.7372,0.737,87222500,0.736,106561200,0.735,93669500,0.734,46054700,0.733,18551800,0.738,131117700,0.739,68248500,0.740,58800400,0.741,31961400,0.742,25816500,933,99999,0
sh513130,09:44:31,1769391873628,5710.12,0.8927,3.6843,0.738,0.7373,0.0949,130600,96317,0.7375,0.737,84993400,0.736,112577900,0.735,94580400,0.734,46154900,0.733,18552500,0.738,132034600,0.739,68681400,0.740,58800400,0.741,31961400,0.742,25816500,837,99999,0
sh513130,09:44:34,1769391876637,5709.35,0.8927,1.8797,0.737,0.738,-0.1355,305500,225277,0.7374,0.737,19419900,0.736,112643800,0.735,94776100,0.734,48176300,0.733,17552500,0.738,132103600,0.739,67666400,0.740,57800400,0.741,30961400,0.742,24769600,1784,99999,0
sh513130,09:44:37,1769391879633,5709.13,0.8927,3.1506,0.737,0.738,-0.1355,1128100,831638,0.7372,0.737,16407600,0.736,112767900,0.735,96205400,0.734,46386000,0.733,18556800,0.738,132859800,0.739,67591800,0.740,57740400,0.741,30981400,0.742,24769600,463,99999,0
sh513130,09:44:40,1769391882622,5708.97,0.8927,6.4671,0.738,0.738,0.0,1355000,998647,0.737,0.737,88213000,0.736,106334500,0.735,96227900,0.734,46402700,0.733,18575900,0.738,135374900,0.739,68603600,0.740,58739500,0.741,32031400,0.742,25771600,1297,99999,0
sh513130,09:44:43,1769391885621,5709.48,0.8927,4.9795,0.737,0.7373,-0.0407,1129900,832832,0.7371,0.737,82935200,0.736,112923400,0.735,97185800,0.734,46402700,0.733,18713000,0.738,136922800,0.739,68625100,0.740,58966400,0.741,32056400,0.742,25771600,843,99999,0
sh513130,09:44:46,1769391889619,5708.98,0.8927,2.943,0.738,0.7373,0.0949,194100,143236,0.7379,0.737,75263100,0.736,107652900,0.735,98193000,0.734,46405000,0.733,18934600,0.738,137765600,0.739,68685100,0.740,59038300,0.741,32106400,0.742,25974600,902,99999,0
sh513130,09:44:49,1769391891626,5709.52,0.8927,2.8361,0.738,0.7373,0.0949,243700,179667,0.7372,0.737,65129800,0.736,113976900,0.735,99338500,0.734,46850200,0.733,19059600,0.738,134435500,0.739,68690100,0.740,59040300,0.741,32106400,0.742,25974600,939,99999,0
sh513130,09:44:52,1769391893652,5709.08,0.8927,2.5746,0.738,0.7373,0.0949,176900,130529,0.7379,0.737,70128900,0.736,114028000,0.735,100223200,0.734,46622700,0.733,19059600,0.738,135184800,0.739,68690100,0.740,59045500,0.741,32305500,0.742,25974600,941,99999,0
sh513130,09:44:49,1769391894639,5709.08,0.8927,2.0616,0.738,0.7373,0.0949,0,0,0.738,0.737,65129800,0.736,113976900,0.735,99338500,0.734,46850200,0.733,19059600,0.738,134435500,0.739,68690100,0.740,59040300,0.741,32106400,0.742,25974600,5,99999,2
sh513130,09:44:52,1769391895643,5709.08,0.8927,2.1233,0.738,0.7373,0.0949,0,0,0.738,0.737,70128900,0.736,114028000,0.735,100223200,0.734,46622700,0.733,19059600,0.738,135184800,0.739,68690100,0.740,59045500,0.741,32305500,0.742,25974600,939,99999,0
sh513130,09:44:54,1769391897645,5708.02,0.8927,1.9726,0.738,0.7373,0.0949,217700,160519,0.7373,0.737,16323900,0.736,114420900,0.735,101188400,0.734,50035300,0.733,19157200,0.738,134633100,0.739,68797600,0.740,59040500,0.741,32188500,0.742,25974600,955,99999,0
sh513130,09:44:58,1769391899648,5708.4,0.8927,4.3212,0.738,0.7373,0.0949,2877500,2120953,0.7371,0.737,12000600,0.736,114384500,0.735,91237200,0.734,55035400,0.733,19157200,0.738,135504100,0.739,68777600,0.740,59000100,0.741,32238500,0.742,26084600,954,99999,0
sh513130,09:44:54,1769391900652,5709.03,0.8927,3.151,0.738,0.7373,0.0949,0,0,0.738,0.737,16323900,0.736,114420900,0.735,101188400,0.734,50035300,0.733,19157200,0.738,134633100,0.739,68797600,0.740,59040500,0.741,32188500,0.742,25974600,18,99999,2
sh513130,09:44:58,1769391901650,5709.03,0.8927,2.573,0.738,0.7373,0.0949,0,0,0.738,0.737,12000600,0.736,114384500,0.735,91237200,0.734,55035400,0.733,19157200,0.738,135504100,0.739,68777600,0.740,59000100,0.741,32238500,0.742,26084600,780,99999,0
sh513130,09:45:01,1769391903650,5707.99,0.8927,2.8242,0.738,0.7373,0.0949,1210800,892515,0.7371,0.737,12995500,0.736,114556500,0.735,91314600,0.734,55035400,0.733,19219900,0.738,134906000,0.739,68777600,0.740,59030600,0.741,32238500,0.742,27152700,316,99999,0
sh513130,09:45:04,1769391905638,5708.69,0.8927,3.1802,0.737,0.7373,-0.0407,399500,294560,0.7373,0.737,84511700,0.736,114761300,0.735,91741500,0.734,46662400,0.733,19270100,0.738,134818300,0.739,68777600,0.740,59030600,0.741,32238500,0.742,27152700,436,99999,0
sh513130,09:45:01,1769391906634,5708.93,0.8927,2.954,0.738,0.7373,0.0949,0,0,0.738,0.737,12995500,0.736,114556500,0.735,91314600,0.734,55035400,0.733,19219900,0.738,134906000,0.739,68777600,0.740,59030600,0.741,32238500,0.742,27152700,23,99999,2
sh513130,09:45:04,1769391907639,5708.93,0.8927,2.9224,0.737,0.7373,-0.0407,0,0,0.737,0.737,84511700,0.736,114761300,0.735,91741500,0.734,46662400,0.733,19270100,0.738,134818300,0.739,68777600,0.740,59030600,0.741,32238500,0.742,27152700,275,99999,0
sh513130,09:45:07,1769391910632,5707.61,0.8927,2.333,0.738,0.7373,0.0949,422300,311628,0.7379,0.737,78899400,0.736,109235800,0.735,92701900,0.734,46763100,0.733,19283800,0.738,133886500,0.739,68777600,0.740,59080600,0.741,32252200,0.742,27152700,1090,99999,0
sh513130,09:45:10,1769391913648,5709.61,0.8927,7.4163,0.738,0.7373,0.0949,668000,492617,0.7375,0.737,86794600,0.736,109455300,0.735,93591400,0.734,46764300,0.733,19317800,0.738,134374000,0.739,69074300,0.740,59080600,0.741,32252200,0.742,27152700,926,99999,0
sh513130,09:45:12,1769391916653,5709.59,0.8927,6.3908,0.737,0.7373,-0.0407,709500,523060,0.7372,0.737,87719700,0.736,109497600,0.735,94583700,0.734,47278000,0.733,19369800,0.738,134342600,0.739,69074300,0.740,59279800,0.741,32252200,0.742,27166900,10,99999,0
sh513130,09:45:16,1769391917663,5709.59,0.8927,5.6348,0.738,0.7373,0.0949,630500,465079,0.7376,0.737,87837300,0.736,109594100,0.735,96860500,0.734,47278300,0.733,19370800,0.738,134650900,0.739,69104300,0.740,59191700,0.741,32285900,0.742,27166900,910,99999,0
sh513130,09:45:19,1769391921694,5709.89,0.8927,2.8752,0.738,0.7373,0.0949,233400,172178,0.7377,0.737,50489700,0.736,115251500,0.735,98266100,0.734,47278300,0.733,19393600,0.738,135341200,0.739,68768800,0.740,59209300,0.741,32285900,0.742,27166900,940,99999,0
sh513130,09:45:22,1769391923704,5709.65,0.8927,3.3261,0.738,0.7373,0.0949,199000,146714,0.7373,0.737,61491700,0.736,116286800,0.735,99144300,0.734,47306300,0.733,19493600,0.738,138665500,0.739,68796100,0.740,59209300,0.741,32285900,0.742,27166900,1021,99999,0
sh513130,09:45:19,1769391924695,5708.09,0.8927,2.5899,0.738,0.7373,0.0949,0,0,0.738,0.737,50489700,0.736,115251500,0.735,98266100,0.734,47278300,0.733,19393600,0.738,135341200,0.739,68768800,0.740,59209300,0.741,32285900,0.742,27166900,46,99999,2
sh513130,09:45:22,1769391925704,5708.09,0.8927,2.2814,0.738,0.7373,0.0949,0,0,0.738,0.737,61491700,0.736,116286800,0.735,99144300,0.734,47306300,0.733,19493600,0.738,138665500,0.739,68796100,0.740,59209300,0.741,32285900,0.742,27166900,944,99999,0
sh513130,09:45:25,1769391926712,5708.43,0.8927,3.6922,0.738,0.7373,0.0949,97800,72166,0.7379,0.737,23552800,0.736,116424400,0.735,100291800,0.734,55306800,0.733,19518600,0.738,137369100,0.739,68865900,0.740,59309300,0.741,32326000,0.742,27166900,7,99999,0
sh513130,09:45:28,1769391930700,5707.43,0.8927,4.6773,0.738,0.7373,0.0949,513100,378598,0.7379,0.737,16422200,0.736,116502900,0.735,100356800,0.734,55738400,0.733,19512000,0.738,137954100,0.739,68855300,0.740,59309600,0.741,32362400,0.742,27104100,13,99999,0
sh513130,09:45:31,1769391933739,5706.57,0.8927,3.9765,0.737,0.7373,-0.0407,433000,319427,0.7377,0.737,17985400,0.736,116573800,0.735,101209700,0.734,55742400,0.733,19518000,0.738,137833000,0.739,68855300,0.740,59309600,0.741,32362400,0.742,27104100,365,99999,0
sh513130,09:45:33,1769391937667,5705.91,0.8927,6.8955,0.737,0.7373,-0.0407,19436200,14324479,0.737,0.736,116876400,0.735,96400900,0.734,55756800,0.733,20118200,0.732,18299300,0.737,60409800,0.738,121493200,0.739,63001000,0.740,49521700,0.741,32362400,935,99999,0
sh513130,09:45:37,1769391939683,5706.14,0.8927,5.7231,0.737,0.7373,-0.0407,534000,393540,0.737,0.736,117897200,0.735,95430000,0.734,56608900,0.733,26147000,0.732,18299400,0.737,71815900,0.738,115678900,0.739,63780900,0.740,53365900,0.741,32362400,953,99999,0
sh513130,09:45:39,1769391941663,5704.91,0.8927,4.26,0.737,0.7373,-0.0407,787000,580019,0.737,0.736,118205100,0.735,96442300,0.734,57470000,0.733,26147000,0.732,18299400,0.737,69925900,0.738,114724500,0.739,63780900,0.740,53278200,0.741,32362400,976,99999,0
sh513130,09:45:43,1769391946637,5705.25,0.8927,4.2318,0.736,0.7366,-0.0815,2065500,1520907,0.7363,0.736,116997900,0.735,96469800,0.734,57470000,0.733,26171100,0.732,18300400,0.737,56726200,0.738,111372000,0.739,63780900,0.740,53488200,0.741,32362400,248,99999,0
sh513130,09:45:45,1769391949655,5709.09,0.8927,6.4901,0.738,0.7367,0.1765,11231200,8277344,0.737,0.737,8451400,0.736,117370100,0.735,96569700,0.734,58521100,0.733,26192000,0.738,123407600,0.739,77381000,0.740,58510700,0.741,32362400,0.742,27285600,872,99999,0
sh513130,09:45:52,1769391953638,5707.98,0.8927,4.604,0.737,0.7366,0.0543,330700,243815,0.7373,0.737,62823500,0.736,118077000,0.735,96519600,0.734,47534700,0.733,26242700,0.738,124005700,0.739,77365700,0.740,59040500,0.741,32362400,0.742,27289300,768,99999,0
sh513130,09:45:55,1769391958646,5709.29,0.8927,3.0234,0.737,0.7366,0.0543,200300,147673,0.7373,0.737,50745500,0.736,118333200,0.735,97369500,0.734,47558200,0.733,26335700,0.738,125461200,0.739,77561600,0.740,59040500,0.741,32370200,0.742,27289300,16,99999,0
sh513130,09:45:58,1769391960644,5709.43,0.8927,4.4801,0.737,0.7373,-0.0407,167200,123228,0.737,0.737,84543800,0.736,112792400,0.735,97413800,0.734,47538600,0.733,27355700,0.738,125594300,0.739,77561600,0.740,59067600,0.741,32632900,0.742,27787900,14,99999,0
sh513130,09:46:01,1769391962638,5709.43,0.8927,4.6498,0.737,0.7373,-0.0407,207300,152917,0.7377,0.737,25512300,0.736,118637000,0.735,97958200,0.734,48636200,0.733,27355900,0.738,130967300,0.739,77563600,0.740,59067600,0.741,32502700,0.742,27787900,1098,99999,0
sh513130,09:46:04,1769391965636,5707.84,0.8927,4.4878,0.737,0.7373,-0.0407,1869900,1378152,0.737,0.737,10529200,0.736,118577400,0.735,98873600,0.734,55650200,0.733,27365900,0.738,133343700,0.739,77576600,0.740,59067600,0.741,32780700,0.742,27787900,891,99999,0
sh513130,09:46:07,1769391969655,5707.97,0.8927,2.6176,0.738,0.7373,0.0949,9519200,7015676,0.737,0.737,14509400,0.736,119754400,0.735,95560200,0.734,57044200,0.733,27515900,0.738,133105200,0.739,77581600,0.740,59476800,0.741,32780700,0.742,27787900,950,99999,0
sh513130,09:46:09,1769391973645,5708.04,0.8927,1.4468,0.738,0.7373,0.0949,325100,239685,0.7373,0.737,13931400,0.736,119313100,0.735,95642400,0.734,56655200,0.733,27947900,0.738,133889900,0.739,77495600,0.740,59476800,0.741,32839200,0.742,27787900,914,99999,0
sh513130,09:46:13,1769391974641,5708.04,0.8927,1.1257,0.738,0.7373,0.0949,286500,211309,0.7376,0.737,50346500,0.736,119529100,0.735,96601800,0.734,53774200,0.733,27962900,0.738,134358300,0.739,77495600,0.740,59475500,0.741,32889200,0.742,27792900,92,99999,0
sh513130,09:46:16,1769391978652,5706.94,0.8927,2.5416,0.738,0.7373,0.0949,332000,244692,0.737,0.737,10509000,0.736,119858400,0.735,97493200,0.734,51774200,0.733,28137400,0.738,134782800,0.739,77458700,0.740,59655500,0.741,32962100,0.742,27733200,14,99999,0
sh513130,09:46:19,1769391980658,5708.24,0.8927,4.6652,0.738,0.7373,0.0949,1084800,799623,0.7371,0.737,16562800,0.736,120490800,0.735,98597700,0.734,57284500,0.733,28163800,0.738,133859600,0.739,77658700,0.740,59699700,0.741,32962100,0.742,27953200,16,99999,0
sh513130,09:46:16,1769391982666,5708.02,0.8927,4.4371,0.738,0.7373,0.0949,0,0,0.738,0.737,10509000,0.736,119858400,0.735,97493200,0.734,51774200,0.733,28137400,0.738,134782800,0.739,77458700,0.740,59655500,0.741,32962100,0.742,27733200,47,99999,2
sh513130,09:46:22,1769391983675,5708.02,0.8927,4.1756,0.738,0.7373,0.0949,234100,172686,0.7377,0.737,24683100,0.736,120803300,0.735,99540000,0.734,57311600,0.733,28177800,0.738,133864200,0.739,77658700,0.740,59700700,0.741,32972100,0.742,27973200,470,99999,0
sh513130,09:46:19,1769391984651,5708.37,0.8927,4.1018,0.738,0.7373,0.0949,0,0,0.738,0.737,16562800,0.736,120490800,0.735,98597700,0.734,57284500,0.733,28163800,0.738,133859600,0.739,77658700,0.740,59699700,0.741,32962100,0.742,27953200,18,99999,2
sh513130,09:46:22,1769391985656,5708.37,0.8927,4.0291,0.738,0.7373,0.0949,0,0,0.738,0.737,24683100,0.736,120803300,0.735,99540000,0.734,57311600,0.733,28177800,0.738,133864200,0.739,77658700,0.740,59700700,0.741,32972100,0.742,27973200,289,99999,0
sh513130,09:46:25,1769391986651,5707.98,0.8927,4.0801,0.738,0.7373,0.0949,382700,282283,0.7376,0.737,29916500,0.736,121149000,0.735,100658700,0.734,56919100,0.733,28080300,0.738,134580500,0.739,77658700,0.740,59750700,0.741,32972100,0.742,27973200,20,99999,0
sh513130,09:46:22,1769391987648,5707.98,0.8927,3.7179,0.738,0.7373,0.0949,0,0,0.738,0.737,24683100,0.736,120803300,0.735,99540000,0.734,57311600,0.733,28177800,0.738,133864200,0.739,77658700,0.740,59700700,0.741,32972100,0.742,27973200,113,99999,2
sh513130,09:46:25,1769391988650,5708.26,0.8927,3.5882,0.738,0.7373,0.0949,0,0,0.738,0.737,29916500,0.736,121149000,0.735,100658700,0.734,56919100,0.733,28080300,0.738,134580500,0.739,77658700,0.740,59750700,0.741,32972100,0.742,27973200,12,99999,0
sh513130,09:46:27,1769391990656,5708.45,0.8927,4.5002,0.738,0.7373,0.0949,1757100,1295246,0.7371,0.737,25985500,0.736,122170100,0.735,102423600,0.734,56940800,0.733,28181800,0.738,134534100,0.739,78080000,0.740,59757000,0.741,32972100,0.742,28093200,40,99999,0
sh513130,09:46:30,1769391992657,5708.34,0.8927,3.0299,0.738,0.7373,0.0949,624300,460564,0.7377,0.737,23916600,0.736,122336400,0.735,102399200,0.734,57346500,0.733,28212600,0.738,134114700,0.739,78080000,0.740,59779500,0.741,32972100,0.742,28096300,23,99999,0
sh513130,09:46:27,1769391993655,5708.34,0.8927,1.9912,0.738,0.7373,0.0949,0,0,0.738,0.737,25985500,0.736,122170100,0.735,102423600,0.734,56940800,0.733,28181800,0.738,134534100,0.739,78080000,0.740,59757000,0.741,32972100,0.742,28093200,936,99999,2
sh513130,09:46:30,1769391994694,5709.25,0.8927,5.3675,0.738,0.7373,0.0949,0,0,0.738,0.737,23916600,0.736,122336400,0.735,102399200,0.734,57346500,0.733,28212600,0.738,134114700,0.739,78080000,0.740,59779500,0.741,32972100,0.742,28096300,8,99999,0
sh513130,09:46:34,1769391996635,5709.25,0.8927,6.1691,0.738,0.7373,0.0949,1192900,879232,0.7371,0.737,19785200,0.736,122385000,0.735,97343500,0.734,57355700,0.733,28107600,0.738,133672800,0.739,78080000,0.740,59779500,0.741,34952100,0.742,28096300,409,99999,0
sh513130,09:46:37,1769391999656,5708.36,0.8927,5.7267,0.738,0.7373,0.0949,1142800,842389,0.7371,0.737,24635100,0.736,122944900,0.735,98306200,0.734,56957000,0.733,28107600,0.738,133677300,0.739,78060000,0.740,59779500,0.741,34952100,0.742,28171300,910,99999,0
sh513130,09:46:40,1769392002639,5708.37,0.8927,3.8728,0.737,0.7373,-0.0407,520500,384110,0.738,0.737,76588700,0.736,123178500,0.735,99342500,0.734,55158000,0.733,28207700,0.738,133905800,0.739,78060000,0.740,59779500,0.741,34952100,0.742,28171300,10,99999,0
sh513130,09:46:42,1769392005644,5708.2,0.8927,2.3432,0.738,0.7373,0.0949,200200,147666,0.7376,0.737,81052900,0.736,124582900,0.735,102367200,0.734,54195200,0.733,28224300,0.738,134450000,0.739,78323600,0.740,59783500,0.741,34952100,0.742,28171300,732,99999,0
sh513130,09:46:45,1769392007641,5708.34,0.8927,2.0779,0.738,0.7373,0.0949,802600,591719,0.7373,0.737,58949400,0.736,124721400,0.735,103220400,0.734,52199300,0.733,28394000,0.738,133501800,0.739,78643600,0.740,59349600,0.741,34854100,0.742,28171300,571,99999,0
