symbol,tx_server_time,tx_local_time,bd_server_time,bd_local_time,price,iopv,premium_rate,index_price,fx_rate,sentiment,tick_vol,tick_amt,tick_vwap,interval_s,bp1,bv1,bp2,bv2,bp3,bv3,bp4,bv4,bp5,bv5,sp1,sv1,sp2,sv2,sp3,sv3,sp4,sv4,sp5,sv5,idx_delay_ms,fut_delay_ms,data_flags
sh513130,09:32:44,1766021565143,09:33:44,1766021564436,0.706,0.7056,0.0567,5381.98,0.9048,7.7398,0,0,0.706,0.0,0.705,115898800,0.704,80261700,0.703,56235000,0.702,34242300,0.701,35238600,0.706,17546400,0.707,62492400,0.708,68141300,0.709,46074600,0.710,29152700,706,0,1
sh513130,09:32:44,1766021566124,09:33:44,1766021565430,0.706,0.7056,0.0567,5381.98,0.9048,7.2034,0,0,0.706,0.981,0.705,115898800,0.704,80261700,0.703,56235000,0.702,34242300,0.701,35238600,0.706,17546400,0.707,62492400,0.708,68141300,0.709,46074600,0.710,29152700,694,0,0
sh513130,09:32:44,1766021567126,09:33:46,1766021566483,0.706,0.7056,0.0567,5381.12,0.9048,6.7452,0,0,0.706,1.001,0.705,115898800,0.704,80261700,0.703,56235000,0.702,34242300,0.701,35238600,0.706,17546400,0.707,62492400,0.708,68141300,0.709,46074600,0.710,29152700,642,0,0
sh513130,09:32:44,1766021568127,09:33:46,1766021567604,0.706,0.7056,0.0567,5381.12,0.9048,5.8003,0,0,0.706,1.001,0.705,115898800,0.704,80261700,0.703,56235000,0.702,34242300,0.701,35238600,0.706,17546400,0.707,62492400,0.708,68141300,0.709,46074600,0.710,29152700,523,0,0
sh513130,09:32:47,1766021569125,09:33:48,1766021568440,0.706,0.7057,0.0425,5380.98,0.9048,5.8504,3141400,2217581,0.7059,0.998,0.705,109472700,0.704,80789200,0.703,56555000,0.702,41605900,0.701,35246400,0.706,43006300,0.707,62506300,0.708,49099400,0.709,46075600,0.710,29152700,685,0,0
sh513130,09:32:47,1766021570125,09:33:48,1766021569775,0.706,0.7057,0.0425,5380.98,0.9048,5.1961,0,0,0.706,1.0,0.705,109472700,0.704,80789200,0.703,56555000,0.702,41605900,0.701,35246400,0.706,43006300,0.707,62506300,0.708,49099400,0.709,46075600,0.710,29152700,349,0,0
sh513130,09:32:50,1766021571118,09:33:50,1766021570421,0.706,0.7057,0.0425,5379.09,0.9048,7.1007,1719000,1212849,0.7056,0.993,0.705,100353200,0.704,90260500,0.703,56816200,0.702,41772600,0.701,35269400,0.706,60361500,0.707,62637700,0.708,49352800,0.709,27395100,0.710,29152700,696,0,0
sh513130,09:32:50,1766021572119,09:33:50,1766021571947,0.706,0.7057,0.0425,5379.09,0.9048,6.8252,0,0,0.706,1.001,0.705,100353200,0.704,90260500,0.703,56816200,0.702,41772600,0.701,35269400,0.706,60361500,0.707,62637700,0.708,49352800,0.709,27395100,0.710,29152700,171,0,0
sh513130,09:32:50,1766021573115,09:33:52,1766021572531,0.706,0.7057,0.0425,5378.5,0.9048,6.2337,0,0,0.706,0.996,0.705,100353200,0.704,90260500,0.703,56816200,0.702,41772600,0.701,35269400,0.706,60361500,0.707,62637700,0.708,49352800,0.709,27395100,0.710,29152700,583,0,0
sh513130,09:32:50,1766021574110,09:33:52,1766021572531,0.706,0.7057,0.0425,5378.5,0.9048,5.6979,0,0,0.706,0.995,0.705,100353200,0.704,90260500,0.703,56816200,0.702,41772600,0.701,35269400,0.706,60361500,0.707,62637700,0.708,49352800,0.709,27395100,0.710,29152700,1579,0,0
sh513130,09:32:50,1766021575110,09:33:54,1766021574538,0.706,0.7057,0.0425,5378.19,0.9048,5.1676,0,0,0.706,1.0,0.705,100353200,0.704,90260500,0.703,56816200,0.702,41772600,0.701,35269400,0.706,60361500,0.707,62637700,0.708,49352800,0.709,27395100,0.710,29152700,572,0,0
sh513130,09:32:53,1766021576111,09:33:54,1766021574538,0.706,0.7056,0.0567,5378.19,0.9048,4.8678,670900,473199,0.7053,1.001,0.705,100025900,0.704,90262500,0.703,56870800,0.702,41962800,0.701,35295500,0.706,62859600,0.707,64434700,0.708,49352800,0.709,25838400,0.710,29382500,1573,0,0
sh513130,09:32:56,1766021577104,09:33:56,1766021576536,0.706,0.7056,0.0567,5378.73,0.9048,4.2563,1321400,932790,0.7059,0.993,0.705,109057000,0.704,77111100,0.703,56946100,0.702,42078800,0.701,35372400,0.706,42029200,0.707,62588800,0.708,49436200,0.709,45221900,0.710,29472500,567,0,0
sh513130,09:32:56,1766021578093,09:33:56,1766021576536,0.706,0.7056,0.0567,5378.73,0.9048,5.1926,0,0,0.706,0.989,0.705,109057000,0.704,77111100,0.703,56946100,0.702,42078800,0.701,35372400,0.706,42029200,0.707,62588800,0.708,49436200,0.709,45221900,0.710,29472500,1556,0,0
sh513130,09:32:56,1766021579090,09:33:58,1766021578513,0.706,0.7056,0.0567,5379.01,0.9048,4.4188,0,0,0.706,0.997,0.705,109057000,0.704,77111100,0.703,56946100,0.702,42078800,0.701,35372400,0.706,42029200,0.707,62588800,0.708,49436200,0.709,45221900,0.710,29472500,576,0,0
sh513130,09:32:56,1766021580090,09:33:58,1766021578513,0.706,0.7056,0.0567,5379.01,0.9048,3.6844,0,0,0.706,1.0,0.705,109057000,0.704,77111100,0.703,56946100,0.702,42078800,0.701,35372400,0.706,42029200,0.707,62588800,0.708,49436200,0.709,45221900,0.710,29472500,1576,0,0
sh513130,09:32:59,1766021581083,09:34:00,1766021580682,0.706,0.7056,0.0567,5379.09,0.9048,4.1521,119400,84296,0.706,0.993,0.705,101480100,0.704,86716800,0.703,73305100,0.702,42094000,0.701,35416900,0.706,44717900,0.707,62624300,0.708,49214600,0.709,45231900,0.710,29472500,400,0,0
sh513130,09:32:59,1766021582083,09:34:00,1766021580682,0.706,0.7056,0.0567,5379.09,0.9048,3.4302,0,0,0.706,1.0,0.705,101480100,0.704,86716800,0.703,73305100,0.702,42094000,0.701,35416900,0.706,44717900,0.707,62624300,0.708,49214600,0.709,45231900,0.710,29472500,1401,0,0
sh513130,09:32:59,1766021583083,09:34:02,1766021582849,0.706,0.7056,0.0567,5379.53,0.9048,2.9573,0,0,0.706,1.0,0.705,101480100,0.704,86716800,0.703,73305100,0.702,42094000,0.701,35416900,0.706,44717900,0.707,62624300,0.708,49214600,0.709,45231900,0.710,29472500,233,0,0
sh513130,09:33:02,1766021584086,09:34:02,1766021582849,0.705,0.7056,-0.085,5379.53,0.9048,3.197,1007100,710741,0.7057,1.003,0.705,109878800,0.704,82898100,0.703,75309100,0.702,42147000,0.701,35327100,0.706,59549600,0.707,65046600,0.708,50947600,0.709,30324500,0.710,29499700,1237,0,0
sh513130,09:33:02,1766021585091,09:34:04,1766021584493,0.705,0.7056,-0.085,5379.78,0.9048,2.855,0,0,0.705,1.005,0.705,109878800,0.704,82898100,0.703,75309100,0.702,42147000,0.701,35327100,0.706,59549600,0.707,65046600,0.708,50947600,0.709,30324500,0.710,29499700,597,0,0
sh513130,09:33:02,1766021586096,09:34:04,1766021585166,0.705,0.7056,-0.085,5379.78,0.9048,3.3242,0,0,0.705,1.005,0.705,109878800,0.704,82898100,0.703,75309100,0.702,42147000,0.701,35327100,0.706,59549600,0.707,65046600,0.708,50947600,0.709,30324500,0.710,29499700,929,0,0
sh513130,09:33:05,1766021587099,09:34:06,1766021586464,0.706,0.7056,0.0567,5378.11,0.9048,3.9545,1137100,802199,0.7055,1.003,0.705,101481800,0.704,92268500,0.703,75587200,0.702,42149200,0.701,35347500,0.706,64266500,0.707,65046600,0.708,50876300,0.709,25690800,0.710,29470700,635,0,0
sh513130,09:33:05,1766021588100,09:34:06,1766021587184,0.706,0.7056,0.0567,5378.11,0.9048,4.1201,0,0,0.706,1.001,0.705,101481800,0.704,92268500,0.703,75587200,0.702,42149200,0.701,35347500,0.706,64266500,0.707,65046600,0.708,50876300,0.709,25690800,0.710,29470700,916,0,0
sh513130,09:33:05,1766021589098,09:34:08,1766021588443,0.706,0.7056,0.0567,5376.88,0.9048,4.5244,0,0,0.706,0.998,0.705,101481800,0.704,92268500,0.703,75587200,0.702,42149200,0.701,35347500,0.706,64266500,0.707,65046600,0.708,50876300,0.709,25690800,0.710,29470700,654,0,0
sh513130,09:33:08,1766021590094,09:34:08,1766021589350,0.705,0.7056,-0.085,5376.88,0.9048,4.4805,5001700,3526829,0.7051,0.996,0.705,91717300,0.704,93184000,0.703,76053600,0.702,49434200,0.701,35406800,0.706,67790200,0.707,65185000,0.708,49868000,0.709,25690800,0.710,29470700,744,0,0
sh513130,09:33:08,1766021591090,09:34:10,1766021590433,0.705,0.7056,-0.085,5375.76,0.9048,4.6987,0,0,0.705,0.996,0.705,91717300,0.704,93184000,0.703,76053600,0.702,49434200,0.701,35406800,0.706,67790200,0.707,65185000,0.708,49868000,0.709,25690800,0.710,29470700,656,0,0
sh513130,09:33:08,1766021592099,09:34:10,1766021591525,0.705,0.7056,-0.085,5375.76,0.9048,7.5647,0,0,0.705,1.009,0.705,91717300,0.704,93184000,0.703,76053600,0.702,49434200,0.701,35406800,0.706,67790200,0.707,65185000,0.708,49868000,0.709,25690800,0.710,29470700,572,0,0
sh513130,09:33:11,1766021593100,09:34:12,1766021592468,0.706,0.7056,0.0567,5375.14,0.9048,6.3771,30312100,21370309,0.705,1.001,0.705,57954800,0.704,96842100,0.703,76517600,0.702,49471700,0.701,35421800,0.706,64176200,0.707,64065000,0.708,43996400,0.709,25690800,0.710,29369600,632,0,0
sh513130,09:33:11,1766021594106,09:34:12,1766021593723,0.706,0.7056,0.0567,5375.14,0.9048,5.9303,0,0,0.706,1.006,0.705,57954800,0.704,96842100,0.703,76517600,0.702,49471700,0.701,35421800,0.706,64176200,0.707,64065000,0.708,43996400,0.709,25690800,0.710,29369600,382,0,0
sh513130,09:33:11,1766021595096,09:34:14,1766021594471,0.706,0.7056,0.0567,5376.49,0.9048,5.5595,0,0,0.706,0.99,0.705,57954800,0.704,96842100,0.703,76517600,0.702,49471700,0.701,35421800,0.706,64176200,0.707,64065000,0.708,43996400,0.709,25690800,0.710,29369600,624,0,0
sh513130,09:33:14,1766021596098,09:34:14,1766021595937,0.706,0.7056,0.0567,5376.49,0.9048,6.0282,1013700,714671,0.705,1.002,0.705,76130600,0.704,89455600,0.703,76537600,0.702,42564800,0.701,35501100,0.706,71679200,0.707,65411600,0.708,44969800,0.709,25671600,0.710,29304000,160,0,0
sh513130,09:33:14,1766021597082,09:34:16,1766021596431,0.706,0.7056,0.0567,5376.6,0.9048,6.4841,0,0,0.706,0.984,0.705,76130600,0.704,89455600,0.703,76537600,0.702,42564800,0.701,35501100,0.706,71679200,0.707,65411600,0.708,44969800,0.709,25671600,0.710,29304000,651,0,0
sh513130,09:33:14,1766021598084,09:34:16,1766021596431,0.706,0.7056,0.0567,5376.6,0.9048,5.6136,0,0,0.706,1.002,0.705,76130600,0.704,89455600,0.703,76537600,0.702,42564800,0.701,35501100,0.706,71679200,0.707,65411600,0.708,44969800,0.709,25671600,0.710,29304000,1652,0,0
sh513130,09:33:17,1766021599091,09:34:18,1766021598424,0.706,0.7056,0.0567,5377.46,0.9048,4.8521,1297000,914573,0.7051,1.007,0.705,75628600,0.704,89733200,0.703,77026700,0.702,42784400,0.701,35515400,0.706,72586700,0.707,65278400,0.708,44959800,0.709,25671600,0.710,29162600,666,0,0
sh513130,09:33:17,1766021600094,09:34:18,1766021598424,0.706,0.7056,0.0567,5377.46,0.9048,4.6758,0,0,0.706,1.004,0.705,75628600,0.704,89733200,0.703,77026700,0.702,42784400,0.701,35515400,0.706,72586700,0.707,65278400,0.708,44959800,0.709,25671600,0.710,29162600,1670,0,0
sh513130,09:33:17,1766021601091,09:34:20,1766021600465,0.706,0.7056,0.0567,5376.46,0.9048,4.1385,0,0,0.706,0.996,0.705,75628600,0.704,89733200,0.703,77026700,0.702,42784400,0.701,35515400,0.706,72586700,0.707,65278400,0.708,44959800,0.709,25671600,0.710,29162600,625,0,0
sh513130,09:33:20,1766021602095,09:34:20,1766021600465,0.705,0.7056,-0.085,5376.46,0.9048,3.2188,1058400,746374,0.7052,1.005,0.705,68282900,0.704,98212000,0.703,77292500,0.702,42846400,0.701,35580800,0.706,74200600,0.707,65280000,0.708,44944800,0.709,25732000,0.710,29162600,1630,0,0
sh513130,09:33:20,1766021603091,09:34:22,1766021602429,0.705,0.7056,-0.085,5377.26,0.9048,3.9682,0,0,0.705,0.996,0.705,68282900,0.704,98212000,0.703,77292500,0.702,42846400,0.701,35580800,0.706,74200600,0.707,65280000,0.708,44944800,0.709,25732000,0.710,29162600,661,0,0
sh513130,09:33:20,1766021604087,09:34:22,1766021602429,0.705,0.7056,-0.085,5377.26,0.9048,3.9635,0,0,0.705,0.996,0.705,68282900,0.704,98212000,0.703,77292500,0.702,42846400,0.701,35580800,0.706,74200600,0.707,65280000,0.708,44944800,0.709,25732000,0.710,29162600,1657,0,0
sh513130,09:33:23,1766021605080,09:34:24,1766021604600,0.706,0.7056,0.0567,5376.91,0.9048,3.758,149800,105709,0.7057,0.993,0.705,68873400,0.704,100243100,0.703,77152500,0.702,42890400,0.701,35610300,0.706,74320000,0.707,65308100,0.708,44959300,0.709,25651500,0.710,29162800,480,0,0
sh513130,09:33:23,1766021606079,09:34:24,1766021604600,0.706,0.7056,0.0567,5376.91,0.9048,3.7626,0,0,0.706,0.999,0.705,68873400,0.704,100243100,0.703,77152500,0.702,42890400,0.701,35610300,0.706,74320000,0.707,65308100,0.708,44959300,0.709,25651500,0.710,29162800,1479,0,0
sh513130,09:33:26,1766021607081,09:34:26,1766021606773,0.706,0.7056,0.0567,5377.44,0.9048,4.0888,1078600,760465,0.705,1.002,0.705,70428700,0.704,92439300,0.703,78064200,0.702,42968400,0.701,35730200,0.706,74660200,0.707,65308100,0.708,44201300,0.709,25562200,0.710,29209000,308,0,0
sh513130,09:33:26,1766021608076,09:34:26,1766021606773,0.706,0.7056,0.0567,5377.44,0.9048,3.8728,0,0,0.706,0.995,0.705,70428700,0.704,92439300,0.703,78064200,0.702,42968400,0.701,35730200,0.706,74660200,0.707,65308100,0.708,44201300,0.709,25562200,0.710,29209000,1303,0,0
sh513130,09:33:26,1766021609077,09:34:28,1766021608946,0.706,0.7056,0.0567,5378.81,0.9048,3.8031,0,0,0.706,1.001,0.705,70428700,0.704,92439300,0.703,78064200,0.702,42968400,0.701,35730200,0.706,74660200,0.707,65308100,0.708,44201300,0.709,25562200,0.710,29209000,131,0,0
sh513130,09:33:26,1766021610074,09:34:28,1766021608946,0.706,0.7056,0.0567,5378.81,0.9048,6.2651,0,0,0.706,0.997,0.705,70428700,0.704,92439300,0.703,78064200,0.702,42968400,0.701,35730200,0.706,74660200,0.707,65308100,0.708,44201300,0.709,25562200,0.710,29209000,1128,0,0
sh513130,09:33:29,1766021611067,09:34:30,1766021610433,0.706,0.7056,0.0567,5378.02,0.9048,5.3176,1457400,1028242,0.7055,0.993,0.705,79933500,0.704,91445300,0.703,77982500,0.702,43058600,0.701,35755200,0.706,52200500,0.707,65471500,0.708,44113000,0.709,45462200,0.710,29279000,633,0,0
sh513130,09:33:29,1766021612068,09:34:30,1766021611121,0.706,0.7056,0.0567,5378.02,0.9048,4.877,0,0,0.706,1.001,0.705,79933500,0.704,91445300,0.703,77982500,0.702,43058600,0.701,35755200,0.706,52200500,0.707,65471500,0.708,44113000,0.709,45462200,0.710,29279000,947,0,0
sh513130,09:33:29,1766021613071,09:34:32,1766021612445,0.706,0.7056,0.0567,5378.51,0.9048,4.5978,0,0,0.706,1.002,0.705,79933500,0.704,91445300,0.703,77982500,0.702,43058600,0.701,35755200,0.706,52200500,0.707,65471500,0.708,44113000,0.709,45462200,0.710,29279000,625,0,0
sh513130,09:33:29,1766021614074,09:34:32,1766021613289,0.706,0.7056,0.0567,5378.51,0.9048,6.2065,0,0,0.706,1.003,0.705,79933500,0.704,91445300,0.703,77982500,0.702,43058600,0.701,35755200,0.706,52200500,0.707,65471500,0.708,44113000,0.709,45462200,0.710,29279000,784,0,0
sh513130,09:33:32,1766021615064,09:34:34,1766021614438,0.706,0.7056,0.0567,5380.42,0.9048,5.4145,707200,498940,0.7055,0.99,0.705,79862500,0.704,93044100,0.703,79113600,0.702,43230700,0.701,35767200,0.706,52416900,0.707,65563500,0.708,44939800,0.709,45082200,0.710,29254900,624,0,0
sh513130,09:33:32,1766021616064,09:34:34,1766021615463,0.706,0.7056,0.0567,5380.42,0.9048,4.4959,0,0,0.706,1.001,0.705,79862500,0.704,93044100,0.703,79113600,0.702,43230700,0.701,35767200,0.706,52416900,0.707,65563500,0.708,44939800,0.709,45082200,0.710,29254900,601,0,0
sh513130,09:33:35,1766021617063,09:34:36,1766021616462,0.706,0.7056,0.0567,5379.96,0.9048,4.9322,596500,421077,0.7059,0.998,0.705,88053600,0.704,93460100,0.703,79006800,0.702,35994800,0.701,35817600,0.706,51013800,0.707,65602800,0.708,46135100,0.709,45516800,0.710,29255900,600,0,0
sh513130,09:33:35,1766021618065,09:34:36,1766021617630,0.706,0.7056,0.0567,5379.96,0.9048,4.7848,0,0,0.706,1.003,0.705,88053600,0.704,93460100,0.703,79006800,0.702,35994800,0.701,35817600,0.706,51013800,0.707,65602800,0.708,46135100,0.709,45516800,0.710,29255900,435,0,0
sh513130,09:33:38,1766021619062,09:34:38,1766021618450,0.706,0.7056,0.0567,5380.49,0.9048,3.9124,178900,126303,0.706,0.997,0.705,82097100,0.704,94504300,0.703,79041800,0.702,43516600,0.701,36013600,0.706,52366400,0.707,65946800,0.708,47080400,0.709,45506800,0.710,29257400,612,0,0
sh513130,09:33:38,1766021620063,09:34:38,1766021619815,0.706,0.7056,0.0567,5380.49,0.9048,3.8088,0,0,0.706,1.0,0.705,82097100,0.704,94504300,0.703,79041800,0.702,43516600,0.701,36013600,0.706,52366400,0.707,65946800,0.708,47080400,0.709,45506800,0.710,29257400,247,0,0
sh513130,09:33:38,1766021621068,09:34:40,1766021620432,0.706,0.7056,0.0567,5381.54,0.9048,4.1045,0,0,0.706,1.006,0.705,82097100,0.704,94504300,0.703,79041800,0.702,43516600,0.701,36013600,0.706,52366400,0.707,65946800,0.708,47080400,0.709,45506800,0.710,29257400,636,0,0
sh513130,09:33:38,1766021622075,09:34:40,1766021621994,0.706,0.7056,0.0567,5381.54,0.9048,4.4271,0,0,0.706,1.007,0.705,82097100,0.704,94504300,0.703,79041800,0.702,43516600,0.701,36013600,0.706,52366400,0.707,65946800,0.708,47080400,0.709,45506800,0.710,29257400,81,0,0
sh513130,09:33:41,1766021623070,09:34:42,1766021622444,0.705,0.7056,-0.085,5381.52,0.9048,4.6801,1386200,977506,0.7052,0.995,0.705,89131900,0.704,94525400,0.703,79083800,0.702,36241500,0.701,35947600,0.706,39772100,0.707,74318700,0.708,47974600,0.709,45494400,0.710,29181300,626,0,0
sh513130,09:33:41,1766021624071,09:34:42,1766021622444,0.705,0.7056,-0.085,5381.52,0.9048,4.3079,0,0,0.705,1.001,0.705,89131900,0.704,94525400,0.703,79083800,0.702,36241500,0.701,35947600,0.706,39772100,0.707,74318700,0.708,47974600,0.709,45494400,0.710,29181300,1627,0,0
sh513130,09:33:41,1766021625070,09:34:44,1766021624425,0.705,0.7056,-0.085,5383.02,0.9048,3.2519,0,0,0.705,0.999,0.705,89131900,0.704,94525400,0.703,79083800,0.702,36241500,0.701,35947600,0.706,39772100,0.707,74318700,0.708,47974600,0.709,45494400,0.710,29181300,644,0,0
sh513130,09:33:44,1766021626070,09:34:44,1766021624425,0.706,0.7056,0.0567,5383.02,0.9048,3.2331,19130400,13506049,0.706,1.001,0.706,5030600,0.705,91768700,0.704,94561100,0.703,79303800,0.702,36324500,0.707,74318700,0.708,67888000,0.709,45495400,0.710,29145300,0.711,20228900,1645,0,0
sh513130,09:33:44,1766021627065,09:34:46,1766021626466,0.706,0.7056,0.0567,5382.23,0.9048,2.5087,0,0,0.706,0.994,0.706,5030600,0.705,91768700,0.704,94561100,0.703,79303800,0.702,36324500,0.707,74318700,0.708,67888000,0.709,45495400,0.710,29145300,0.711,20228900,598,0,0
sh513130,09:33:44,1766021628073,09:34:46,1766021626466,0.706,0.7056,0.0567,5382.23,0.9048,5.1749,0,0,0.706,1.008,0.706,5030600,0.705,91768700,0.704,94561100,0.703,79303800,0.702,36324500,0.707,74318700,0.708,67888000,0.709,45495400,0.710,29145300,0.711,20228900,1606,0,0
sh513130,09:33:47,1766021629074,09:34:48,1766021628507,0.706,0.7063,-0.0425,5383.2,0.9048,4.9908,7530300,5316391,0.706,1.001,0.705,92220700,0.704,94550700,0.703,79767100,0.702,36363800,0.701,36021200,0.706,30519600,0.707,73486400,0.708,56780500,0.709,45520400,0.710,29166300,567,0,0
sh513130,09:33:47,1766021630067,09:34:48,1766021628507,0.706,0.7063,-0.0425,5383.2,0.9048,4.3599,0,0,0.706,0.993,0.705,92220700,0.704,94550700,0.703,79767100,0.702,36363800,0.701,36021200,0.706,30519600,0.707,73486400,0.708,56780500,0.709,45520400,0.710,29166300,1559,0,0
sh513130,09:33:50,1766021631065,09:34:50,1766021630680,0.707,0.7063,0.0991,5383.4,0.9048,4.1526,4968500,3507766,0.706,0.999,0.706,32565600,0.705,98475700,0.704,94817500,0.703,86228800,0.702,36927900,0.707,79473200,0.708,75702800,0.709,50421600,0.710,29293700,0.711,20244700,385,0,0
sh513130,09:33:50,1766021632064,09:34:50,1766021630680,0.707,0.7063,0.0991,5383.4,0.9048,4.3838,0,0,0.707,0.999,0.706,32565600,0.705,98475700,0.704,94817500,0.703,86228800,0.702,36927900,0.707,79473200,0.708,75702800,0.709,50421600,0.710,29293700,0.711,20244700,1384,0,0
sh513130,09:33:50,1766021633052,09:34:52,1766021632848,0.707,0.7063,0.0991,5383.07,0.9048,4.9832,0,0,0.707,0.988,0.706,32565600,0.705,98475700,0.704,94817500,0.703,86228800,0.702,36927900,0.707,79473200,0.708,75702800,0.709,50421600,0.710,29293700,0.711,20244700,203,0,0
sh513130,09:33:50,1766021634055,09:34:52,1766021632848,0.707,0.7063,0.0991,5383.07,0.9048,6.0115,0,0,0.707,1.003,0.706,32565600,0.705,98475700,0.704,94817500,0.703,86228800,0.702,36927900,0.707,79473200,0.708,75702800,0.709,50421600,0.710,29293700,0.711,20244700,1206,0,0
sh513130,09:33:50,1766021635055,09:34:54,1766021635021,0.707,0.7063,0.0991,5382.41,0.9048,6.7042,0,0,0.707,1.0,0.706,32565600,0.705,98475700,0.704,94817500,0.703,86228800,0.702,36927900,0.707,79473200,0.708,75702800,0.709,50421600,0.710,29293700,0.711,20244700,34,0,0
sh513130,09:33:53,1766021636052,09:34:54,1766021635021,0.706,0.7063,-0.0425,5382.41,0.9048,5.8518,6667700,4707446,0.706,0.996,0.705,99997200,0.704,95926600,0.703,86214800,0.702,38858000,0.701,36116500,0.706,31258900,0.707,79877800,0.708,61377900,0.709,50426200,0.710,29293700,1031,0,0
sh513130,09:33:53,1766021637057,09:34:56,1766021636447,0.706,0.7063,-0.0425,5383.48,0.9048,4.3722,0,0,0.706,1.005,0.705,99997200,0.704,95926600,0.703,86214800,0.702,38858000,0.701,36116500,0.706,31258900,0.707,79877800,0.708,61377900,0.709,50426200,0.710,29293700,610,0,0
sh513130,09:33:56,1766021638057,09:34:56,1766021637192,0.706,0.7063,-0.0425,5383.48,0.9048,5.9932,3583300,2529811,0.706,1.0,0.706,29486700,0.705,101663200,0.704,96035700,0.703,85379800,0.702,39064100,0.707,80144100,0.708,75770500,0.709,51320300,0.710,29273700,0.711,20244700,865,0,0
sh513130,09:33:56,1766021639057,09:34:58,1766021638439,0.706,0.7063,-0.0425,5385.44,0.9048,5.4522,0,0,0.706,1.0,0.706,29486700,0.705,101663200,0.704,96035700,0.703,85379800,0.702,39064100,0.707,80144100,0.708,75770500,0.709,51320300,0.710,29273700,0.711,20244700,618,0,0
sh513130,09:33:56,1766021640032,09:34:58,1766021639367,0.706,0.7063,-0.0425,5385.44,0.9048,6.5207,0,0,0.706,0.976,0.706,29486700,0.705,101663200,0.704,96035700,0.703,85379800,0.702,39064100,0.707,80144100,0.708,75770500,0.709,51320300,0.710,29273700,0.711,20244700,665,0,0
sh513130,09:33:59,1766021641037,09:35:00,1766021640441,0.707,0.7063,0.0991,5385.04,0.9048,7.6968,1091200,770449,0.7061,1.004,0.706,44808900,0.705,104153100,0.704,96045700,0.703,76062600,0.702,39383800,0.707,78034700,0.708,75739300,0.709,53204400,0.710,29334400,0.711,20244700,595,0,0
sh513130,09:33:59,1766021642034,09:35:00,1766021641527,0.707,0.7063,0.0991,5385.04,0.9048,6.6601,0,0,0.707,0.997,0.706,44808900,0.705,104153100,0.704,96045700,0.703,76062600,0.702,39383800,0.707,78034700,0.708,75739300,0.709,53204400,0.710,29334400,0.711,20244700,507,0,0
sh513130,09:33:59,1766021643033,09:35:02,1766021642422,0.707,0.7063,0.0991,5386.0,0.9048,5.2557,0,0,0.707,0.999,0.706,44808900,0.705,104153100,0.704,96045700,0.703,76062600,0.702,39383800,0.707,78034700,0.708,75739300,0.709,53204400,0.710,29334400,0.711,20244700,610,0,0
sh513130,09:34:02,1766021644027,09:35:02,1766021643712,0.707,0.7063,0.0991,5386.0,0.9048,4.8884,92400,65327,0.707,0.994,0.706,60940700,0.705,97537800,0.704,96193800,0.703,71721300,0.702,40687700,0.707,78070100,0.708,75512000,0.709,53304400,0.710,29334400,0.711,22245200,313,0,0
sh513130,09:34:02,1766021645026,09:35:04,1766021644454,0.707,0.7063,0.0991,5386.28,0.9048,3.9968,0,0,0.707,1.0,0.706,60940700,0.705,97537800,0.704,96193800,0.703,71721300,0.702,40687700,0.707,78070100,0.708,75512000,0.709,53304400,0.710,29334400,0.711,22245200,571,0,0
sh513130,09:34:02,1766021646026,09:35:04,1766021645892,0.707,0.7063,0.0991,5386.28,0.9048,3.4845,0,0,0.707,1.0,0.706,60940700,0.705,97537800,0.704,96193800,0.703,71721300,0.702,40687700,0.707,78070100,0.708,75512000,0.709,53304400,0.710,29334400,0.711,22245200,134,0,0
sh513130,09:34:05,1766021647019,09:35:06,1766021646426,0.707,0.7063,0.0991,5386.17,0.9048,3.6219,1151500,813090,0.7061,0.993,0.706,63121400,0.705,97904300,0.704,96119000,0.703,72418000,0.702,40705300,0.707,78546100,0.708,75532000,0.709,55193400,0.710,29334400,0.711,22245200,593,0,0
sh513130,09:34:05,1766021648018,09:35:06,1766021646426,0.707,0.7063,0.0991,5386.17,0.9048,3.2228,0,0,0.707,0.999,0.706,63121400,0.705,97904300,0.704,96119000,0.703,72418000,0.702,40705300,0.707,78546100,0.708,75532000,0.709,55193400,0.710,29334400,0.711,22245200,1592,0,0
sh513130,09:34:05,1766021649017,09:35:08,1766021648462,0.707,0.7063,0.0991,5386.48,0.9048,2.585,0,0,0.707,0.998,0.706,63121400,0.705,97904300,0.704,96119000,0.703,72418000,0.702,40705300,0.707,78546100,0.708,75532000,0.709,55193400,0.710,29334400,0.711,22245200,554,0,0
sh513130,09:34:08,1766021650013,09:35:08,1766021648462,0.706,0.7063,-0.0425,5386.48,0.9048,2.6517,786500,556043,0.707,0.997,0.706,41575500,0.705,108251300,0.704,96443300,0.703,79593200,0.702,40768400,0.707,79679500,0.708,75662800,0.709,56097400,0.710,29414400,0.711,22245200,1551,0,0
sh513130,09:34:08,1766021651012,09:35:10,1766021650438,0.706,0.7063,-0.0425,5384.98,0.9048,2.5869,0,0,0.706,0.999,0.706,41575500,0.705,108251300,0.704,96443300,0.703,79593200,0.702,40768400,0.707,79679500,0.708,75662800,0.709,56097400,0.710,29414400,0.711,22245200,574,0,0
sh513130,09:34:08,1766021652015,09:35:10,1766021650438,0.706,0.7063,-0.0425,5384.98,0.9048,1.9511,0,0,0.706,1.003,0.706,41575500,0.705,108251300,0.704,96443300,0.703,79593200,0.702,40768400,0.707,79679500,0.708,75662800,0.709,56097400,0.710,29414400,0.711,22245200,1577,0,0
sh513130,09:34:11,1766021653013,09:35:12,1766021652452,0.707,0.7063,0.0991,5385.23,0.9048,4.0838,514800,363777,0.7066,0.998,0.706,20152200,0.705,108218600,0.704,96631000,0.703,84634800,0.702,41196400,0.707,79975300,0.708,75662800,0.709,56556900,0.710,29415900,0.711,22245200,561,0,0
sh513130,09:34:11,1766021654011,09:35:12,1766021652452,0.707,0.7063,0.0991,5385.23,0.9048,4.4575,0,0,0.707,0.998,0.706,20152200,0.705,108218600,0.704,96631000,0.703,84634800,0.702,41196400,0.707,79975300,0.708,75662800,0.709,56556900,0.710,29415900,0.711,22245200,1559,0,0
sh513130,09:34:11,1766021655006,09:35:14,1766021654763,0.707,0.7063,0.0991,5384.53,0.9048,3.9734,0,0,0.707,0.995,0.706,20152200,0.705,108218600,0.704,96631000,0.703,84634800,0.702,41196400,0.707,79975300,0.708,75662800,0.709,56556900,0.710,29415900,0.711,22245200,243,0,0
sh513130,09:34:14,1766021656001,09:35:14,1766021654763,0.707,0.7063,0.0991,5384.53,0.9048,3.8794,506700,357830,0.7062,0.995,0.706,40659600,0.705,108881100,0.704,96660900,0.703,84721500,0.702,41080600,0.707,84731800,0.708,75862800,0.709,56460900,0.710,29416900,0.711,22246200,1238,0,0
sh513130,09:34:14,1766021657004,09:35:16,1766021656747,0.707,0.7063,0.0991,5384.19,0.9048,4.3908,0,0,0.707,1.003,0.706,40659600,0.705,108881100,0.704,96660900,0.703,84721500,0.702,41080600,0.707,84731800,0.708,75862800,0.709,56460900,0.710,29416900,0.711,22246200,257,0,0
sh513130,09:34:14,1766021658011,09:35:16,1766021656747,0.707,0.7063,0.0991,5384.19,0.9048,2.386,0,0,0.707,1.007,0.706,40659600,0.705,108881100,0.704,96660900,0.703,84721500,0.702,41080600,0.707,84731800,0.708,75862800,0.709,56460900,0.710,29416900,0.711,22246200,1264,0,0
sh513130,09:34:14,1766021658988,09:35:18,1766021658923,0.707,0.7063,0.0991,5382.92,0.9048,2.1146,0,0,0.707,0.977,0.706,40659600,0.705,108881100,0.704,96660900,0.703,84721500,0.702,41080600,0.707,84731800,0.708,75862800,0.709,56460900,0.710,29416900,0.711,22246200,64,0,0
sh513130,09:34:17,1766021659982,09:35:18,1766021658923,0.706,0.7063,-0.0425,5382.92,0.9048,0.6995,14355300,10134938,0.706,0.994,0.705,112956600,0.704,96694300,0.703,85140700,0.702,41139300,0.701,36934200,0.706,93069500,0.707,85079800,0.708,55354700,0.709,42071700,0.710,29406900,1058,0,0
sh513130,09:34:17,1766021660986,09:35:20,1766021660439,0.706,0.7063,-0.0425,5381.74,0.9048,0.6856,0,0,0.706,1.004,0.705,112956600,0.704,96694300,0.703,85140700,0.702,41139300,0.701,36934200,0.706,93069500,0.707,85079800,0.708,55354700,0.709,42071700,0.710,29406900,546,0,0
sh513130,09:34:20,1766021661988,09:35:20,1766021661103,0.706,0.7063,-0.0425,5381.74,0.9048,0.8749,2786000,1966913,0.706,1.002,0.705,103356100,0.704,97837700,0.703,88109700,0.702,48615700,0.701,36951200,0.706,92048600,0.707,84952700,0.708,55454700,0.709,31671700,0.710,29377100,884,0,0
sh513130,09:34:20,1766021662985,09:35:22,1766021662429,0.706,0.7063,-0.0425,5380.63,0.9048,0.8575,0,0,0.706,0.997,0.705,103356100,0.704,97837700,0.703,88109700,0.702,48615700,0.701,36951200,0.706,92048600,0.707,84952700,0.708,55454700,0.709,31671700,0.710,29377100,555,0,0
sh513130,09:34:20,1766021663986,09:35:22,1766021663275,0.706,0.7063,-0.0425,5380.63,0.9048,3.3305,0,0,0.706,1.001,0.705,103356100,0.704,97837700,0.703,88109700,0.702,48615700,0.701,36951200,0.706,92048600,0.707,84952700,0.708,55454700,0.709,31671700,0.710,29377100,710,0,0
sh513130,09:34:23,1766021664995,09:35:24,1766021664497,0.706,0.7063,-0.0425,5380.81,0.9048,2.6363,2317000,1635802,0.706,1.01,0.705,109239400,0.704,98702300,0.703,71497200,0.702,43363700,0.701,37021200,0.706,65790800,0.707,84998400,0.708,55430700,0.709,46701700,0.710,28721200,498,0,0
sh513130,09:34:23,1766021665981,09:35:24,1766021665438,0.706,0.7063,-0.0425,5380.81,0.9048,2.1915,0,0,0.706,0.986,0.705,109239400,0.704,98702300,0.703,71497200,0.702,43363700,0.701,37021200,0.706,65790800,0.707,84998400,0.708,55430700,0.709,46701700,0.710,28721200,543,0,0
sh513130,09:34:23,1766021666987,09:35:26,1766021666443,0.706,0.7063,-0.0425,5381.2,0.9048,2.9781,0,0,0.706,1.006,0.705,109239400,0.704,98702300,0.703,71497200,0.702,43363700,0.701,37021200,0.706,65790800,0.707,84998400,0.708,55430700,0.709,46701700,0.710,28721200,543,0,0
sh513130,09:34:26,1766021667987,09:35:26,1766021667605,0.706,0.7056,0.0567,5381.2,0.9048,3.6441,1558300,1099952,0.7059,1.001,0.705,104067000,0.704,99673400,0.703,71500200,0.702,48756700,0.701,37021200,0.706,81032100,0.707,84786200,0.708,55347700,0.709,31794400,0.710,28721300,381,0,0
sh513130,09:34:26,1766021668983,09:35:28,1766021668425,0.706,0.7056,0.0567,5380.47,0.9048,3.855,0,0,0.706,0.995,0.705,104067000,0.704,99673400,0.703,71500200,0.702,48756700,0.701,37021200,0.706,81032100,0.707,84786200,0.708,55347700,0.709,31794400,0.710,28721300,558,0,0
sh513130,09:34:26,1766021669983,09:35:28,1766021669766,0.706,0.7056,0.0567,5380.47,0.9048,3.7872,0,0,0.706,1.0,0.705,104067000,0.704,99673400,0.703,71500200,0.702,48756700,0.701,37021200,0.706,81032100,0.707,84786200,0.708,55347700,0.709,31794400,0.710,28721300,216,0,0
sh513130,09:34:29,1766021670983,09:35:30,1766021670459,0.706,0.7056,0.0567,5380.61,0.9048,3.948,598800,422737,0.706,1.0,0.705,105970400,0.704,100686500,0.703,71626300,0.702,48756700,0.701,37021400,0.706,83686300,0.707,84790700,0.708,55645400,0.709,30294400,0.710,28721300,524,0,0
sh513130,09:34:29,1766021671986,09:35:30,1766021671932,0.706,0.7056,0.0567,5380.61,0.9048,3.411,0,0,0.706,1.003,0.705,105970400,0.704,100686500,0.703,71626300,0.702,48756700,0.701,37021400,0.706,83686300,0.707,84790700,0.708,55645400,0.709,30294400,0.710,28721300,53,0,0
sh513130,09:34:29,1766021672980,09:35:32,1766021672425,0.706,0.7056,0.0567,5381.87,0.9048,5.596,0,0,0.706,0.994,0.705,105970400,0.704,100686500,0.703,71626300,0.702,48756700,0.701,37021400,0.706,83686300,0.707,84790700,0.708,55645400,0.709,30294400,0.710,28721300,554,0,0
sh513130,09:34:32,1766021673980,09:35:32,1766021672425,0.706,0.7056,0.0567,5381.87,0.9048,5.6082,505700,356950,0.7059,1.0,0.705,111822200,0.704,101755800,0.703,71627300,0.702,43383700,0.701,37021900,0.706,50635100,0.707,93648700,0.708,55672500,0.709,46794400,0.710,29398500,1555,0,0
sh513130,09:34:32,1766021674976,09:35:34,1766021674426,0.706,0.7056,0.0567,5381.01,0.9048,4.8903,0,0,0.706,0.996,0.705,111822200,0.704,101755800,0.703,71627300,0.702,43383700,0.701,37021900,0.706,50635100,0.707,93648700,0.708,55672500,0.709,46794400,0.710,29398500,550,0,0
sh513130,09:34:32,1766021675968,09:35:34,1766021674426,0.706,0.7056,0.0567,5381.01,0.9048,4.3025,0,0,0.706,0.991,0.705,111822200,0.704,101755800,0.703,71627300,0.702,43383700,0.701,37021900,0.706,50635100,0.707,93648700,0.708,55672500,0.709,46794400,0.710,29398500,1541,0,0
sh513130,09:34:35,1766021676967,09:35:36,1766021676440,0.705,0.7056,-0.085,5381.41,0.9048,3.7354,1155200,814824,0.7054,0.999,0.705,111281500,0.704,102000300,0.703,71722000,0.702,43362500,0.701,37041900,0.706,47288900,0.707,93858200,0.708,55763400,0.709,46809400,0.710,29398500,526,0,0
sh513130,09:34:35,1766021677964,09:35:36,1766021676440,0.705,0.7056,-0.085,5381.41,0.9048,3.6687,0,0,0.705,0.997,0.705,111281500,0.704,102000300,0.703,71722000,0.702,43362500,0.701,37041900,0.706,47288900,0.707,93858200,0.708,55763400,0.709,46809400,0.710,29398500,1523,0,0
sh513130,09:34:35,1766021678974,09:35:38,1766021678441,0.705,0.7056,-0.085,5380.29,0.9048,5.0592,0,0,0.705,1.01,0.705,111281500,0.704,102000300,0.703,71722000,0.702,43362500,0.701,37041900,0.706,47288900,0.707,93858200,0.708,55763400,0.709,46809400,0.710,29398500,533,0,0
sh513130,09:34:38,1766021679981,09:35:38,1766021678441,0.706,0.7056,0.0567,5380.29,0.9048,4.9758,512200,361501,0.7058,1.007,0.705,112288500,0.704,102002200,0.703,71757000,0.702,42358600,0.701,37103400,0.706,62580900,0.707,86104800,0.708,55804000,0.709,32703500,0.710,29398500,1539,0,0
sh513130,09:34:38,1766021680951,09:35:40,1766021680612,0.706,0.7056,0.0567,5380.29,0.9048,4.6888,0,0,0.706,0.971,0.705,112288500,0.704,102002200,0.703,71757000,0.702,42358600,0.701,37103400,0.706,62580900,0.707,86104800,0.708,55804000,0.709,32703500,0.710,29398500,339,0,0
sh513130,09:34:38,1766021681950,09:35:40,1766021680612,0.706,0.7056,0.0567,5380.29,0.9048,4.635,0,0,0.706,0.999,0.705,112288500,0.704,102002200,0.703,71757000,0.702,42358600,0.701,37103400,0.706,62580900,0.707,86104800,0.708,55804000,0.709,32703500,0.710,29398500,1337,0,0
sh513130,09:34:41,1766021682955,09:35:42,1766021682787,0.705,0.7056,-0.085,5379.22,0.9048,4.6411,286100,201902,0.7057,1.005,0.705,107002400,0.704,102102800,0.703,71814000,0.702,48870700,0.701,37207800,0.706,68760500,0.707,85874000,0.708,55851200,0.709,31084900,0.710,29274100,168,0,0
sh513130,09:34:41,1766021683949,09:35:42,1766021682787,0.705,0.7056,-0.085,5379.22,0.9048,4.4352,0,0,0.705,0.994,0.705,107002400,0.704,102102800,0.703,71814000,0.702,48870700,0.701,37207800,0.706,68760500,0.707,85874000,0.708,55851200,0.709,31084900,0.710,29274100,1162,0,0
sh513130,09:34:41,1766021684948,09:35:44,1766021684415,0.705,0.7056,-0.085,5379.53,0.9048,4.548,0,0,0.705,0.999,0.705,107002400,0.704,102102800,0.703,71814000,0.702,48870700,0.701,37207800,0.706,68760500,0.707,85874000,0.708,55851200,0.709,31084900,0.710,29274100,533,0,0
sh513130,09:34:44,1766021685939,09:35:44,1766021684960,0.706,0.7056,0.0567,5379.53,0.9048,4.8268,381700,269386,0.7058,0.991,0.705,98975400,0.704,102953500,0.703,72375000,0.702,48989000,0.701,37737700,0.706,72906900,0.707,86526200,0.708,54861200,0.709,27190800,0.710,29284000,979,0,0
sh513130,09:34:44,1766021686936,09:35:46,1766021686428,0.706,0.7056,0.0567,5379.06,0.9048,4.454,0,0,0.706,0.998,0.705,98975400,0.704,102953500,0.703,72375000,0.702,48989000,0.701,37737700,0.706,72906900,0.707,86526200,0.708,54861200,0.709,27190800,0.710,29284000,508,0,0
sh513130,09:34:44,1766021687934,09:35:46,1766021687131,0.706,0.7056,0.0567,5379.06,0.9048,4.6788,0,0,0.706,0.998,0.705,98975400,0.704,102953500,0.703,72375000,0.702,48989000,0.701,37737700,0.706,72906900,0.707,86526200,0.708,54861200,0.709,27190800,0.710,29284000,803,0,0
sh513130,09:34:47,1766021688939,09:35:48,1766021688439,0.706,0.7056,0.0567,5378.61,0.9048,3.9251,493500,348013,0.7052,1.005,0.705,106852400,0.704,103011600,0.703,72664000,0.702,49221300,0.701,37736800,0.706,71021700,0.707,87337000,0.708,54861200,0.709,30220800,0.710,29265900,500,0,0
sh513130,09:34:47,1766021689933,09:35:48,1766021689310,0.706,0.7056,0.0567,5378.61,0.9048,6.7841,0,0,0.706,0.994,0.705,106852400,0.704,103011600,0.703,72664000,0.702,49221300,0.701,37736800,0.706,71021700,0.707,87337000,0.708,54861200,0.709,30220800,0.710,29265900,622,0,0
sh513130,09:34:50,1766021690922,09:35:50,1766021690518,0.706,0.7056,0.0567,5378.49,0.9048,5.781,1288300,909476,0.706,0.989,0.705,115882700,0.704,103290400,0.703,72996900,0.702,41921500,0.701,37768800,0.706,64488800,0.707,78233600,0.708,54861200,0.709,46720800,0.710,29286100,404,0,0
sh513130,09:34:50,1766021691924,09:35:50,1766021691478,0.706,0.7056,0.0567,5378.49,0.9048,5.6937,0,0,0.706,1.002,0.705,115882700,0.704,103290400,0.703,72996900,0.702,41921500,0.701,37768800,0.706,64488800,0.707,78233600,0.708,54861200,0.709,46720800,0.710,29286100,445,0,0
sh513130,09:34:50,1766021692920,09:35:52,1766021692452,0.706,0.7056,0.0567,5378.53,0.9048,4.805,0,0,0.706,0.996,0.705,115882700,0.704,103290400,0.703,72996900,0.702,41921500,0.701,37768800,0.706,64488800,0.707,78233600,0.708,54861200,0.709,46720800,0.710,29286100,468,0,0
sh513130,09:34:50,1766021693925,09:35:52,1766021693654,0.706,0.7056,0.0567,5378.53,0.9048,4.204,0,0,0.706,1.005,0.705,115882700,0.704,103290400,0.703,72996900,0.702,41921500,0.701,37768800,0.706,64488800,0.707,78233600,0.708,54861200,0.709,46720800,0.710,29286100,270,0,0
sh513130,09:34:53,1766021694926,09:35:54,1766021694456,0.706,0.7056,0.0567,5377.3,0.9048,2.3001,1107100,780840,0.7053,1.001,0.705,109506000,0.704,103368900,0.703,73038900,0.702,49690300,0.701,38083000,0.706,82375500,0.707,75117300,0.708,54861200,0.709,31242300,0.710,29786100,469,0,0
sh513130,09:34:53,1766021695932,09:35:54,1766021695823,0.706,0.7056,0.0567,5377.3,0.9048,3.7101,0,0,0.706,1.006,0.705,109506000,0.704,103368900,0.703,73038900,0.702,49690300,0.701,38083000,0.706,82375500,0.707,75117300,0.708,54861200,0.709,31242300,0.710,29786100,108,0,0
sh513130,09:34:53,1766021696931,09:35:56,1766021696446,0.706,0.7056,0.0567,5377.15,0.9048,3.7037,0,0,0.706,0.999,0.705,109506000,0.704,103368900,0.703,73038900,0.702,49690300,0.701,38083000,0.706,82375500,0.707,75117300,0.708,54861200,0.709,31242300,0.710,29786100,484,0,0
sh513130,09:34:53,1766021697936,09:35:56,1766021696446,0.706,0.7056,0.0567,5377.15,0.9048,4.8942,0,0,0.706,1.005,0.705,109506000,0.704,103368900,0.703,73038900,0.702,49690300,0.701,38083000,0.706,82375500,0.707,75117300,0.708,54861200,0.709,31242300,0.710,29786100,1490,0,0
sh513130,09:34:56,1766021698942,09:35:58,1766021698439,0.706,0.7056,0.0567,5377.63,0.9048,4.8696,1807000,1275586,0.7059,1.006,0.705,93610100,0.704,112064400,0.703,73248600,0.702,56926800,0.701,38182500,0.706,83722900,0.707,76652800,0.708,53871200,0.709,27348200,0.710,29713400,503,0,0
sh513130,09:34:56,1766021699939,09:35:58,1766021698439,0.706,0.7056,0.0567,5377.63,0.9048,4.0597,0,0,0.706,0.998,0.705,93610100,0.704,112064400,0.703,73248600,0.702,56926800,0.701,38182500,0.706,83722900,0.707,76652800,0.708,53871200,0.709,27348200,0.710,29713400,1500,0,0
sh513130,09:34:59,1766021700937,09:36:00,1766021700451,0.705,0.7056,-0.085,5376.8,0.9048,6.7071,1793400,1265648,0.7057,0.998,0.705,89499000,0.704,112259400,0.703,73618000,0.702,57131400,0.701,38192500,0.706,84371700,0.707,77659200,0.708,54021200,0.709,26909600,0.710,29663900,486,0,0
sh513130,09:34:59,1766021701932,09:36:00,1766021700451,0.705,0.7056,-0.085,5376.8,0.9048,8.0378,0,0,0.705,0.995,0.705,89499000,0.704,112259400,0.703,73618000,0.702,57131400,0.701,38192500,0.706,84371700,0.707,77659200,0.708,54021200,0.709,26909600,0.710,29663900,1481,0,0
sh513130,09:34:59,1766021702934,09:36:02,1766021702434,0.705,0.7056,-0.085,5375.8,0.9048,6.7203,0,0,0.705,1.002,0.705,89499000,0.704,112259400,0.703,73618000,0.702,57131400,0.701,38192500,0.706,84371700,0.707,77659200,0.708,54021200,0.709,26909600,0.710,29663900,500,0,0
sh513130,09:35:02,1766021703937,09:36:02,1766021703319,0.706,0.7056,0.0567,5375.8,0.9048,5.9996,751500,530431,0.7058,1.002,0.705,91545400,0.704,113337300,0.703,73814100,0.702,57205700,0.701,38192800,0.706,86669500,0.707,79358300,0.708,53071500,0.709,26909600,0.710,29673900,617,0,0
sh513130,09:35:02,1766021704942,09:36:04,1766021704500,0.706,0.7056,0.0567,5376.11,0.9048,5.5687,0,0,0.706,1.005,0.705,91545400,0.704,113337300,0.703,73814100,0.702,57205700,0.701,38192800,0.706,86669500,0.707,79358300,0.708,53071500,0.709,26909600,0.710,29673900,441,0,0
sh513130,09:35:05,1766021705938,09:36:04,1766021704500,0.706,0.7056,0.0567,5376.11,0.9048,4.3851,1226500,865825,0.7059,0.996,0.705,83812000,0.704,113337800,0.703,73848000,0.702,57257700,0.701,38244900,0.706,95720500,0.707,91726300,0.708,53075100,0.709,33700100,0.710,26721200,1437,0,0
sh513130,09:35:05,1766021706936,09:36:06,1766021706673,0.706,0.7056,0.0567,5375.65,0.9048,3.8931,0,0,0.706,0.999,0.705,83812000,0.704,113337800,0.703,73848000,0.702,57257700,0.701,38244900,0.706,95720500,0.707,91726300,0.708,53075100,0.709,33700100,0.710,26721200,263,0,0
sh513130,09:35:05,1766021707934,09:36:06,1766021706673,0.706,0.7056,0.0567,5375.65,0.9048,3.2745,0,0,0.706,0.998,0.705,83812000,0.704,113337800,0.703,73848000,0.702,57257700,0.701,38244900,0.706,95720500,0.707,91726300,0.708,53075100,0.709,33700100,0.710,26721200,1261,0,0
sh513130,09:35:05,1766021708936,09:36:08,1766021708838,0.706,0.7056,0.0567,5375.59,0.9048,4.286,0,0,0.706,1.002,0.705,83812000,0.704,113337800,0.703,73848000,0.702,57257700,0.701,38244900,0.706,95720500,0.707,91726300,0.708,53075100,0.709,33700100,0.710,26721200,96,0,0
sh513130,09:35:05,1766021709936,09:36:08,1766021708838,0.706,0.7056,0.0567,5375.59,0.9048,4.1966,0,0,0.706,1.0,0.705,83812000,0.704,113337800,0.703,73848000,0.702,57257700,0.701,38244900,0.706,95720500,0.707,91726300,0.708,53075100,0.709,33700100,0.710,26721200,1096,0,0
sh513130,09:35:08,1766021710949,09:36:10,1766021710461,0.705,0.7056,-0.085,5374.87,0.9048,3.6395,16907300,11920749,0.7051,1.014,0.705,56433800,0.704,123703000,0.703,93799700,0.702,62413500,0.701,38243300,0.706,96512200,0.707,91562400,0.708,53118500,0.709,34627000,0.710,26721200,488,0,0
sh513130,09:35:11,1766021711955,09:36:10,1766021711014,0.706,0.7056,0.0567,5374.87,0.9048,2.5476,9506900,6702439,0.705,1.006,0.705,53639500,0.704,123791400,0.703,94945400,0.702,62462100,0.701,38659600,0.706,94513200,0.707,90700200,0.708,53082400,0.709,34680000,0.710,26726200,940,0,0
sh513130,09:35:08,1766021712956,09:36:12,1766021712453,0.705,0.7056,-0.085,5375.38,0.9048,2.7359,0,0,0.705,1.0,0.705,56433800,0.704,123703000,0.703,93799700,0.702,62413500,0.701,38243300,0.706,96512200,0.707,91562400,0.708,53118500,0.709,34627000,0.710,26721200,502,0,1
sh513130,09:35:11,1766021713960,09:36:12,1766021713193,0.706,0.7056,0.0567,5375.38,0.9048,2.5999,9506900,6702439,0.705,1.004,0.705,53639500,0.704,123791400,0.703,94945400,0.702,62462100,0.701,38659600,0.706,94513200,0.707,90700200,0.708,53082400,0.709,34680000,0.710,26726200,765,0,0
sh513130,09:35:11,1766021714956,09:36:14,1766021714455,0.706,0.7056,0.0567,5373.85,0.9048,3.6697,0,0,0.706,0.996,0.705,53639500,0.704,123791400,0.703,94945400,0.702,62462100,0.701,38659600,0.706,94513200,0.707,90700200,0.708,53082400,0.709,34680000,0.710,26726200,501,0,0
sh513130,09:35:11,1766021715963,09:36:14,1766021715370,0.706,0.7056,0.0567,5373.85,0.9048,3.613,0,0,0.706,1.008,0.705,53639500,0.704,123791400,0.703,94945400,0.702,62462100,0.701,38659600,0.706,94513200,0.707,90700200,0.708,53082400,0.709,34680000,0.710,26726200,593,0,0
sh513130,09:35:14,1766021716961,09:36:16,1766021716446,0.705,0.7056,-0.085,5373.42,0.9048,3.8552,2823100,1991598,0.7055,0.997,0.705,48413500,0.704,121905400,0.703,96124400,0.702,62464100,0.701,38984700,0.706,94724200,0.707,90596500,0.708,53221600,0.709,34645000,0.710,26726200,514,0,0
sh513130,09:35:17,1766021717955,09:36:16,1766021717544,0.705,0.7056,-0.085,5373.42,0.9048,3.7296,26423100,18628322,0.705,0.994,0.705,21079900,0.704,122198800,0.703,96906600,0.702,65512100,0.701,38984400,0.706,94006800,0.707,90476200,0.708,53221100,0.709,34700500,0.710,26429000,410,0,0
sh513130,09:35:14,1766021718961,09:36:18,1766021718418,0.705,0.7056,-0.085,5373.46,0.9048,5.2762,0,0,0.705,1.006,0.705,48413500,0.704,121905400,0.703,96124400,0.702,62464100,0.701,38984700,0.706,94724200,0.707,90596500,0.708,53221600,0.709,34645000,0.710,26726200,542,0,1
sh513130,09:35:17,1766021719956,09:36:18,1766021719720,0.705,0.7056,-0.085,5373.46,0.9048,4.9957,26423100,18628322,0.705,0.995,0.705,21079900,0.704,122198800,0.703,96906600,0.702,65512100,0.701,38984400,0.706,94006800,0.707,90476200,0.708,53221100,0.709,34700500,0.710,26429000,236,0,0
sh513130,09:35:17,1766021720955,09:36:20,1766021720451,0.705,0.7056,-0.085,5373.85,0.9048,4.523,0,0,0.705,0.999,0.705,21079900,0.704,122198800,0.703,96906600,0.702,65512100,0.701,38984400,0.706,94006800,0.707,90476200,0.708,53221100,0.709,34700500,0.710,26429000,503,0,0
sh513130,09:35:20,1766021721954,09:36:20,1766021721894,0.705,0.7056,-0.085,5373.85,0.9048,4.8013,1602500,1129858,0.7051,0.999,0.705,24339200,0.704,122453300,0.703,97823500,0.702,65754600,0.701,39020400,0.706,91746900,0.707,90477200,0.708,53162100,0.709,34699500,0.710,26434000,60,0,0
sh513130,09:35:20,1766021722966,09:36:22,1766021722431,0.705,0.7056,-0.085,5373.21,0.9048,4.0421,0,0,0.705,1.012,0.705,24339200,0.704,122453300,0.703,97823500,0.702,65754600,0.701,39020400,0.706,91746900,0.707,90477200,0.708,53162100,0.709,34699500,0.710,26434000,535,0,0
sh513130,09:35:20,1766021723960,09:36:22,1766021722431,0.705,0.7056,-0.085,5373.21,0.9048,3.5583,0,0,0.705,0.994,0.705,24339200,0.704,122453300,0.703,97823500,0.702,65754600,0.701,39020400,0.706,91746900,0.707,90477200,0.708,53162100,0.709,34699500,0.710,26434000,1529,0,0
sh513130,09:35:23,1766021724961,09:36:24,1766021724478,0.705,0.7049,0.0142,5373.28,0.9048,3.0642,22642800,15963257,0.705,1.001,0.704,127222200,0.703,101027500,0.702,63924300,0.701,39122200,0.700,41451000,0.705,54812000,0.706,80307300,0.707,74797800,0.708,40990700,0.709,24991900,482,0,0
sh513130,09:35:23,1766021725960,09:36:24,1766021724478,0.705,0.7049,0.0142,5373.28,0.9048,2.1524,0,0,0.705,0.999,0.704,127222200,0.703,101027500,0.702,63924300,0.701,39122200,0.700,41451000,0.705,54812000,0.706,80307300,0.707,74797800,0.708,40990700,0.709,24991900,1481,0,0
sh513130,09:35:23,1766021726956,09:36:26,1766021726436,0.705,0.7049,0.0142,5373.65,0.9048,5.9148,0,0,0.705,0.996,0.704,127222200,0.703,101027500,0.702,63924300,0.701,39122200,0.700,41451000,0.705,54812000,0.706,80307300,0.707,74797800,0.708,40990700,0.709,24991900,519,0,0
sh513130,09:35:26,1766021727964,09:36:26,1766021726436,0.705,0.7049,0.0142,5373.65,0.9048,5.3696,6782600,4781666,0.705,1.008,0.704,127566800,0.703,101107900,0.702,64137800,0.701,39026500,0.700,41479300,0.705,47362000,0.706,81275700,0.707,74701900,0.708,39720700,0.709,24941900,1527,0,0
sh513130,09:35:26,1766021728955,09:36:28,1766021728451,0.705,0.7049,0.0142,5373.23,0.9048,4.4401,0,0,0.705,0.991,0.704,127566800,0.703,101107900,0.702,64137800,0.701,39026500,0.700,41479300,0.705,47362000,0.706,81275700,0.707,74701900,0.708,39720700,0.709,24941900,503,0,0
sh513130,09:35:26,1766021729967,09:36:28,1766021728451,0.705,0.7049,0.0142,5373.23,0.9048,3.7882,0,0,0.705,1.013,0.704,127566800,0.703,101107900,0.702,64137800,0.701,39026500,0.700,41479300,0.705,47362000,0.706,81275700,0.707,74701900,0.708,39720700,0.709,24941900,1516,0,0
sh513130,09:35:29,1766021730965,09:36:30,1766021730619,0.705,0.7049,0.0142,5372.24,0.9048,3.4974,708600,499534,0.705,0.997,0.704,126899800,0.703,101236400,0.702,65233300,0.701,39129300,0.700,41573500,0.705,38782600,0.706,80599200,0.707,74751900,0.708,39700700,0.709,30880200,345,0,0
sh513130,09:35:29,1766021731963,09:36:30,1766021730619,0.705,0.7049,0.0142,5372.24,0.9048,3.0363,0,0,0.705,0.999,0.704,126899800,0.703,101236400,0.702,65233300,0.701,39129300,0.700,41573500,0.705,38782600,0.706,80599200,0.707,74751900,0.708,39700700,0.709,30880200,1344,0,0
sh513130,09:35:29,1766021732959,09:36:32,1766021732790,0.705,0.7049,0.0142,5372.91,0.9048,2.8061,0,0,0.705,0.995,0.704,126899800,0.703,101236400,0.702,65233300,0.701,39129300,0.700,41573500,0.705,38782600,0.706,80599200,0.707,74751900,0.708,39700700,0.709,30880200,168,0,0
sh513130,09:35:29,1766021733955,09:36:32,1766021732790,0.705,0.7049,0.0142,5372.91,0.9048,4.657,0,0,0.705,0.996,0.704,126899800,0.703,101236400,0.702,65233300,0.701,39129300,0.700,41573500,0.705,38782600,0.706,80599200,0.707,74751900,0.708,39700700,0.709,30880200,1165,0,0
sh513130,09:35:32,1766021734955,09:36:34,1766021734951,0.705,0.7049,0.0142,5371.78,0.9048,5.6156,1230800,867609,0.7049,1.0,0.704,128276000,0.703,101241000,0.702,65268500,0.701,39136300,0.700,41604500,0.705,40397900,0.706,79089200,0.707,73307600,0.708,45401500,0.709,25035400,2,0,0
sh513130,09:35:35,1766021735957,09:36:34,1766021734951,0.705,0.7049,0.0142,5371.78,0.9048,4.6265,478900,337592,0.7049,1.003,0.704,128982000,0.703,101281800,0.702,66302000,0.701,39430900,0.700,41609000,0.705,34581500,0.706,80941400,0.707,73313000,0.708,48000200,0.709,25085400,1005,0,0
sh513130,09:35:35,1766021736956,09:36:36,1766021736454,0.705,0.7049,0.0142,5372.43,0.9048,3.7018,0,0,0.705,0.999,0.704,128982000,0.703,101281800,0.702,66302000,0.701,39430900,0.700,41609000,0.705,34581500,0.706,80941400,0.707,73313000,0.708,48000200,0.709,25085400,501,0,0
sh513130,09:35:35,1766021737965,09:36:36,1766021737120,0.705,0.7049,0.0142,5372.43,0.9048,3.0611,0,0,0.705,1.009,0.704,128982000,0.703,101281800,0.702,66302000,0.701,39430900,0.700,41609000,0.705,34581500,0.706,80941400,0.707,73313000,0.708,48000200,0.709,25085400,844,0,0
sh513130,09:35:35,1766021738957,09:36:38,1766021738456,0.705,0.7049,0.0142,5373.99,0.9048,3.7303,0,0,0.705,0.992,0.704,128982000,0.703,101281800,0.702,66302000,0.701,39430900,0.700,41609000,0.705,34581500,0.706,80941400,0.707,73313000,0.708,48000200,0.709,25085400,501,0,0
sh513130,09:35:38,1766021739951,09:36:38,1766021739294,0.705,0.7049,0.0142,5373.99,0.9048,3.2514,10095300,7117153,0.705,0.993,0.705,27531700,0.704,130457600,0.703,100460300,0.702,66677800,0.701,39424900,0.706,88663600,0.707,74366100,0.708,50392500,0.709,25089500,0.710,26645100,656,0,0
sh513130,09:35:38,1766021740949,09:36:40,1766021740427,0.705,0.7049,0.0142,5373.45,0.9048,3.8522,0,0,0.705,0.998,0.705,27531700,0.704,130457600,0.703,100460300,0.702,66677800,0.701,39424900,0.706,88663600,0.707,74366100,0.708,50392500,0.709,25089500,0.710,26645100,521,0,0
sh513130,09:35:38,1766021741942,09:36:40,1766021741471,0.705,0.7049,0.0142,5373.45,0.9048,3.3543,0,0,0.705,0.994,0.705,27531700,0.704,130457600,0.703,100460300,0.702,66677800,0.701,39424900,0.706,88663600,0.707,74366100,0.708,50392500,0.709,25089500,0.710,26645100,471,0,0
sh513130,09:35:41,1766021742937,09:36:42,1766021742429,0.705,0.7049,0.0142,5372.37,0.9048,3.6395,659800,465163,0.705,0.995,0.705,7272100,0.704,132595200,0.703,101227200,0.702,65468900,0.701,39981700,0.706,86106900,0.707,73960300,0.708,52757700,0.709,25588100,0.710,26626900,508,0,0
sh513130,09:35:41,1766021743942,09:36:42,1766021743655,0.705,0.7049,0.0142,5372.37,0.9048,3.0531,0,0,0.705,1.004,0.705,7272100,0.704,132595200,0.703,101227200,0.702,65468900,0.701,39981700,0.706,86106900,0.707,73960300,0.708,52757700,0.709,25588100,0.710,26626900,286,0,0
sh513130,09:35:41,1766021744934,09:36:44,1766021744421,0.705,0.7049,0.0142,5371.98,0.9048,2.4006,0,0,0.705,0.992,0.705,7272100,0.704,132595200,0.703,101227200,0.702,65468900,0.701,39981700,0.706,86106900,0.707,73960300,0.708,52757700,0.709,25588100,0.710,26626900,513,0,0
sh513130,09:35:44,1766021745935,09:36:44,1766021745834,0.705,0.7049,0.0142,5371.98,0.9048,4.0715,3850400,2714532,0.705,1.001,0.704,132455900,0.703,102369600,0.702,65931900,0.701,39981700,0.700,42008000,0.705,54081000,0.706,81861100,0.707,74396600,0.708,21598200,0.709,25573100,100,0,0
sh513130,09:35:44,1766021746936,09:36:46,1766021746454,0.705,0.7049,0.0142,5371.39,0.9048,4.8437,0,0,0.705,1.002,0.704,132455900,0.703,102369600,0.702,65931900,0.701,39981700,0.700,42008000,0.705,54081000,0.706,81861100,0.707,74396600,0.708,21598200,0.709,25573100,482,0,0
sh513130,09:35:44,1766021747934,09:36:46,1766021746454,0.705,0.7049,0.0142,5371.39,0.9048,4.4422,0,0,0.705,0.998,0.704,132455900,0.703,102369600,0.702,65931900,0.701,39981700,0.700,42008000,0.705,54081000,0.706,81861100,0.707,74396600,0.708,21598200,0.709,25573100,1479,0,0
sh513130,09:35:47,1766021748936,09:36:48,1766021748446,0.705,0.7049,0.0142,5371.65,0.9048,4.3918,1774100,1250675,0.705,1.002,0.704,131422200,0.703,102629700,0.702,67132400,0.701,40844700,0.700,42461400,0.705,68392200,0.706,74490500,0.707,74429000,0.708,16202200,0.709,25573100,489,0,0
sh513130,09:35:47,1766021749937,09:36:48,1766021748446,0.705,0.7049,0.0142,5371.65,0.9048,4.8152,0,0,0.705,1.002,0.704,131422200,0.703,102629700,0.702,67132400,0.701,40844700,0.700,42461400,0.705,68392200,0.706,74490500,0.707,74429000,0.708,16202200,0.709,25573100,1491,0,0
sh513130,09:35:47,1766021750944,09:36:50,1766021750436,0.705,0.7049,0.0142,5369.95,0.9048,4.6164,0,0,0.705,1.007,0.704,131422200,0.703,102629700,0.702,67132400,0.701,40844700,0.700,42461400,0.705,68392200,0.706,74490500,0.707,74429000,0.708,16202200,0.709,25573100,508,0,0
sh513130,09:35:50,1766021751938,09:36:50,1766021750436,0.705,0.7049,0.0142,5369.95,0.9048,4.2744,370300,261061,0.705,0.995,0.704,130603600,0.703,100791100,0.702,68209800,0.701,40889800,0.700,43680900,0.705,69970700,0.706,75797900,0.707,74143900,0.708,18940500,0.709,25563100,1502,0,0
sh513130,09:35:50,1766021752945,09:36:52,1766021752460,0.705,0.7049,0.0142,5370.15,0.9048,3.582,0,0,0.705,1.006,0.704,130603600,0.703,100791100,0.702,68209800,0.701,40889800,0.700,43680900,0.705,69970700,0.706,75797900,0.707,74143900,0.708,18940500,0.709,25563100,484,0,0
sh513130,09:35:50,1766021753937,09:36:52,1766021752460,0.705,0.7049,0.0142,5370.15,0.9048,3.5165,0,0,0.705,0.993,0.704,130603600,0.703,100791100,0.702,68209800,0.701,40889800,0.700,43680900,0.705,69970700,0.706,75797900,0.707,74143900,0.708,18940500,0.709,25563100,1477,0,0
sh513130,09:35:53,1766021754943,09:36:54,1766021754523,0.705,0.7049,0.0142,5369.08,0.9048,4.036,1482200,1043682,0.7041,1.005,0.704,122945300,0.703,100926400,0.702,68267800,0.701,48711400,0.700,43735600,0.705,73823200,0.706,76742200,0.707,74253900,0.708,18940500,0.709,25763100,420,0,0
sh513130,09:35:53,1766021755944,09:36:54,1766021754523,0.705,0.7049,0.0142,5369.08,0.9048,4.8808,0,0,0.705,1.002,0.704,122945300,0.703,100926400,0.702,68267800,0.701,48711400,0.700,43735600,0.705,73823200,0.706,76742200,0.707,74253900,0.708,18940500,0.709,25763100,1421,0,0
sh513130,09:35:56,1766021756945,09:36:56,1766021756695,0.705,0.7049,0.0142,5369.54,0.9048,4.3592,788300,555574,0.7048,1.001,0.704,122215100,0.703,100954700,0.702,69303300,0.701,48780200,0.700,44682900,0.705,74889000,0.706,77815000,0.707,73353900,0.708,19033800,0.709,25763100,250,0,0
sh513130,09:35:56,1766021757943,09:36:56,1766021756695,0.705,0.7049,0.0142,5369.54,0.9048,3.4714,0,0,0.705,0.998,0.704,122215100,0.703,100954700,0.702,69303300,0.701,48780200,0.700,44682900,0.705,74889000,0.706,77815000,0.707,73353900,0.708,19033800,0.709,25763100,1248,0,0
sh513130,09:35:56,1766021758949,09:36:58,1766021758873,0.705,0.7049,0.0142,5368.77,0.9048,3.0288,0,0,0.705,1.006,0.704,122215100,0.703,100954700,0.702,69303300,0.701,48780200,0.700,44682900,0.705,74889000,0.706,77815000,0.707,73353900,0.708,19033800,0.709,25763100,76,0,0
sh513130,09:35:56,1766021759947,09:36:58,1766021758873,0.705,0.7049,0.0142,5368.77,0.9048,2.6858,0,0,0.705,0.998,0.704,122215100,0.703,100954700,0.702,69303300,0.701,48780200,0.700,44682900,0.705,74889000,0.706,77815000,0.707,73353900,0.708,19033800,0.709,25763100,1074,0,0
sh513130,09:35:56,1766021760951,09:37:00,1766021760416,0.705,0.7049,0.0142,5370.06,0.9048,4.2805,0,0,0.705,1.003,0.704,122215100,0.703,100954700,0.702,69303300,0.701,48780200,0.700,44682900,0.705,74889000,0.706,77815000,0.707,73353900,0.708,19033800,0.709,25763100,535,0,0
sh513130,09:35:59,1766021761948,09:37:00,1766021761042,0.705,0.7049,0.0142,5370.06,0.9048,4.3256,257100,181241,0.7049,0.997,0.704,122525500,0.703,101592200,0.702,69560100,0.701,48794300,0.700,44868300,0.705,76075800,0.706,77717900,0.707,73353900,0.708,19807800,0.709,25763100,905,0,0
sh513130,09:35:59,1766021762946,09:37:02,1766021762447,0.705,0.7049,0.0142,5370.02,0.9048,4.7183,0,0,0.705,0.998,0.704,122525500,0.703,101592200,0.702,69560100,0.701,48794300,0.700,44868300,0.705,76075800,0.706,77717900,0.707,73353900,0.708,19807800,0.709,25763100,498,0,0
sh513130,09:36:02,1766021763950,09:37:02,1766021763318,0.705,0.7042,0.1136,5370.02,0.9048,3.9353,797700,562230,0.7048,1.005,0.704,132899200,0.703,101566700,0.702,68620900,0.701,42944700,0.700,44976100,0.705,20969500,0.706,83429900,0.707,73728800,0.708,38520200,0.709,30271600,632,0,0
sh513130,09:36:02,1766021764958,09:37:04,1766021764445,0.705,0.7042,0.1136,5369.86,0.9048,4.1889,0,0,0.705,1.008,0.704,132899200,0.703,101566700,0.702,68620900,0.701,42944700,0.700,44976100,0.705,20969500,0.706,83429900,0.707,73728800,0.708,38520200,0.709,30271600,512,0,0
sh513130,09:36:02,1766021765951,09:37:04,1766021765397,0.705,0.7042,0.1136,5369.86,0.9048,3.8922,0,0,0.705,0.993,0.704,132899200,0.703,101566700,0.702,68620900,0.701,42944700,0.700,44976100,0.705,20969500,0.706,83429900,0.707,73728800,0.708,38520200,0.709,30271600,553,0,0
sh513130,09:36:05,1766021766959,09:37:06,1766021766435,0.705,0.7042,0.1136,5370.13,0.9048,3.079,2656000,1871366,0.7046,1.008,0.704,133532900,0.703,101656700,0.702,67697200,0.701,42948700,0.700,45192400,0.705,35303800,0.706,82911100,0.707,74786500,0.708,39132400,0.709,29672500,523,0,0
sh513130,09:36:05,1766021767949,09:37:06,1766021767569,0.705,0.7042,0.1136,5370.13,0.9048,2.1891,0,0,0.705,0.991,0.704,133532900,0.703,101656700,0.702,67697200,0.701,42948700,0.700,45192400,0.705,35303800,0.706,82911100,0.707,74786500,0.708,39132400,0.709,29672500,380,0,0
sh513130,09:36:05,1766021768955,09:37:08,1766021768454,0.705,0.7042,0.1136,5371.16,0.9048,1.9465,0,0,0.705,1.005,0.704,133532900,0.703,101656700,0.702,67697200,0.701,42948700,0.700,45192400,0.705,35303800,0.706,82911100,0.707,74786500,0.708,39132400,0.709,29672500,501,0,0
sh513130,09:36:08,1766021769954,09:37:08,1766021769748,0.705,0.7049,0.0142,5371.16,0.9048,3.6039,10120100,7134021,0.7049,1.0,0.705,13509200,0.704,131727100,0.703,100953500,0.702,67799800,0.701,42958700,0.706,85092900,0.707,75419600,0.708,47517600,0.709,29672500,0.710,26704900,206,0,0
sh513130,09:36:08,1766021770953,09:37:10,1766021770503,0.705,0.7049,0.0142,5371.31,0.9048,3.0173,0,0,0.705,0.999,0.705,13509200,0.704,131727100,0.703,100953500,0.702,67799800,0.701,42958700,0.706,85092900,0.707,75419600,0.708,47517600,0.709,29672500,0.710,26704900,450,0,0
sh513130,09:36:08,1766021771963,09:37:10,1766021771924,0.705,0.7049,0.0142,5371.31,0.9048,2.7511,0,0,0.705,1.01,0.705,13509200,0.704,131727100,0.703,100953500,0.702,67799800,0.701,42958700,0.706,85092900,0.707,75419600,0.708,47517600,0.709,29672500,0.710,26704900,39,0,0
sh513130,09:36:11,1766021772952,09:37:12,1766021772470,0.705,0.7049,0.0142,5373.31,0.9048,2.6463,1255800,885340,0.705,0.989,0.705,17072500,0.704,134753800,0.703,101586900,0.702,66348900,0.701,42960700,0.706,85484700,0.707,75419600,0.708,48409600,0.709,29672500,0.710,26704900,482,0,0
sh513130,09:36:11,1766021773957,09:37:12,1766021772470,0.705,0.7049,0.0142,5373.31,0.9048,3.4827,0,0,0.705,1.005,0.705,17072500,0.704,134753800,0.703,101586900,0.702,66348900,0.701,42960700,0.706,85484700,0.707,75419600,0.708,48409600,0.709,29672500,0.710,26704900,1486,0,0
sh513130,09:36:11,1766021774961,09:37:14,1766021774429,0.705,0.7049,0.0142,5373.21,0.9048,6.0144,0,0,0.705,1.004,0.705,17072500,0.704,134753800,0.703,101586900,0.702,66348900,0.701,42960700,0.706,85484700,0.707,75419600,0.708,48409600,0.709,29672500,0.710,26704900,532,0,0
sh513130,09:36:11,1766021775961,09:37:14,1766021774429,0.705,0.7049,0.0142,5373.21,0.9048,5.9249,0,0,0.705,1.0,0.705,17072500,0.704,134753800,0.703,101586900,0.702,66348900,0.701,42960700,0.706,85484700,0.707,75419600,0.708,48409600,0.709,29672500,0.710,26704900,1532,0,0
sh513130,09:36:14,1766021776955,09:37:16,1766021776430,0.705,0.7049,0.0142,5373.54,0.9048,5.7357,886200,624830,0.7051,0.994,0.705,67215500,0.704,134977000,0.703,96717800,0.702,66490400,0.701,43057300,0.706,85006700,0.707,75448400,0.708,49399600,0.709,29705500,0.710,27421000,525,0,0
sh513130,09:36:14,1766021777966,09:37:16,1766021776430,0.705,0.7049,0.0142,5373.54,0.9048,5.9138,0,0,0.705,1.011,0.705,67215500,0.704,134977000,0.703,96717800,0.702,66490400,0.701,43057300,0.706,85006700,0.707,75448400,0.708,49399600,0.709,29705500,0.710,27421000,1535,0,0
sh513130,09:36:17,1766021778969,09:37:18,1766021778453,0.705,0.7049,0.0142,5374.61,0.9048,6.3811,440000,310272,0.7052,1.003,0.705,72782700,0.704,126195800,0.703,96690100,0.702,66578100,0.701,43087400,0.706,86217100,0.707,75448400,0.708,50304900,0.709,29755500,0.710,27513900,516,0,0
sh513130,09:36:17,1766021779979,09:37:18,1766021778453,0.705,0.7049,0.0142,5374.61,0.9048,5.5666,0,0,0.705,1.01,0.705,72782700,0.704,126195800,0.703,96690100,0.702,66578100,0.701,43087400,0.706,86217100,0.707,75448400,0.708,50304900,0.709,29755500,0.710,27513900,1526,0,0
sh513130,09:36:17,1766021780971,09:37:20,1766021780625,0.705,0.7049,0.0142,5374.46,0.9048,4.0606,0,0,0.705,0.992,0.705,72782700,0.704,126195800,0.703,96690100,0.702,66578100,0.701,43087400,0.706,86217100,0.707,75448400,0.708,50304900,0.709,29755500,0.710,27513900,346,0,0
sh513130,09:36:20,1766021781972,09:37:20,1766021780625,0.705,0.7049,0.0142,5374.46,0.9048,3.8648,1240700,874705,0.705,1.002,0.705,68305100,0.704,125705900,0.703,97425000,0.702,66726200,0.701,43096400,0.706,86951600,0.707,75448400,0.708,50792700,0.709,29784200,0.710,27513900,1347,0,0
sh513130,09:36:20,1766021782975,09:37:22,1766021782803,0.705,0.7049,0.0142,5373.41,0.9048,4.3816,0,0,0.705,1.003,0.705,68305100,0.704,125705900,0.703,97425000,0.702,66726200,0.701,43096400,0.706,86951600,0.707,75448400,0.708,50792700,0.709,29784200,0.710,27513900,171,0,0
sh513130,09:36:20,1766021783981,09:37:22,1766021782803,0.705,0.7049,0.0142,5373.41,0.9048,3.8502,0,0,0.705,1.006,0.705,68305100,0.704,125705900,0.703,97425000,0.702,66726200,0.701,43096400,0.706,86951600,0.707,75448400,0.708,50792700,0.709,29784200,0.710,27513900,1177,0,0
sh513130,09:36:20,1766021784991,09:37:24,1766021784977,0.705,0.7049,0.0142,5373.67,0.9048,3.326,0,0,0.705,1.01,0.705,68305100,0.704,125705900,0.703,97425000,0.702,66726200,0.701,43096400,0.706,86951600,0.707,75448400,0.708,50792700,0.709,29784200,0.710,27513900,14,0,0
sh513130,09:36:23,1766021785980,09:37:24,1766021784977,0.705,0.7049,0.0142,5373.67,0.9048,3.5833,416800,293896,0.7051,0.989,0.705,10055800,0.704,134334100,0.703,98446600,0.702,61955200,0.701,43143400,0.706,86699400,0.707,75595300,0.708,49885900,0.709,29784200,0.710,27563900,1003,0,0
sh513130,09:36:23,1766021786977,09:37:26,1766021786429,0.705,0.7049,0.0142,5373.03,0.9048,4.1553,0,0,0.705,0.997,0.705,10055800,0.704,134334100,0.703,98446600,0.702,61955200,0.701,43143400,0.706,86699400,0.707,75595300,0.708,49885900,0.709,29784200,0.710,27563900,548,0,0
sh513130,09:36:26,1766021787975,09:37:26,1766021787149,0.705,0.7049,0.0142,5373.03,0.9048,5.0403,11637800,8204691,0.705,0.998,0.704,134851500,0.703,100444200,0.702,67406700,0.701,43390600,0.700,46174600,0.705,33320500,0.706,86277800,0.707,74595300,0.708,44041100,0.709,25887800,825,0,0
sh513130,09:36:26,1766021788974,09:37:28,1766021788455,0.705,0.7049,0.0142,5373.25,0.9048,6.2899,0,0,0.705,0.999,0.704,134851500,0.703,100444200,0.702,67406700,0.701,43390600,0.700,46174600,0.705,33320500,0.706,86277800,0.707,74595300,0.708,44041100,0.709,25887800,519,0,0
sh513130,09:36:26,1766021789981,09:37:28,1766021789312,0.705,0.7049,0.0142,5373.25,0.9048,6.1082,0,0,0.705,1.007,0.704,134851500,0.703,100444200,0.702,67406700,0.701,43390600,0.700,46174600,0.705,33320500,0.706,86277800,0.707,74595300,0.708,44041100,0.709,25887800,668,0,0
sh513130,09:36:26,1766021790991,09:37:30,1766021790455,0.705,0.7049,0.0142,5374.28,0.9048,6.2865,0,0,0.705,1.01,0.704,134851500,0.703,100444200,0.702,67406700,0.701,43390600,0.700,46174600,0.705,33320500,0.706,86277800,0.707,74595300,0.708,44041100,0.709,25887800,536,0,0
sh513130,09:36:29,1766021791988,09:37:30,1766021791472,0.705,0.7049,0.0142,5374.28,0.9048,6.0429,4833300,3407406,0.705,0.996,0.705,12043400,0.704,135841100,0.703,101374800,0.702,67434800,0.701,43390600,0.706,86989500,0.707,75529300,0.708,43577900,0.709,31732600,0.710,31533600,516,0,0
sh513130,09:36:29,1766021792991,09:37:32,1766021792425,0.705,0.7049,0.0142,5375.54,0.9048,6.4213,0,0,0.705,1.004,0.705,12043400,0.704,135841100,0.703,101374800,0.702,67434800,0.701,43390600,0.706,86989500,0.707,75529300,0.708,43577900,0.709,31732600,0.710,31533600,565,0,0
sh513130,09:36:29,1766021793989,09:37:32,1766021793657,0.705,0.7049,0.0142,5375.54,0.9048,6.2313,0,0,0.705,0.997,0.705,12043400,0.704,135841100,0.703,101374800,0.702,67434800,0.701,43390600,0.706,86989500,0.707,75529300,0.708,43577900,0.709,31732600,0.710,31533600,332,0,0
sh513130,09:36:32,1766021794991,09:37:34,1766021794426,0.705,0.7049,0.0142,5375.37,0.9048,5.6095,55600,39223,0.7054,1.002,0.705,55278100,0.704,126771200,0.703,98779100,0.702,62098600,0.701,43552000,0.706,86080800,0.707,75891300,0.708,44977900,0.709,31734600,0.710,31533600,564,0,0
sh513130,09:36:32,1766021795990,09:37:34,1766021795837,0.705,0.7049,0.0142,5375.37,0.9048,5.1019,0,0,0.705,0.999,0.705,55278100,0.704,126771200,0.703,98779100,0.702,62098600,0.701,43552000,0.706,86080800,0.707,75891300,0.708,44977900,0.709,31734600,0.710,31533600,153,0,0
sh513130,09:36:35,1766021796992,09:37:36,1766021796460,0.705,0.7049,0.0142,5374.29,0.9048,4.5509,42400,29911,0.7054,1.002,0.705,64410000,0.704,127497100,0.703,98847800,0.702,62221900,0.701,43556800,0.706,86335400,0.707,76170300,0.708,44926100,0.709,31734600,0.710,32133000,532,0,0
sh513130,09:36:35,1766021797990,09:37:36,1766021796460,0.705,0.7049,0.0142,5374.29,0.9048,4.1893,0,0,0.705,0.998,0.705,64410000,0.704,127497100,0.703,98847800,0.702,62221900,0.701,43556800,0.706,86335400,0.707,76170300,0.708,44926100,0.709,31734600,0.710,32133000,1530,0,0
sh513130,09:36:35,1766021798987,09:37:38,1766021798484,0.705,0.7049,0.0142,5375.41,0.9048,3.8286,0,0,0.705,0.997,0.705,64410000,0.704,127497100,0.703,98847800,0.702,62221900,0.701,43556800,0.706,86335400,0.707,76170300,0.708,44926100,0.709,31734600,0.710,32133000,502,0,0
sh513130,09:36:38,1766021799992,09:37:38,1766021798484,0.705,0.7049,0.0142,5375.41,0.9048,3.5791,1087500,766754,0.7051,1.005,0.705,73388400,0.704,126033900,0.703,98091400,0.702,54924900,0.701,43562800,0.706,85012800,0.707,77496000,0.708,45916100,0.709,31774600,0.710,32147300,1508,0,0
sh513130,09:36:38,1766021800998,09:37:40,1766021800433,0.705,0.7049,0.0142,5377.02,0.9048,3.1472,0,0,0.705,1.006,0.705,73388400,0.704,126033900,0.703,98091400,0.702,54924900,0.701,43562800,0.706,85012800,0.707,77496000,0.708,45916100,0.709,31774600,0.710,32147300,564,0,0
sh513130,09:36:38,1766021802002,09:37:40,1766021800433,0.705,0.7049,0.0142,5377.02,0.9048,3.6132,0,0,0.705,1.004,0.705,73388400,0.704,126033900,0.703,98091400,0.702,54924900,0.701,43562800,0.706,85012800,0.707,77496000,0.708,45916100,0.709,31774600,0.710,32147300,1569,0,0
sh513130,09:36:41,1766021803005,09:37:42,1766021802455,0.706,0.7049,0.1561,5376.56,0.9048,3.4589,171300,120799,0.7052,1.003,0.705,84282300,0.704,126101900,0.703,98435500,0.702,47059700,0.701,44058500,0.706,87088600,0.707,77496000,0.708,44926100,0.709,32024600,0.710,32150700,549,0,0
sh513130,09:36:41,1766021804004,09:37:42,1766021802455,0.706,0.7049,0.1561,5376.56,0.9048,5.0569,0,0,0.706,0.999,0.705,84282300,0.704,126101900,0.703,98435500,0.702,47059700,0.701,44058500,0.706,87088600,0.707,77496000,0.708,44926100,0.709,32024600,0.710,32150700,1548,0,0
sh513130,09:36:41,1766021805010,09:37:44,1766021804594,0.706,0.7049,0.1561,5377.74,0.9048,4.8687,0,0,0.706,1.006,0.705,84282300,0.704,126101900,0.703,98435500,0.702,47059700,0.701,44058500,0.706,87088600,0.707,77496000,0.708,44926100,0.709,32024600,0.710,32150700,416,0,0
sh513130,09:36:41,1766021806009,09:37:44,1766021804594,0.706,0.7049,0.1561,5377.74,0.9048,3.9379,0,0,0.706,0.999,0.705,84282300,0.704,126101900,0.703,98435500,0.702,47059700,0.701,44058500,0.706,87088600,0.707,77496000,0.708,44926100,0.709,32024600,0.710,32150700,1415,0,0
sh513130,09:36:44,1766021807008,09:37:46,1766021806764,0.706,0.7049,0.1561,5377.21,0.9048,3.3287,305300,215333,0.7053,0.999,0.705,85612100,0.704,126450900,0.703,98542500,0.702,47059600,0.701,44063400,0.706,86135300,0.707,77496000,0.708,45903600,0.709,31983000,0.710,32352700,243,0,0
sh513130,09:36:44,1766021807999,09:37:46,1766021806764,0.706,0.7049,0.1561,5377.21,0.9048,3.4836,0,0,0.706,0.991,0.705,85612100,0.704,126450900,0.703,98542500,0.702,47059600,0.701,44063400,0.706,86135300,0.707,77496000,0.708,45903600,0.709,31983000,0.710,32352700,1234,0,0
sh513130,09:36:47,1766021809112,09:37:48,1766021808942,0.706,0.7049,0.1561,5376.98,0.9048,3.3784,1124100,792613,0.7051,1.113,0.705,79468000,0.704,126529100,0.703,98544000,0.702,54175100,0.701,44160300,0.706,85562900,0.707,77496000,0.708,46886300,0.709,31983000,0.710,32352700,170,0,0
sh513130,09:36:47,1766021810005,09:37:48,1766021808942,0.706,0.7049,0.1561,5376.98,0.9048,3.6879,0,0,0.706,0.893,0.705,79468000,0.704,126529100,0.703,98544000,0.702,54175100,0.701,44160300,0.706,85562900,0.707,77496000,0.708,46886300,0.709,31983000,0.710,32352700,1062,0,0
sh513130,09:36:50,1766021811010,09:37:50,1766021810431,0.706,0.7049,0.1561,5377.59,0.9048,3.3912,344100,242811,0.7056,1.005,0.705,89512000,0.704,126746700,0.703,97413800,0.702,47216500,0.701,44346200,0.706,86254900,0.707,77461000,0.708,48761600,0.709,31983000,0.710,32352700,579,0,0
sh513130,09:36:50,1766021812005,09:37:50,1766021811129,0.706,0.7049,0.1561,5377.59,0.9048,3.0192,0,0,0.706,0.995,0.705,89512000,0.704,126746700,0.703,97413800,0.702,47216500,0.701,44346200,0.706,86254900,0.707,77461000,0.708,48761600,0.709,31983000,0.710,32352700,876,0,0
sh513130,09:36:50,1766021813005,09:37:52,1766021812456,0.706,0.7049,0.1561,5377.31,0.9048,2.0862,0,0,0.706,0.999,0.705,89512000,0.704,126746700,0.703,97413800,0.702,47216500,0.701,44346200,0.706,86254900,0.707,77461000,0.708,48761600,0.709,31983000,0.710,32352700,549,0,0
sh513130,09:36:50,1766021814013,09:37:52,1766021813305,0.706,0.7049,0.1561,5377.31,0.9048,2.4411,0,0,0.706,1.008,0.705,89512000,0.704,126746700,0.703,97413800,0.702,47216500,0.701,44346200,0.706,86254900,0.707,77461000,0.708,48761600,0.709,31983000,0.710,32352700,707,0,0
sh513130,09:36:53,1766021815015,09:37:54,1766021814424,0.706,0.7055,0.0709,5377.39,0.9048,2.4653,1248700,880842,0.7054,1.002,0.705,89394000,0.704,126579800,0.703,98446500,0.702,47357700,0.701,44343200,0.706,86794000,0.707,77961000,0.708,48666900,0.709,32274200,0.710,32352700,591,0,0
sh513130,09:36:53,1766021816009,09:37:54,1766021815475,0.706,0.7055,0.0709,5377.39,0.9048,4.0036,0,0,0.706,0.994,0.705,89394000,0.704,126579800,0.703,98446500,0.702,47357700,0.701,44343200,0.706,86794000,0.707,77961000,0.708,48666900,0.709,32274200,0.710,32352700,533,0,0
sh513130,09:36:53,1766021817003,09:37:56,1766021816438,0.706,0.7055,0.0709,5378.09,0.9048,4.1616,0,0,0.706,0.994,0.705,89394000,0.704,126579800,0.703,98446500,0.702,47357700,0.701,44343200,0.706,86794000,0.707,77961000,0.708,48666900,0.709,32274200,0.710,32352700,565,0,0
sh513130,09:36:56,1766021818009,09:37:56,1766021817644,0.706,0.7055,0.0709,5378.09,0.9048,4.0472,76000,53604,0.7053,1.006,0.705,92413100,0.704,126825300,0.703,97479100,0.702,47439900,0.701,44358200,0.706,85825300,0.707,78035400,0.708,50180400,0.709,32674200,0.710,32361300,364,0,0
sh513130,09:36:56,1766021818996,09:37:58,1766021818431,0.706,0.7055,0.0709,5379.09,0.9048,3.9427,0,0,0.706,0.988,0.705,92413100,0.704,126825300,0.703,97479100,0.702,47439900,0.701,44358200,0.706,85825300,0.707,78035400,0.708,50180400,0.709,32674200,0.710,32361300,565,0,0
sh513130,09:36:56,1766021820004,09:37:58,1766021819804,0.706,0.7055,0.0709,5379.09,0.9048,3.6331,0,0,0.706,1.007,0.705,92413100,0.704,126825300,0.703,97479100,0.702,47439900,0.701,44358200,0.706,85825300,0.707,78035400,0.708,50180400,0.709,32674200,0.710,32361300,199,0,0
sh513130,09:36:59,1766021821004,09:38:00,1766021820430,0.706,0.7055,0.0709,5377.74,0.9048,3.3967,452300,319057,0.7054,1.0,0.705,93103400,0.704,126929400,0.703,97480100,0.702,47524800,0.701,44974500,0.706,85643400,0.707,78314000,0.708,50180400,0.709,33009000,0.710,32421300,574,0,0
sh513130,09:36:59,1766021822006,09:38:00,1766021821975,0.706,0.7055,0.0709,5377.74,0.9048,1.4809,0,0,0.706,1.002,0.705,93103400,0.704,126929400,0.703,97480100,0.702,47524800,0.701,44974500,0.706,85643400,0.707,78314000,0.708,50180400,0.709,33009000,0.710,32421300,31,0,0
sh513130,09:36:59,1766021823000,09:38:02,1766021822421,0.706,0.7055,0.0709,5377.51,0.9048,1.2714,0,0,0.706,0.994,0.705,93103400,0.704,126929400,0.703,97480100,0.702,47524800,0.701,44974500,0.706,85643400,0.707,78314000,0.708,50180400,0.709,33009000,0.710,32421300,578,0,0
sh513130,09:37:02,1766021824012,09:38:02,1766021823321,0.706,0.7055,0.0709,5377.51,0.9048,1.0436,1005500,709613,0.7057,1.012,0.705,70712500,0.704,135176400,0.703,97580100,0.702,61984800,0.701,44958000,0.706,85095100,0.707,78384400,0.708,50180400,0.709,32609000,0.710,32421300,691,0,0
sh513130,09:37:02,1766021825019,09:38:04,1766021824423,0.706,0.7055,0.0709,5378.02,0.9048,1.558,0,0,0.706,1.006,0.705,70712500,0.704,135176400,0.703,97580100,0.702,61984800,0.701,44958000,0.706,85095100,0.707,78384400,0.708,50180400,0.709,32609000,0.710,32421300,595,0,0
sh513130,09:37:05,1766021826022,09:38:04,1766021824423,0.706,0.7055,0.0709,5378.02,0.9048,1.7877,589300,416003,0.7059,1.003,0.705,95214600,0.704,126791800,0.703,97586800,0.702,47867700,0.701,44999200,0.706,85413900,0.707,79450700,0.708,49177500,0.709,32716100,0.710,32502100,1598,0,0
sh513130,09:37:05,1766021827025,09:38:06,1766021826459,0.706,0.7055,0.0709,5378.87,0.9048,1.6295,0,0,0.706,1.003,0.705,95214600,0.704,126791800,0.703,97586800,0.702,47867700,0.701,44999200,0.706,85413900,0.707,79450700,0.708,49177500,0.709,32716100,0.710,32502100,565,0,0
sh513130,09:37:05,1766021828021,09:38:06,1766021826459,0.706,0.7055,0.0709,5378.87,0.9048,2.1143,0,0,0.706,0.996,0.705,95214600,0.704,126791800,0.703,97586800,0.702,47867700,0.701,44999200,0.706,85413900,0.707,79450700,0.708,49177500,0.709,32716100,0.710,32502100,1561,0,0
sh513130,09:37:05,1766021829015,09:38:08,1766021828524,0.706,0.7055,0.0709,5378.14,0.9048,2.0955,0,0,0.706,0.995,0.705,95214600,0.704,126791800,0.703,97586800,0.702,47867700,0.701,44999200,0.706,85413900,0.707,79450700,0.708,49177500,0.709,32716100,0.710,32502100,491,0,0
sh513130,09:37:08,1766021830015,09:38:08,1766021828524,0.705,0.7056,-0.085,5378.14,0.9048,1.8044,314000,221669,0.706,1.0,0.705,96054300,0.704,127571400,0.703,97631300,0.702,47892200,0.701,45049400,0.706,85032400,0.707,79450700,0.708,50182500,0.709,32718100,0.710,32509100,1491,0,0
sh513130,09:37:08,1766021831015,09:38:10,1766021830697,0.705,0.7056,-0.085,5378.11,0.9048,1.9199,0,0,0.705,1.0,0.705,96054300,0.704,127571400,0.703,97631300,0.702,47892200,0.701,45049400,0.706,85032400,0.707,79450700,0.708,50182500,0.709,32718100,0.710,32509100,318,0,0
sh513130,09:37:08,1766021832022,09:38:10,1766021830697,0.705,0.7056,-0.085,5378.11,0.9048,2.0961,0,0,0.705,1.007,0.705,96054300,0.704,127571400,0.703,97631300,0.702,47892200,0.701,45049400,0.706,85032400,0.707,79450700,0.708,50182500,0.709,32718100,0.710,32509100,1325,0,0
sh513130,09:37:11,1766021833018,09:38:12,1766021832880,0.706,0.7055,0.0709,5378.27,0.9048,1.7766,208600,147272,0.706,0.996,0.705,97252500,0.704,127818900,0.703,97677400,0.702,48045100,0.701,45149400,0.706,79506100,0.707,79932100,0.708,50169100,0.709,32718100,0.710,32509100,138,0,0
sh513130,09:37:11,1766021834022,09:38:12,1766021832880,0.706,0.7055,0.0709,5378.27,0.9048,5.2569,0,0,0.706,1.005,0.705,97252500,0.704,127818900,0.703,97677400,0.702,48045100,0.701,45149400,0.706,79506100,0.707,79932100,0.708,50169100,0.709,32718100,0.710,32509100,1142,0,0
sh513130,09:37:11,1766021835018,09:38:14,1766021834455,0.706,0.7055,0.0709,5379.09,0.9048,4.8979,0,0,0.706,0.996,0.705,97252500,0.704,127818900,0.703,97677400,0.702,48045100,0.701,45149400,0.706,79506100,0.707,79932100,0.708,50169100,0.709,32718100,0.710,32509100,562,0,0
sh513130,09:37:14,1766021836024,09:38:14,1766021835053,0.706,0.7055,0.0709,5379.09,0.9048,5.0606,331500,234039,0.706,1.006,0.705,100942900,0.704,128070300,0.703,97640100,0.702,48170500,0.701,45282400,0.706,73740700,0.707,79981600,0.708,55453000,0.709,33131900,0.710,32727700,971,0,0
sh513130,09:37:14,1766021837013,09:38:16,1766021836457,0.706,0.7055,0.0709,5378.54,0.9048,4.2,0,0,0.706,0.989,0.705,100942900,0.704,128070300,0.703,97640100,0.702,48170500,0.701,45282400,0.706,73740700,0.707,79981600,0.708,55453000,0.709,33131900,0.710,32727700,556,0,0
sh513130,09:37:14,1766021838013,09:38:16,1766021837232,0.706,0.7055,0.0709,5378.54,0.9048,3.4756,0,0,0.706,0.999,0.705,100942900,0.704,128070300,0.703,97640100,0.702,48170500,0.701,45282400,0.706,73740700,0.707,79981600,0.708,55453000,0.709,33131900,0.710,32727700,780,0,0
sh513130,09:37:17,1766021839022,09:38:18,1766021838452,0.706,0.7055,0.0709,5378.84,0.9048,2.6511,865500,610829,0.7058,1.009,0.705,99663900,0.704,127899600,0.703,98692000,0.702,48186100,0.701,45355400,0.706,78803500,0.707,80051600,0.708,55553000,0.709,32731900,0.710,32731100,569,0,0
sh513130,09:37:17,1766021840015,09:38:18,1766021839398,0.706,0.7055,0.0709,5378.84,0.9048,2.6006,0,0,0.706,0.993,0.705,99663900,0.704,127899600,0.703,98692000,0.702,48186100,0.701,45355400,0.706,78803500,0.707,80051600,0.708,55553000,0.709,32731900,0.710,32731100,616,0,0
sh513130,09:37:17,1766021841018,09:38:20,1766021840501,0.706,0.7055,0.0709,5379.41,0.9048,3.535,0,0,0.706,1.003,0.705,99663900,0.704,127899600,0.703,98692000,0.702,48186100,0.701,45355400,0.706,78803500,0.707,80051600,0.708,55553000,0.709,32731900,0.710,32731100,516,0,0
sh513130,09:37:20,1766021842019,09:38:20,1766021841575,0.706,0.7055,0.0709,5379.41,0.9048,4.326,321300,226806,0.7059,1.002,0.705,101938000,0.704,128261100,0.703,97210200,0.702,48405200,0.701,45356900,0.706,72208600,0.707,80021600,0.708,55699200,0.709,32731900,0.710,32738100,444,0,0
sh513130,09:37:20,1766021843024,09:38:22,1766021842462,0.706,0.7055,0.0709,5379.39,0.9048,4.1053,0,0,0.706,1.005,0.705,101938000,0.704,128261100,0.703,97210200,0.702,48405200,0.701,45356900,0.706,72208600,0.707,80021600,0.708,55699200,0.709,32731900,0.710,32738100,562,0,0
sh513130,09:37:20,1766021844023,09:38:22,1766021843755,0.706,0.7055,0.0709,5379.39,0.9048,4.1792,0,0,0.706,0.999,0.705,101938000,0.704,128261100,0.703,97210200,0.702,48405200,0.701,45356900,0.706,72208600,0.707,80021600,0.708,55699200,0.709,32731900,0.710,32738100,268,0,0
sh513130,09:37:23,1766021845021,09:38:24,1766021844424,0.706,0.7055,0.0709,5377.91,0.9048,2.9298,539600,380957,0.706,0.998,0.705,92963000,0.704,128265700,0.703,98226300,0.702,55481900,0.701,45368400,0.706,78728900,0.707,80061600,0.708,55709200,0.709,32749200,0.710,32938100,597,0,0
sh513130,09:37:23,1766021846022,09:38:24,1766021845932,0.706,0.7055,0.0709,5377.91,0.9048,5.2003,0,0,0.706,1.001,0.705,92963000,0.704,128265700,0.703,98226300,0.702,55481900,0.701,45368400,0.706,78728900,0.707,80061600,0.708,55709200,0.709,32749200,0.710,32938100,90,0,0
sh513130,09:37:23,1766021847019,09:38:26,1766021846423,0.706,0.7055,0.0709,5380.1,0.9048,4.5878,0,0,0.706,0.997,0.705,92963000,0.704,128265700,0.703,98226300,0.702,55481900,0.701,45368400,0.706,78728900,0.707,80061600,0.708,55709200,0.709,32749200,0.710,32938100,595,0,0
sh513130,09:37:26,1766021848023,09:38:26,1766021846423,0.706,0.7055,0.0709,5380.1,0.9048,5.3982,431100,304181,0.7056,1.004,0.705,93958000,0.704,128344700,0.703,99349900,0.702,55513400,0.701,45377000,0.706,78968200,0.707,79854100,0.708,55809200,0.709,32749200,0.710,32938100,1599,0,0
sh513130,09:37:26,1766021849013,09:38:28,1766021848448,0.706,0.7055,0.0709,5379.83,0.9048,5.6303,0,0,0.706,0.99,0.705,93958000,0.704,128344700,0.703,99349900,0.702,55513400,0.701,45377000,0.706,78968200,0.707,79854100,0.708,55809200,0.709,32749200,0.710,32938100,565,0,0
sh513130,09:37:29,1766021850028,09:38:28,1766021848448,0.706,0.7055,0.0709,5379.83,0.9048,5.3183,172600,121806,0.7057,1.014,0.705,78802900,0.704,136757400,0.703,99512100,0.702,62185000,0.701,45717000,0.706,78865200,0.707,79843400,0.708,55835400,0.709,32749200,0.710,33307600,1579,0,0
sh513130,09:37:26,1766021851022,09:38:30,1766021850463,0.706,0.7055,0.0709,5378.79,0.9048,4.8596,0,0,0.706,0.994,0.705,93958000,0.704,128344700,0.703,99349900,0.702,55513400,0.701,45377000,0.706,78968200,0.707,79854100,0.708,55809200,0.709,32749200,0.710,32938100,559,0,1
sh513130,09:37:29,1766021852017,09:38:30,1766021850463,0.706,0.7055,0.0709,5378.79,0.9048,4.118,172600,121806,0.7057,0.996,0.705,78802900,0.704,136757400,0.703,99512100,0.702,62185000,0.701,45717000,0.706,78865200,0.707,79843400,0.708,55835400,0.709,32749200,0.710,33307600,1554,0,0
sh513130,09:37:29,1766021853016,09:38:32,1766021852484,0.706,0.7055,0.0709,5377.68,0.9048,5.8432,0,0,0.706,0.998,0.705,78802900,0.704,136757400,0.703,99512100,0.702,62185000,0.701,45717000,0.706,78865200,0.707,79843400,0.708,55835400,0.709,32749200,0.710,33307600,531,0,0
sh513130,09:37:32,1766021854016,09:38:32,1766021852484,0.706,0.7055,0.0709,5377.68,0.9048,5.7544,494700,349153,0.7058,1.0,0.705,83914000,0.704,128794900,0.703,100565100,0.702,62227000,0.701,45728000,0.706,80526900,0.707,79867400,0.708,54884600,0.709,32749200,0.710,33307600,1532,0,0
sh513130,09:37:32,1766021855030,09:38:34,1766021854616,0.706,0.7055,0.0709,5378.87,0.9048,5.5563,0,0,0.706,1.014,0.705,83914000,0.704,128794900,0.703,100565100,0.702,62227000,0.701,45728000,0.706,80526900,0.707,79867400,0.708,54884600,0.709,32749200,0.710,33307600,413,0,0
sh513130,09:37:32,1766021856031,09:38:34,1766021854616,0.706,0.7055,0.0709,5378.87,0.9048,4.4363,0,0,0.706,1.001,0.705,83914000,0.704,128794900,0.703,100565100,0.702,62227000,0.701,45728000,0.706,80526900,0.707,79867400,0.708,54884600,0.709,32749200,0.710,33307600,1414,0,0
sh513130,09:37:35,1766021857035,09:38:36,1766021856785,0.706,0.7055,0.0709,5378.48,0.9048,3.637,631000,445428,0.7059,1.004,0.705,95708500,0.704,128897200,0.703,100529100,0.702,59325300,0.701,45740000,0.706,81317600,0.707,78917600,0.708,54984600,0.709,32749200,0.710,33351600,250,0,0
sh513130,09:37:35,1766021858035,09:38:36,1766021856785,0.706,0.7055,0.0709,5378.48,0.9048,4.5761,0,0,0.706,1.0,0.705,95708500,0.704,128897200,0.703,100529100,0.702,59325300,0.701,45740000,0.706,81317600,0.707,78917600,0.708,54984600,0.709,32749200,0.710,33351600,1249,0,0
sh513130,09:37:38,1766021859035,09:38:38,1766021858953,0.706,0.7055,0.0709,5378.48,0.9048,4.5142,382500,269997,0.7059,1.0,0.705,84951600,0.704,139166400,0.703,101588400,0.702,62533000,0.701,45800400,0.706,80349900,0.707,78147000,0.708,54984600,0.709,32706700,0.710,33401600,81,0,0
sh513130,09:37:38,1766021860042,09:38:38,1766021858953,0.706,0.7055,0.0709,5378.48,0.9048,4.5788,0,0,0.706,1.007,0.705,84951600,0.704,139166400,0.703,101588400,0.702,62533000,0.701,45800400,0.706,80349900,0.707,78147000,0.708,54984600,0.709,32706700,0.710,33401600,1088,0,0
sh513130,09:37:38,1766021861040,09:38:40,1766021860416,0.706,0.7055,0.0709,5376.33,0.9048,4.5002,0,0,0.706,0.999,0.705,84951600,0.704,139166400,0.703,101588400,0.702,62533000,0.701,45800400,0.706,80349900,0.707,78147000,0.708,54984600,0.709,32706700,0.710,33401600,624,0,0
sh513130,09:37:38,1766021862037,09:38:40,1766021861123,0.706,0.7055,0.0709,5376.33,0.9048,2.4219,0,0,0.706,0.997,0.705,84951600,0.704,139166400,0.703,101588400,0.702,62533000,0.701,45800400,0.706,80349900,0.707,78147000,0.708,54984600,0.709,32706700,0.710,33401600,914,0,0
sh513130,09:37:38,1766021863022,09:38:42,1766021862427,0.706,0.7055,0.0709,5376.43,0.9048,3.8865,0,0,0.706,0.985,0.705,84951600,0.704,139166400,0.703,101588400,0.702,62533000,0.701,45800400,0.706,80349900,0.707,78147000,0.708,54984600,0.709,32706700,0.710,33401600,595,0,0
sh513130,09:37:41,1766021864025,09:38:42,1766021863300,0.706,0.7055,0.0709,5376.43,0.9048,4.4472,349900,247029,0.706,1.002,0.705,38634700,0.704,139324100,0.703,101672500,0.702,62569100,0.701,45489700,0.706,82063100,0.707,77647000,0.708,54004600,0.709,32764600,0.710,33401600,724,0,0
sh513130,09:37:41,1766021865034,09:38:44,1766021864430,0.706,0.7055,0.0709,5375.84,0.9048,3.603,0,0,0.706,1.009,0.705,38634700,0.704,139324100,0.703,101672500,0.702,62569100,0.701,45489700,0.706,82063100,0.707,77647000,0.708,54004600,0.709,32764600,0.710,33401600,603,0,0
sh513130,09:37:44,1766021866022,09:38:44,1766021865481,0.706,0.7055,0.0709,5375.84,0.9048,3.6806,1433000,1011392,0.7058,0.988,0.705,41613400,0.704,139035100,0.703,103424100,0.702,62269100,0.701,45509700,0.706,81042600,0.707,77668700,0.708,54004600,0.709,32764600,0.710,33501600,540,0,0
sh513130,09:37:44,1766021867012,09:38:46,1766021866512,0.706,0.7055,0.0709,5376.04,0.9048,4.6951,0,0,0.706,0.99,0.705,41613400,0.704,139035100,0.703,103424100,0.702,62269100,0.701,45509700,0.706,81042600,0.707,77668700,0.708,54004600,0.709,32764600,0.710,33501600,499,0,0
sh513130,09:37:44,1766021868019,09:38:46,1766021867655,0.706,0.7055,0.0709,5376.04,0.9048,4.412,0,0,0.706,1.008,0.705,41613400,0.704,139035100,0.703,103424100,0.702,62269100,0.701,45509700,0.706,81042600,0.707,77668700,0.708,54004600,0.709,32764600,0.710,33501600,364,0,0
sh513130,09:37:47,1766021869021,09:38:48,1766021868427,0.706,0.7048,0.1703,5376.1,0.9048,3.946,996700,703151,0.7055,1.001,0.705,83282400,0.704,140316500,0.703,103327100,0.702,62273100,0.701,45674200,0.706,79740700,0.707,77658700,0.708,55994600,0.709,32799900,0.710,33515200,593,0,0
sh513130,09:37:47,1766021870022,09:38:48,1766021869829,0.706,0.7048,0.1703,5376.1,0.9048,3.8205,0,0,0.706,1.002,0.705,83282400,0.704,140316500,0.703,103327100,0.702,62273100,0.701,45674200,0.706,79740700,0.707,77658700,0.708,55994600,0.709,32799900,0.710,33515200,193,0,0
sh513130,09:37:47,1766021871020,09:38:50,1766021870423,0.706,0.7048,0.1703,5376.18,0.9048,3.4041,0,0,0.706,0.998,0.705,83282400,0.704,140316500,0.703,103327100,0.702,62273100,0.701,45674200,0.706,79740700,0.707,77658700,0.708,55994600,0.709,32799900,0.710,33515200,597,0,0
sh513130,09:37:50,1766021872023,09:38:50,1766021872009,0.706,0.7048,0.1703,5376.18,0.9048,3.7814,1279400,903175,0.7059,1.003,0.705,70804600,0.704,140266800,0.703,104286700,0.702,62297600,0.701,45674200,0.706,78467200,0.707,78311300,0.708,55978400,0.709,32159900,0.710,33600200,13,0,0
sh513130,09:37:50,1766021873017,09:38:52,1766021872452,0.706,0.7048,0.1703,5376.05,0.9048,3.2329,0,0,0.706,0.994,0.705,70804600,0.704,140266800,0.703,104286700,0.702,62297600,0.701,45674200,0.706,78467200,0.707,78311300,0.708,55978400,0.709,32159900,0.710,33600200,565,0,0
sh513130,09:37:50,1766021874024,09:38:52,1766021872452,0.706,0.7048,0.1703,5376.05,0.9048,3.0906,0,0,0.706,1.007,0.705,70804600,0.704,140266800,0.703,104286700,0.702,62297600,0.701,45674200,0.706,78467200,0.707,78311300,0.708,55978400,0.709,32159900,0.710,33600200,1571,0,0
sh513130,09:37:53,1766021875016,09:38:54,1766021874435,0.706,0.7048,0.1703,5375.52,0.9048,2.8388,317400,224085,0.706,0.992,0.705,44839000,0.704,140336600,0.703,106290800,0.702,62394900,0.701,45525200,0.706,79669100,0.707,78305600,0.708,54988400,0.709,32189900,0.710,33600200,580,0,0
sh513130,09:37:53,1766021876015,09:38:54,1766021874435,0.706,0.7048,0.1703,5375.52,0.9048,3.0971,0,0,0.706,0.999,0.705,44839000,0.704,140336600,0.703,106290800,0.702,62394900,0.701,45525200,0.706,79669100,0.707,78305600,0.708,54988400,0.709,32189900,0.710,33600200,1580,0,0
sh513130,09:37:53,1766021877022,09:38:56,1766021876427,0.706,0.7048,0.1703,5375.09,0.9048,2.786,0,0,0.706,1.007,0.705,44839000,0.704,140336600,0.703,106290800,0.702,62394900,0.701,45525200,0.706,79669100,0.707,78305600,0.708,54988400,0.709,32189900,0.710,33600200,595,0,0
sh513130,09:37:56,1766021878026,09:38:56,1766021876427,0.705,0.7048,0.0284,5375.09,0.9048,3.4866,364500,257243,0.7057,1.004,0.705,50834500,0.704,140380700,0.703,107250000,0.702,67399000,0.701,45690600,0.706,80822100,0.707,77805600,0.708,54993400,0.709,32189900,0.710,33600200,1599,0,0
sh513130,09:37:56,1766021879012,09:38:58,1766021878547,0.705,0.7048,0.0284,5375.1,0.9048,3.3707,0,0,0.705,0.985,0.705,50834500,0.704,140380700,0.703,107250000,0.702,67399000,0.701,45690600,0.706,80822100,0.707,77805600,0.708,54993400,0.709,32189900,0.710,33600200,464,0,0
sh513130,09:37:56,1766021880018,09:38:58,1766021878547,0.705,0.7048,0.0284,5375.1,0.9048,3.9193,0,0,0.705,1.007,0.705,50834500,0.704,140380700,0.703,107250000,0.702,67399000,0.701,45690600,0.706,80822100,0.707,77805600,0.708,54993400,0.709,32189900,0.710,33600200,1471,0,0
sh513130,09:37:59,1766021881023,09:39:00,1766021880715,0.706,0.7048,0.1703,5374.58,0.9048,3.7033,572300,403680,0.7054,1.005,0.705,50861900,0.704,141672700,0.703,107843000,0.702,67401000,0.701,45607700,0.706,80806700,0.707,77771300,0.708,51570700,0.709,32189900,0.710,33600200,307,0,0
sh513130,09:37:59,1766021882021,09:39:00,1766021880715,0.706,0.7048,0.1703,5374.58,0.9048,4.8615,0,0,0.706,0.998,0.705,50861900,0.704,141672700,0.703,107843000,0.702,67401000,0.701,45607700,0.706,80806700,0.707,77771300,0.708,51570700,0.709,32189900,0.710,33600200,1305,0,0
sh513130,09:37:59,1766021883026,09:39:02,1766021882885,0.706,0.7048,0.1703,5373.57,0.9048,4.6583,0,0,0.706,1.005,0.705,50861900,0.704,141672700,0.703,107843000,0.702,67401000,0.701,45607700,0.706,80806700,0.707,77771300,0.708,51570700,0.709,32189900,0.710,33600200,141,0,0
sh513130,09:37:59,1766021884023,09:39:02,1766021883317,0.706,0.7048,0.1703,5373.57,0.9048,3.3168,0,0,0.706,0.997,0.705,50861900,0.704,141672700,0.703,107843000,0.702,67401000,0.701,45607700,0.706,80806700,0.707,77771300,0.708,51570700,0.709,32189900,0.710,33600200,706,0,0
sh513130,09:38:02,1766021885019,09:39:04,1766021884454,0.705,0.7049,0.0142,5372.02,0.9048,3.0334,57542500,40567530,0.705,0.996,0.705,1736100,0.704,142264200,0.703,108758500,0.702,67804600,0.701,45508200,0.706,78916200,0.707,77771300,0.708,47847500,0.709,32189900,0.710,33600200,564,0,0
sh513130,09:38:02,1766021886018,09:39:04,1766021885080,0.705,0.7049,0.0142,5372.02,0.9048,3.4234,0,0,0.705,0.999,0.705,1736100,0.704,142264200,0.703,108758500,0.702,67804600,0.701,45508200,0.706,78916200,0.707,77771300,0.708,47847500,0.709,32189900,0.710,33600200,937,0,0
sh513130,09:38:05,1766021887023,09:39:06,1766021886414,0.705,0.7049,0.0142,5372.24,0.9048,2.3768,3409600,2403778,0.705,1.005,0.704,145394400,0.703,108947200,0.702,67718000,0.701,45508200,0.700,48769500,0.705,7034500,0.706,82554600,0.707,77460000,0.708,42788500,0.709,34324300,608,0,0
sh513130,09:38:05,1766021888025,09:39:06,1766021887253,0.705,0.7049,0.0142,5372.24,0.9048,2.9819,0,0,0.705,1.001,0.704,145394400,0.703,108947200,0.702,67718000,0.701,45508200,0.700,48769500,0.705,7034500,0.706,82554600,0.707,77460000,0.708,42788500,0.709,34324300,771,0,0
sh513130,09:38:05,1766021889026,09:39:08,1766021888415,0.705,0.7049,0.0142,5372.36,0.9048,3.678,0,0,0.705,1.001,0.704,145394400,0.703,108947200,0.702,67718000,0.701,45508200,0.700,48769500,0.705,7034500,0.706,82554600,0.707,77460000,0.708,42788500,0.709,34324300,611,0,0
sh513130,09:38:08,1766021890024,09:39:08,1766021889432,0.706,0.7042,0.2556,5372.36,0.9048,3.7742,4989000,3517255,0.705,0.999,0.705,15345800,0.704,145828400,0.703,108857400,0.702,68031900,0.701,45508700,0.706,83357300,0.707,77460000,0.708,42718500,0.709,34329300,0.710,29710900,592,0,0
sh513130,09:38:08,1766021891017,09:39:10,1766021890419,0.706,0.7042,0.2556,5373.26,0.9048,5.6857,0,0,0.706,0.992,0.705,15345800,0.704,145828400,0.703,108857400,0.702,68031900,0.701,45508700,0.706,83357300,0.707,77460000,0.708,42718500,0.709,34329300,0.710,29710900,597,0,0
sh513130,09:38:08,1766021892017,09:39:10,1766021891612,0.706,0.7042,0.2556,5373.26,0.9048,5.2439,0,0,0.706,1.0,0.705,15345800,0.704,145828400,0.703,108857400,0.702,68031900,0.701,45508700,0.706,83357300,0.707,77460000,0.708,42718500,0.709,34329300,0.710,29710900,404,0,0
sh513130,09:38:11,1766021893011,09:39:12,1766021892420,0.705,0.7042,0.1136,5372.62,0.9048,5.6543,421900,297626,0.7054,0.994,0.705,20160000,0.704,147146900,0.703,108964400,0.702,67691900,0.701,45519200,0.706,83238800,0.707,77460000,0.708,42718500,0.709,34309300,0.710,30077100,590,0,0
sh513130,09:38:11,1766021893998,09:39:12,1766021893799,0.705,0.7042,0.1136,5372.62,0.9048,5.3135,0,0,0.705,0.987,0.705,20160000,0.704,147146900,0.703,108964400,0.702,67691900,0.701,45519200,0.706,83238800,0.707,77460000,0.708,42718500,0.709,34309300,0.710,30077100,199,0,0
sh513130,09:38:11,1766021895000,09:39:14,1766021894416,0.705,0.7042,0.1136,5373.06,0.9048,5.228,0,0,0.705,1.002,0.705,20160000,0.704,147146900,0.703,108964400,0.702,67691900,0.701,45519200,0.706,83238800,0.707,77460000,0.708,42718500,0.709,34309300,0.710,30077100,584,0,0
sh513130,09:38:14,1766021895999,09:39:14,1766021895984,0.706,0.7042,0.2556,5373.06,0.9048,5.5975,179900,126995,0.7059,0.998,0.705,44862600,0.704,145550800,0.703,108024700,0.702,67738100,0.701,45486600,0.706,75845800,0.707,70460000,0.708,43830300,0.709,26283100,0.710,30097100,14,0,0
sh513130,09:38:14,1766021897008,09:39:16,1766021896447,0.706,0.7042,0.2556,5373.72,0.9048,6.8585,0,0,0.706,1.009,0.705,44862600,0.704,145550800,0.703,108024700,0.702,67738100,0.701,45486600,0.706,75845800,0.707,70460000,0.708,43830300,0.709,26283100,0.710,30097100,560,0,0
sh513130,09:38:14,1766021898006,09:39:16,1766021896447,0.706,0.7042,0.2556,5373.72,0.9048,5.8354,0,0,0.706,0.998,0.705,44862600,0.704,145550800,0.703,108024700,0.702,67738100,0.701,45486600,0.706,75845800,0.707,70460000,0.708,43830300,0.709,26283100,0.710,30097100,1558,0,0
sh513130,09:38:17,1766021899004,09:39:18,1766021898471,0.705,0.7048,0.0284,5374.26,0.9048,4.6301,77000,54314,0.7054,0.998,0.705,76653700,0.704,139196300,0.703,108075800,0.702,62996400,0.701,45416600,0.706,75971500,0.707,70433500,0.708,45715500,0.709,26283100,0.710,30097100,532,0,0
sh513130,09:38:17,1766021900000,09:39:18,1766021898471,0.705,0.7048,0.0284,5374.26,0.9048,4.1848,0,0,0.705,0.997,0.705,76653700,0.704,139196300,0.703,108075800,0.702,62996400,0.701,45416600,0.706,75971500,0.707,70433500,0.708,45715500,0.709,26283100,0.710,30097100,1528,0,0
sh513130,09:38:17,1766021901010,09:39:20,1766021900430,0.705,0.7048,0.0284,5373.8,0.9048,4.1627,0,0,0.705,1.01,0.705,76653700,0.704,139196300,0.703,108075800,0.702,62996400,0.701,45416600,0.706,75971500,0.707,70433500,0.708,45715500,0.709,26283100,0.710,30097100,580,0,0
sh513130,09:38:17,1766021902004,09:39:20,1766021900430,0.705,0.7048,0.0284,5373.8,0.9048,4.1562,0,0,0.705,0.994,0.705,76653700,0.704,139196300,0.703,108075800,0.702,62996400,0.701,45416600,0.706,75971500,0.707,70433500,0.708,45715500,0.709,26283100,0.710,30097100,1574,0,0
sh513130,09:38:20,1766021903011,09:39:22,1766021902498,0.705,0.7048,0.0284,5374.23,0.9048,3.5678,284800,200799,0.7051,1.007,0.705,69708800,0.704,147820400,0.703,107078200,0.702,63016900,0.701,45421600,0.706,75897500,0.707,70443500,0.708,46610700,0.709,26283100,0.710,30097800,513,0,0
sh513130,09:38:23,1766021904007,09:39:22,1766021902498,0.706,0.7049,0.1561,5374.23,0.9048,6.4816,286000,201689,0.7052,0.996,0.705,33090700,0.704,149146700,0.703,107956200,0.702,63095100,0.701,45427800,0.706,76623400,0.707,70453500,0.708,47669000,0.709,26179400,0.710,30118500,1509,0,0
sh513130,09:38:23,1766021904999,09:39:24,1766021904672,0.706,0.7049,0.1561,5373.79,0.9048,5.3887,0,0,0.706,0.992,0.705,33090700,0.704,149146700,0.703,107956200,0.702,63095100,0.701,45427800,0.706,76623400,0.707,70453500,0.708,47669000,0.709,26179400,0.710,30118500,326,0,0
sh513130,09:38:23,1766021905999,09:39:24,1766021904672,0.706,0.7049,0.1561,5373.79,0.9048,4.7734,0,0,0.706,1.0,0.705,33090700,0.704,149146700,0.703,107956200,0.702,63095100,0.701,45427800,0.706,76623400,0.707,70453500,0.708,47669000,0.709,26179400,0.710,30118500,1326,0,0
sh513130,09:38:23,1766021906999,09:39:26,1766021906843,0.706,0.7049,0.1561,5374.55,0.9048,4.9106,0,0,0.706,1.0,0.705,33090700,0.704,149146700,0.703,107956200,0.702,63095100,0.701,45427800,0.706,76623400,0.707,70453500,0.708,47669000,0.709,26179400,0.710,30118500,156,0,0
sh513130,09:38:26,1766021907998,09:39:26,1766021906843,0.706,0.7049,0.1561,5374.55,0.9048,4.1732,53800,37940,0.7052,0.999,0.705,39300400,0.704,149305000,0.703,108176200,0.702,63009400,0.701,45512800,0.706,78892700,0.707,70437000,0.708,48469400,0.709,26607400,0.710,30713500,1154,0,0
sh513130,09:38:26,1766021908999,09:39:28,1766021908462,0.706,0.7049,0.1561,5374.06,0.9048,3.542,0,0,0.706,1.001,0.705,39300400,0.704,149305000,0.703,108176200,0.702,63009400,0.701,45512800,0.706,78892700,0.707,70437000,0.708,48469400,0.709,26607400,0.710,30713500,536,0,0
sh513130,09:38:29,1766021909997,09:39:28,1766021909018,0.706,0.7049,0.1561,5374.06,0.9048,6.8426,113700,80204,0.7054,0.998,0.705,72753700,0.704,149525000,0.703,107250900,0.702,63030400,0.701,45515000,0.706,78553800,0.707,70437000,0.708,49020400,0.709,26607400,0.710,30713500,977,0,0
sh513130,09:38:29,1766021911012,09:39:30,1766021910463,0.706,0.7049,0.1561,5374.95,0.9048,6.2054,0,0,0.706,1.015,0.705,72753700,0.704,149525000,0.703,107250900,0.702,63030400,0.701,45515000,0.706,78553800,0.707,70437000,0.708,49020400,0.709,26607400,0.710,30713500,548,0,0
sh513130,09:38:29,1766021912022,09:39:30,1766021911182,0.706,0.7049,0.1561,5374.95,0.9048,5.9379,0,0,0.706,1.011,0.705,72753700,0.704,149525000,0.703,107250900,0.702,63030400,0.701,45515000,0.706,78553800,0.707,70437000,0.708,49020400,0.709,26607400,0.710,30713500,840,0,0
sh513130,09:38:29,1766021913017,09:39:32,1766021912434,0.706,0.7049,0.1561,5375.41,0.9048,5.0757,0,0,0.706,0.994,0.705,72753700,0.704,149525000,0.703,107250900,0.702,63030400,0.701,45515000,0.706,78553800,0.707,70437000,0.708,49020400,0.709,26607400,0.710,30713500,582,0,0
sh513130,09:38:29,1766021914029,09:39:32,1766021913353,0.706,0.7049,0.1561,5375.41,0.9048,4.6884,0,0,0.706,1.012,0.705,72753700,0.704,149525000,0.703,107250900,0.702,63030400,0.701,45515000,0.706,78553800,0.707,70437000,0.708,49020400,0.709,26607400,0.710,30713500,675,0,0
sh513130,09:38:32,1766021915037,09:39:34,1766021914437,0.706,0.7048,0.1703,5374.64,0.9048,4.6086,47800,33717,0.7054,1.008,0.705,74865900,0.704,149683200,0.703,106871600,0.702,63046100,0.701,45480100,0.706,77645000,0.707,70523600,0.708,50007400,0.709,26607400,0.710,30728100,599,0,0
sh513130,09:38:32,1766021916041,09:39:34,1766021915530,0.706,0.7048,0.1703,5374.64,0.9048,3.9339,0,0,0.706,1.004,0.705,74865900,0.704,149683200,0.703,106871600,0.702,63046100,0.701,45480100,0.706,77645000,0.707,70523600,0.708,50007400,0.709,26607400,0.710,30728100,510,0,0
sh513130,09:38:35,1766021917023,09:39:36,1766021916427,0.706,0.7048,0.1703,5374.9,0.9048,3.6092,733000,517263,0.7057,0.982,0.705,85118300,0.704,141793200,0.703,106892300,0.702,63078900,0.701,45755000,0.706,78195500,0.707,70623600,0.708,54507400,0.709,26604400,0.710,30728100,595,0,0
sh513130,09:38:35,1766021918024,09:39:36,1766021917699,0.706,0.7048,0.1703,5374.9,0.9048,3.1359,0,0,0.706,1.001,0.705,85118300,0.704,141793200,0.703,106892300,0.702,63078900,0.701,45755000,0.706,78195500,0.707,70623600,0.708,54507400,0.709,26604400,0.710,30728100,325,0,0
sh513130,09:38:35,1766021919027,09:39:38,1766021918461,0.706,0.7048,0.1703,5374.36,0.9048,2.7229,0,0,0.706,1.003,0.705,85118300,0.704,141793200,0.703,106892300,0.702,63078900,0.701,45755000,0.706,78195500,0.707,70623600,0.708,54507400,0.709,26604400,0.710,30728100,565,0,0
sh513130,09:38:38,1766021920026,09:39:38,1766021919873,0.706,0.7048,0.1703,5374.36,0.9048,2.7004,212700,150163,0.706,0.999,0.705,77735000,0.704,141951100,0.703,107306800,0.702,64237200,0.701,45975000,0.706,78291200,0.707,70782700,0.708,54507400,0.709,26604400,0.710,30728100,152,0,0
sh513130,09:38:38,1766021921025,09:39:40,1766021920433,0.706,0.7048,0.1703,5375.36,0.9048,4.5842,0,0,0.706,1.0,0.705,77735000,0.704,141951100,0.703,107306800,0.702,64237200,0.701,45975000,0.706,78291200,0.707,70782700,0.708,54507400,0.709,26604400,0.710,30728100,592,0,0
sh513130,09:38:38,1766021922022,09:39:40,1766021920433,0.706,0.7048,0.1703,5375.36,0.9048,3.5593,0,0,0.706,0.997,0.705,77735000,0.704,141951100,0.703,107306800,0.702,64237200,0.701,45975000,0.706,78291200,0.707,70782700,0.708,54507400,0.709,26604400,0.710,30728100,1589,0,0
sh513130,09:38:41,1766021923025,09:39:42,1766021922487,0.706,0.7055,0.0709,5375.69,0.9048,3.019,85400,60293,0.706,1.003,0.705,93415000,0.704,142075300,0.703,102542900,0.702,51990300,0.701,45970000,0.706,78398200,0.707,70782700,0.708,55497400,0.709,26604400,0.710,30528600,538,0,0
sh513130,09:38:41,1766021924022,09:39:42,1766021922487,0.706,0.7055,0.0709,5375.69,0.9048,3.1272,0,0,0.706,0.996,0.705,93415000,0.704,142075300,0.703,102542900,0.702,51990300,0.701,45970000,0.706,78398200,0.707,70782700,0.708,55497400,0.709,26604400,0.710,30528600,1534,0,0
sh513130,09:38:41,1766021925019,09:39:44,1766021924445,0.706,0.7055,0.0709,5377.05,0.9048,2.6991,0,0,0.706,0.997,0.705,93415000,0.704,142075300,0.703,102542900,0.702,51990300,0.701,45970000,0.706,78398200,0.707,70782700,0.708,55497400,0.709,26604400,0.710,30528600,573,0,0
