symbol,tx_server_time,tx_local_time,bd_server_time,bd_local_time,price,iopv,premium_rate,index_price,fx_rate,sentiment,tick_vol,tick_amt,tick_vwap,interval_s,bp1,bv1,bp2,bv2,bp3,bv3,bp4,bv4,bp5,bv5,sp1,sv1,sp2,sv2,sp3,sv3,sp4,sv4,sp5,sv5,idx_delay_ms,fut_delay_ms,data_flags
sh513130,09:49:11,1766368153975,09:50:12,1766368153848,0.724,0.7251,-0.1517,5536.24,0.9044,2.8077,0,0,0.724,0.0,0.724,89515400,0.723,93717500,0.722,87278200,0.721,38641400,0.720,33265100,0.725,19145400,0.726,92611400,0.727,116787300,0.728,78032800,0.729,44212400,126,0,1
sh513130,09:49:11,1766368154973,09:50:14,1766368154785,0.724,0.7251,-0.1517,5537.0,0.9044,2.311,0,0,0.724,0.998,0.724,89515400,0.723,93717500,0.722,87278200,0.721,38641400,0.720,33265100,0.725,19145400,0.726,92611400,0.727,116787300,0.728,78032800,0.729,44212400,188,0,0
sh513130,09:49:14,1766368155958,09:50:14,1766368154785,0.724,0.7258,-0.248,5537.0,0.9044,4.2695,783300,567278,0.7242,0.985,0.724,89247300,0.723,93962400,0.722,87283200,0.721,38652600,0.720,33265100,0.725,20104700,0.726,92830200,0.727,116759200,0.728,78054300,0.729,44212400,1172,0,0
sh513130,09:49:14,1766368156948,09:50:16,1766368156777,0.724,0.7258,-0.248,5537.67,0.9044,5.7155,0,0,0.724,0.99,0.724,89247300,0.723,93962400,0.722,87283200,0.721,38652600,0.720,33265100,0.725,20104700,0.726,92830200,0.727,116759200,0.728,78054300,0.729,44212400,170,0,0
sh513130,09:49:14,1766368157947,09:50:16,1766368156777,0.724,0.7258,-0.248,5537.67,0.9044,4.7596,0,0,0.724,0.999,0.724,89247300,0.723,93962400,0.722,87283200,0.721,38652600,0.720,33265100,0.725,20104700,0.726,92830200,0.727,116759200,0.728,78054300,0.729,44212400,1169,0,0
sh513130,09:49:17,1766368158947,09:50:18,1766368158735,0.724,0.7258,-0.248,5536.88,0.9044,4.7013,1911300,1385584,0.7249,1.0,0.724,90690400,0.723,94012100,0.722,87512600,0.721,38652600,0.720,33401300,0.725,14054700,0.726,92701000,0.727,116748500,0.728,78125300,0.729,44212400,211,0,0
sh513130,09:49:17,1766368159950,09:50:18,1766368158735,0.724,0.7258,-0.248,5536.88,0.9044,4.6215,0,0,0.724,1.003,0.724,90690400,0.723,94012100,0.722,87512600,0.721,38652600,0.720,33401300,0.725,14054700,0.726,92701000,0.727,116748500,0.728,78125300,0.729,44212400,1214,0,0
sh513130,09:49:17,1766368160955,09:50:20,1766368160736,0.724,0.7258,-0.248,5537.26,0.9044,4.3512,0,0,0.724,1.005,0.724,90690400,0.723,94012100,0.722,87512600,0.721,38652600,0.720,33401300,0.725,14054700,0.726,92701000,0.727,116748500,0.728,78125300,0.729,44212400,219,0,0
sh513130,09:49:17,1766368161943,09:50:20,1766368160736,0.724,0.7258,-0.248,5537.26,0.9044,3.8575,0,0,0.724,0.987,0.724,90690400,0.723,94012100,0.722,87512600,0.721,38652600,0.720,33401300,0.725,14054700,0.726,92701000,0.727,116748500,0.728,78125300,0.729,44212400,1206,0,0
sh513130,09:49:20,1766368162919,09:50:22,1766368162803,0.725,0.7258,-0.1102,5537.69,0.9044,3.2857,610500,442515,0.7248,0.976,0.724,90716700,0.723,94012100,0.722,88505800,0.721,38652600,0.720,33404300,0.725,19589900,0.726,92711000,0.727,121677400,0.728,78144300,0.729,44214400,116,0,0
sh513130,09:49:20,1766368163916,09:50:22,1766368162803,0.725,0.7258,-0.1102,5537.69,0.9044,3.2596,0,0,0.725,0.997,0.724,90716700,0.723,94012100,0.722,88505800,0.721,38652600,0.720,33404300,0.725,19589900,0.726,92711000,0.727,121677400,0.728,78144300,0.729,44214400,1112,0,0
sh513130,09:49:23,1766368164920,09:50:24,1766368164740,0.724,0.7258,-0.248,5537.28,0.9044,2.4356,234100,169583,0.7244,1.004,0.724,90335000,0.723,94005100,0.722,88500900,0.721,38682600,0.720,33503800,0.725,17064300,0.726,92742300,0.727,121975800,0.728,78255300,0.729,44215400,179,0,0
sh513130,09:49:20,1766368165910,09:50:24,1766368164740,0.725,0.7258,-0.1102,5537.28,0.9044,2.4356,0,0,0.725,0.99,0.724,90716700,0.723,94012100,0.722,88505800,0.721,38652600,0.720,33404300,0.725,19589900,0.726,92711000,0.727,121677400,0.728,78144300,0.729,44214400,1169,0,1
sh513130,09:49:23,1766368166903,09:50:26,1766368166844,0.724,0.7258,-0.248,5537.57,0.9044,2.968,234100,169583,0.7244,0.993,0.724,90335000,0.723,94005100,0.722,88500900,0.721,38682600,0.720,33503800,0.725,17064300,0.726,92742300,0.727,121975800,0.728,78255300,0.729,44215400,59,0,0
sh513130,09:49:23,1766368167896,09:50:26,1766368166844,0.724,0.7258,-0.248,5537.57,0.9044,3.0208,0,0,0.724,0.993,0.724,90335000,0.723,94005100,0.722,88500900,0.721,38682600,0.720,33503800,0.725,17064300,0.726,92742300,0.727,121975800,0.728,78255300,0.729,44215400,1051,0,0
sh513130,09:49:26,1766368168904,09:50:28,1766368168753,0.725,0.7258,-0.1102,5538.06,0.9044,2.4281,11703300,8484853,0.725,1.009,0.725,4959500,0.724,90466700,0.723,94014100,0.722,87430900,0.721,38975400,0.726,92609000,0.727,122115200,0.728,78367500,0.729,44559200,0.730,65405900,151,0,0
sh513130,09:49:26,1766368169906,09:50:28,1766368169002,0.725,0.7258,-0.1102,5538.06,0.9044,1.8957,0,0,0.725,1.001,0.725,4959500,0.724,90466700,0.723,94014100,0.722,87430900,0.721,38975400,0.726,92609000,0.727,122115200,0.728,78367500,0.729,44559200,0.730,65405900,903,0,0
sh513130,09:49:26,1766368170910,09:50:30,1766368170789,0.725,0.7258,-0.1102,5538.46,0.9044,1.6345,0,0,0.725,1.004,0.725,4959500,0.724,90466700,0.723,94014100,0.722,87430900,0.721,38975400,0.726,92609000,0.727,122115200,0.728,78367500,0.729,44559200,0.730,65405900,120,0,0
sh513130,09:49:29,1766368171897,09:50:30,1766368171162,0.725,0.7258,-0.1102,5538.46,0.9044,1.6345,1258500,912413,0.725,0.987,0.725,45405800,0.724,90973500,0.723,93040000,0.722,76749400,0.721,39002500,0.726,94250400,0.727,124935500,0.728,79357500,0.729,44559200,0.730,66035900,735,0,0
sh513130,09:49:29,1766368172911,09:50:32,1766368172724,0.725,0.7258,-0.1102,5540.48,0.9044,1.1619,0,0,0.725,1.015,0.725,45405800,0.724,90973500,0.723,93040000,0.722,76749400,0.721,39002500,0.726,94250400,0.727,124935500,0.728,79357500,0.729,44559200,0.730,66035900,186,0,0
sh513130,09:49:29,1766368173912,09:50:32,1766368173328,0.725,0.7258,-0.1102,5540.48,0.9044,1.1388,0,0,0.725,1.001,0.725,45405800,0.724,90973500,0.723,93040000,0.722,76749400,0.721,39002500,0.726,94250400,0.727,124935500,0.728,79357500,0.729,44559200,0.730,66035900,584,0,0
sh513130,09:49:32,1766368174914,09:50:34,1766368174784,0.726,0.7258,0.0276,5540.29,0.9044,3.3374,6821000,4945225,0.725,1.002,0.725,48333100,0.724,83291200,0.723,92368200,0.722,76749900,0.721,39002500,0.726,83226500,0.727,124789600,0.728,85362500,0.729,44584200,0.730,66596500,129,0,0
sh513130,09:49:32,1766368175906,09:50:34,1766368175491,0.726,0.7258,0.0276,5540.29,0.9044,4.4023,0,0,0.726,0.991,0.725,48333100,0.724,83291200,0.723,92368200,0.722,76749900,0.721,39002500,0.726,83226500,0.727,124789600,0.728,85362500,0.729,44584200,0.730,66596500,414,0,0
sh513130,09:49:32,1766368176906,09:50:36,1766368176742,0.726,0.7258,0.0276,5541.17,0.9044,3.8321,0,0,0.726,1.0,0.725,48333100,0.724,83291200,0.723,92368200,0.722,76749900,0.721,39002500,0.726,83226500,0.727,124789600,0.728,85362500,0.729,44584200,0.730,66596500,163,0,0
sh513130,09:49:35,1766368177905,09:50:36,1766368177655,0.725,0.7258,-0.1102,5541.17,0.9044,3.763,258600,187527,0.7252,0.999,0.725,57188100,0.724,84033500,0.723,92308200,0.722,72003700,0.721,39002500,0.726,84369500,0.727,125812300,0.728,86262600,0.729,44604200,0.730,69578000,249,0,0
sh513130,09:49:35,1766368178899,09:50:38,1766368178743,0.725,0.7258,-0.1102,5539.78,0.9044,3.6949,0,0,0.725,0.994,0.725,57188100,0.724,84033500,0.723,92308200,0.722,72003700,0.721,39002500,0.726,84369500,0.727,125812300,0.728,86262600,0.729,44604200,0.730,69578000,155,0,0
sh513130,09:49:35,1766368179894,09:50:38,1766368179824,0.725,0.7258,-0.1102,5539.78,0.9044,1.9673,0,0,0.725,0.995,0.725,57188100,0.724,84033500,0.723,92308200,0.722,72003700,0.721,39002500,0.726,84369500,0.727,125812300,0.728,86262600,0.729,44604200,0.730,69578000,69,0,0
sh513130,09:49:38,1766368180882,09:50:40,1766368180725,0.725,0.7258,-0.1102,5539.97,0.9044,1.9257,34700,25172,0.7254,0.988,0.725,49066100,0.724,94207600,0.723,92304200,0.722,71965400,0.721,39002500,0.726,85322700,0.727,125966300,0.728,87132900,0.729,44530100,0.730,69721100,156,0,0
sh513130,09:49:38,1766368181874,09:50:40,1766368180725,0.725,0.7258,-0.1102,5539.97,0.9044,3.1594,0,0,0.725,0.992,0.725,49066100,0.724,94207600,0.723,92304200,0.722,71965400,0.721,39002500,0.726,85322700,0.727,125966300,0.728,87132900,0.729,44530100,0.730,69721100,1149,0,0
sh513130,09:49:41,1766368182852,09:50:42,1766368182727,0.725,0.7258,-0.1102,5540.23,0.9044,3.1594,141000,102225,0.725,0.978,0.725,48806100,0.724,94237500,0.723,92316000,0.722,71940400,0.721,39057500,0.726,85325800,0.727,125986300,0.728,88003000,0.729,44530100,0.730,69721100,125,0,0
sh513130,09:49:41,1766368183848,09:50:42,1766368182727,0.725,0.7258,-0.1102,5540.23,0.9044,3.1194,0,0,0.725,0.997,0.725,48806100,0.724,94237500,0.723,92316000,0.722,71940400,0.721,39057500,0.726,85325800,0.727,125986300,0.728,88003000,0.729,44530100,0.730,69721100,1121,0,0
sh513130,09:49:41,1766368184862,09:50:44,1766368184853,0.725,0.7258,-0.1102,5540.34,0.9044,3.0283,0,0,0.725,1.014,0.725,48806100,0.724,94237500,0.723,92316000,0.722,71940400,0.721,39057500,0.726,85325800,0.727,125986300,0.728,88003000,0.729,44530100,0.730,69721100,9,0,0
sh513130,09:49:41,1766368185861,09:50:44,1766368184886,0.725,0.7258,-0.1102,5540.34,0.9044,3.0322,0,0,0.725,0.999,0.725,48806100,0.724,94237500,0.723,92316000,0.722,71940400,0.721,39057500,0.726,85325800,0.727,125986300,0.728,88003000,0.729,44530100,0.730,69721100,974,0,0
sh513130,09:49:44,1766368186860,09:50:46,1766368186767,0.725,0.7258,-0.1102,5540.22,0.9044,2.9961,1045100,758395,0.7257,0.999,0.725,45084600,0.724,93965700,0.723,92693200,0.722,72013600,0.721,38671100,0.726,85803500,0.727,126063900,0.728,86262800,0.729,44530100,0.730,69730500,93,0,0
sh513130,09:49:44,1766368187848,09:50:46,1766368186767,0.725,0.7258,-0.1102,5540.22,0.9044,2.9961,0,0,0.725,0.988,0.725,45084600,0.724,93965700,0.723,92693200,0.722,72013600,0.721,38671100,0.726,85803500,0.727,126063900,0.728,86262800,0.729,44530100,0.730,69730500,1081,0,0
sh513130,09:49:47,1766368188853,09:50:48,1766368188780,0.725,0.7258,-0.1102,5540.19,0.9044,2.4676,291400,211270,0.725,1.005,0.725,59982600,0.724,85602200,0.723,92725300,0.722,72013600,0.721,38671100,0.726,85894600,0.727,126117300,0.728,87182900,0.729,44486300,0.730,69749600,73,0,0
sh513130,09:49:47,1766368189842,09:50:48,1766368188780,0.725,0.7258,-0.1102,5540.19,0.9044,3.0946,0,0,0.725,0.989,0.725,59982600,0.724,85602200,0.723,92725300,0.722,72013600,0.721,38671100,0.726,85894600,0.727,126117300,0.728,87182900,0.729,44486300,0.730,69749600,1062,0,0
sh513130,09:49:47,1766368190839,09:50:50,1766368190763,0.725,0.7258,-0.1102,5541.32,0.9044,2.9047,0,0,0.725,0.997,0.725,59982600,0.724,85602200,0.723,92725300,0.722,72013600,0.721,38671100,0.726,85894600,0.727,126117300,0.728,87182900,0.729,44486300,0.730,69749600,75,0,0
sh513130,09:49:47,1766368191833,09:50:50,1766368190763,0.725,0.7258,-0.1102,5541.32,0.9044,2.9047,0,0,0.725,0.995,0.725,59982600,0.724,85602200,0.723,92725300,0.722,72013600,0.721,38671100,0.726,85894600,0.727,126117300,0.728,87182900,0.729,44486300,0.730,69749600,1070,0,0
sh513130,09:49:50,1766368192833,09:50:52,1766368192773,0.726,0.7258,0.0276,5540.52,0.9044,2.9588,10900,7908,0.7255,1.0,0.725,51831000,0.724,94813700,0.723,92745300,0.722,72023600,0.721,38671100,0.726,86472600,0.727,126523600,0.728,88071200,0.729,44596800,0.730,69756100,60,0,0
sh513130,09:49:50,1766368193844,09:50:52,1766368192862,0.726,0.7258,0.0276,5540.52,0.9044,2.5544,0,0,0.726,1.011,0.725,51831000,0.724,94813700,0.723,92745300,0.722,72023600,0.721,38671100,0.726,86472600,0.727,126523600,0.728,88071200,0.729,44596800,0.730,69756100,982,0,0
sh513130,09:49:50,1766368194835,09:50:54,1766368194742,0.726,0.7258,0.0276,5540.67,0.9044,2.5693,0,0,0.726,0.991,0.725,51831000,0.724,94813700,0.723,92745300,0.722,72023600,0.721,38671100,0.726,86472600,0.727,126523600,0.728,88071200,0.729,44596800,0.730,69756100,92,0,0
sh513130,09:49:53,1766368195838,09:50:54,1766368195016,0.725,0.7258,-0.1102,5540.67,0.9044,2.5201,81400,59038,0.7253,1.003,0.725,52294300,0.724,95220800,0.723,92905300,0.722,72123600,0.721,38673500,0.726,86634900,0.727,126524100,0.728,88971300,0.729,44596800,0.730,69798800,821,0,0
sh513130,09:49:53,1766368196844,09:50:56,1766368196766,0.725,0.7258,-0.1102,5541.13,0.9044,2.4718,0,0,0.725,1.006,0.725,52294300,0.724,95220800,0.723,92905300,0.722,72123600,0.721,38673500,0.726,86634900,0.727,126524100,0.728,88971300,0.729,44596800,0.730,69798800,78,0,0
sh513130,09:49:53,1766368197834,09:50:56,1766368197190,0.725,0.7258,-0.1102,5541.13,0.9044,3.4894,0,0,0.725,0.99,0.725,52294300,0.724,95220800,0.723,92905300,0.722,72123600,0.721,38673500,0.726,86634900,0.727,126524100,0.728,88971300,0.729,44596800,0.730,69798800,643,0,0
sh513130,09:49:56,1766368198829,09:50:58,1766368198746,0.726,0.7264,-0.0551,5541.37,0.9044,5.816,171000,124027,0.7253,0.995,0.725,52835700,0.724,95443800,0.723,92930300,0.722,72145900,0.721,38724500,0.726,86406100,0.727,126363200,0.728,86393900,0.729,44600400,0.730,69838800,83,0,0
sh513130,09:49:56,1766368199828,09:50:58,1766368199360,0.726,0.7264,-0.0551,5541.37,0.9044,4.983,0,0,0.726,0.999,0.725,52835700,0.724,95443800,0.723,92930300,0.722,72145900,0.721,38724500,0.726,86406100,0.727,126363200,0.728,86393900,0.729,44600400,0.730,69838800,467,0,0
sh513130,09:49:56,1766368200829,09:51:00,1766368200781,0.726,0.7264,-0.0551,5542.25,0.9044,7.4384,0,0,0.726,1.001,0.725,52835700,0.724,95443800,0.723,92930300,0.722,72145900,0.721,38724500,0.726,86406100,0.727,126363200,0.728,86393900,0.729,44600400,0.730,69838800,48,0,0
sh513130,09:49:59,1766368201817,09:51:00,1766368201526,0.725,0.7264,-0.1927,5542.25,0.9044,7.5038,620400,449842,0.7251,0.988,0.725,60875400,0.724,86962500,0.723,92929100,0.722,72158600,0.721,38724500,0.726,86464200,0.727,126299400,0.728,87272000,0.729,44600400,0.730,69848000,291,0,0
sh513130,09:49:59,1766368202808,09:51:02,1766368202709,0.725,0.7264,-0.1927,5542.04,0.9044,7.1423,0,0,0.725,0.991,0.725,60875400,0.724,86962500,0.723,92929100,0.722,72158600,0.721,38724500,0.726,86464200,0.727,126299400,0.728,87272000,0.729,44600400,0.730,69848000,98,0,0
sh513130,09:49:59,1766368203806,09:51:02,1766368203712,0.725,0.7264,-0.1927,5542.04,0.9044,7.1308,0,0,0.725,0.998,0.725,60875400,0.724,86962500,0.723,92929100,0.722,72158600,0.721,38724500,0.726,86464200,0.727,126299400,0.728,87272000,0.729,44600400,0.730,69848000,94,0,0
sh513130,09:50:02,1766368204816,09:51:04,1766368204752,0.725,0.7264,-0.1927,5542.42,0.9044,8.0055,24400,17714,0.726,1.011,0.725,61590800,0.724,87040500,0.723,92948300,0.722,72158600,0.721,38265100,0.726,69364100,0.727,128149400,0.728,88300500,0.729,59600400,0.730,69849000,64,0,0
sh513130,09:50:02,1766368205819,09:51:04,1766368204752,0.725,0.7264,-0.1927,5542.42,0.9044,7.9251,0,0,0.725,1.003,0.725,61590800,0.724,87040500,0.723,92948300,0.722,72158600,0.721,38265100,0.726,69364100,0.727,128149400,0.728,88300500,0.729,59600400,0.730,69849000,1067,0,0
sh513130,09:50:02,1766368206812,09:51:06,1766368206775,0.725,0.7264,-0.1927,5542.06,0.9044,6.6177,0,0,0.725,0.992,0.725,61590800,0.724,87040500,0.723,92948300,0.722,72158600,0.721,38265100,0.726,69364100,0.727,128149400,0.728,88300500,0.729,59600400,0.730,69849000,36,0,0
sh513130,09:50:05,1766368207789,09:51:06,1766368206775,0.726,0.7264,-0.0551,5542.06,0.9044,6.6177,118200,85732,0.7253,0.978,0.725,62289400,0.724,88926000,0.723,92948000,0.722,61168600,0.721,38210500,0.726,69879400,0.727,126149800,0.728,89300500,0.729,59600400,0.730,69865800,1014,0,0
sh513130,09:50:05,1766368208775,09:51:08,1766368208758,0.726,0.7264,-0.0551,5542.56,0.9044,5.6307,0,0,0.726,0.986,0.725,62289400,0.724,88926000,0.723,92948000,0.722,61168600,0.721,38210500,0.726,69879400,0.727,126149800,0.728,89300500,0.729,59600400,0.730,69865800,17,0,0
sh513130,09:50:05,1766368209773,09:51:08,1766368208758,0.726,0.7264,-0.0551,5542.56,0.9044,5.2761,0,0,0.726,0.998,0.725,62289400,0.724,88926000,0.723,92948000,0.722,61168600,0.721,38210500,0.726,69879400,0.727,126149800,0.728,89300500,0.729,59600400,0.730,69865800,1015,0,0
sh513130,09:50:05,1766368210778,09:51:10,1766368210715,0.726,0.7264,-0.0551,5541.7,0.9044,3.9415,0,0,0.726,1.005,0.725,62289400,0.724,88926000,0.723,92948000,0.722,61168600,0.721,38210500,0.726,69879400,0.727,126149800,0.728,89300500,0.729,59600400,0.730,69865800,63,0,0
sh513130,09:50:08,1766368211782,09:51:10,1766368210715,0.725,0.7264,-0.1927,5541.7,0.9044,3.7192,114600,83113,0.7252,1.004,0.725,62293600,0.724,90019400,0.723,92947500,0.722,61169300,0.721,38210500,0.726,85189100,0.727,126092800,0.728,89303300,0.729,44590400,0.730,69922700,1067,0,0
sh513130,09:50:08,1766368212774,09:51:12,1766368212727,0.725,0.7264,-0.1927,5541.3,0.9044,3.657,0,0,0.725,0.992,0.725,62293600,0.724,90019400,0.723,92947500,0.722,61169300,0.721,38210500,0.726,85189100,0.727,126092800,0.728,89303300,0.729,44590400,0.730,69922700,47,0,0
sh513130,09:50:08,1766368213783,09:51:12,1766368212727,0.725,0.7264,-0.1927,5541.3,0.9044,3.6541,0,0,0.725,1.009,0.725,62293600,0.724,90019400,0.723,92947500,0.722,61169300,0.721,38210500,0.726,85189100,0.727,126092800,0.728,89303300,0.729,44590400,0.730,69922700,1056,0,0
sh513130,09:50:11,1766368214783,09:51:14,1766368214717,0.725,0.7264,-0.1927,5541.57,0.9044,4.6048,136100,98776,0.7258,1.0,0.725,62729400,0.724,91432700,0.723,92947500,0.722,61167300,0.721,38211500,0.726,85066800,0.727,126082800,0.728,90173400,0.729,44580400,0.730,69903700,66,0,0
sh513130,09:50:11,1766368215779,09:51:14,1766368214805,0.725,0.7264,-0.1927,5541.57,0.9044,4.0444,0,0,0.725,0.995,0.725,62729400,0.724,91432700,0.723,92947500,0.722,61167300,0.721,38211500,0.726,85066800,0.727,126082800,0.728,90173400,0.729,44580400,0.730,69903700,973,0,0
sh513130,09:50:11,1766368216756,09:51:16,1766368216731,0.725,0.7264,-0.1927,5541.56,0.9044,4.0444,0,0,0.725,0.978,0.725,62729400,0.724,91432700,0.723,92947500,0.722,61167300,0.721,38211500,0.726,85066800,0.727,126082800,0.728,90173400,0.729,44580400,0.730,69903700,25,0,0
sh513130,09:50:14,1766368217766,09:51:16,1766368216731,0.726,0.7264,-0.0551,5541.56,0.9044,3.1081,97900,71075,0.726,1.009,0.725,63033600,0.724,88966900,0.723,92947500,0.722,61167300,0.721,38727700,0.726,85204400,0.727,126204800,0.728,91043500,0.729,44530400,0.730,69903700,1034,0,0
sh513130,09:50:14,1766368218763,09:51:18,1766368218699,0.726,0.7264,-0.0551,5540.88,0.9044,2.5286,0,0,0.726,0.997,0.725,63033600,0.724,88966900,0.723,92947500,0.722,61167300,0.721,38727700,0.726,85204400,0.727,126204800,0.728,91043500,0.729,44530400,0.730,69903700,63,0,0
sh513130,09:50:17,1766368219753,09:51:18,1766368218896,0.726,0.7264,-0.0551,5540.88,0.9044,2.5286,107400,77957,0.7259,0.99,0.725,53616100,0.724,97581800,0.723,86947200,0.722,59257900,0.721,38757700,0.726,86465300,0.727,127233200,0.728,90752700,0.729,44530400,0.730,69899700,856,0,0
sh513130,09:50:17,1766368220740,09:51:20,1766368220723,0.726,0.7264,-0.0551,5541.64,0.9044,2.4924,0,0,0.726,0.987,0.725,53616100,0.724,97581800,0.723,86947200,0.722,59257900,0.721,38757700,0.726,86465300,0.727,127233200,0.728,90752700,0.729,44530400,0.730,69899700,17,0,0
sh513130,09:50:20,1766368221740,09:51:20,1766368221071,0.726,0.7264,-0.0551,5541.64,0.9044,1.7395,83300,60434,0.7255,1.0,0.725,64149400,0.724,89357800,0.723,86864800,0.722,58135200,0.721,38760700,0.726,86415100,0.727,127216300,0.728,91682800,0.729,44460400,0.730,69965100,669,0,0
sh513130,09:50:17,1766368222734,09:51:22,1766368222724,0.726,0.7264,-0.0551,5540.86,0.9044,1.7054,0,0,0.726,0.994,0.725,53616100,0.724,97581800,0.723,86947200,0.722,59257900,0.721,38757700,0.726,86465300,0.727,127233200,0.728,90752700,0.729,44530400,0.730,69899700,9,0,1
sh513130,09:50:20,1766368223734,09:51:22,1766368223234,0.726,0.7264,-0.0551,5540.86,0.9044,2.3514,83300,60434,0.7255,1.0,0.725,64149400,0.724,89357800,0.723,86864800,0.722,58135200,0.721,38760700,0.726,86415100,0.727,127216300,0.728,91682800,0.729,44460400,0.730,69965100,500,0,0
sh513130,09:50:20,1766368224730,09:51:24,1766368224661,0.726,0.7264,-0.0551,5541.59,0.9044,2.3121,0,0,0.726,0.996,0.725,64149400,0.724,89357800,0.723,86864800,0.722,58135200,0.721,38760700,0.726,86415100,0.727,127216300,0.728,91682800,0.729,44460400,0.730,69965100,68,0,0
sh513130,09:50:23,1766368225731,09:51:24,1766368225414,0.725,0.7264,-0.1927,5541.59,0.9044,1.9336,499000,361996,0.7254,1.001,0.725,63943100,0.724,89441000,0.723,86874800,0.722,59012500,0.721,38536200,0.726,86095300,0.727,127418100,0.728,91742800,0.729,44480400,0.730,69978100,316,0,0
sh513130,09:50:23,1766368226734,09:51:26,1766368226684,0.725,0.7264,-0.1927,5541.23,0.9044,2.4198,0,0,0.725,1.003,0.725,63943100,0.724,89441000,0.723,86874800,0.722,59012500,0.721,38536200,0.726,86095300,0.727,127418100,0.728,91742800,0.729,44480400,0.730,69978100,49,0,0
sh513130,09:50:23,1766368227723,09:51:26,1766368227598,0.725,0.7264,-0.1927,5541.23,0.9044,2.1803,0,0,0.725,0.99,0.725,63943100,0.724,89441000,0.723,86874800,0.722,59012500,0.721,38536200,0.726,86095300,0.727,127418100,0.728,91742800,0.729,44480400,0.730,69978100,125,0,0
sh513130,09:50:26,1766368228721,09:51:28,1766368228686,0.726,0.7264,-0.0551,5541.21,0.9044,2.7701,46400,33667,0.7256,0.997,0.725,47810900,0.724,98191000,0.723,86877800,0.722,61889800,0.721,38536200,0.726,87291300,0.727,127472600,0.728,92612900,0.729,44480400,0.730,69965800,34,0,0
sh513130,09:50:26,1766368229713,09:51:28,1766368228786,0.726,0.7264,-0.0551,5541.21,0.9044,6.5392,0,0,0.726,0.993,0.725,47810900,0.724,98191000,0.723,86877800,0.722,61889800,0.721,38536200,0.726,87291300,0.727,127472600,0.728,92612900,0.729,44480400,0.730,69965800,927,0,0
sh513130,09:50:26,1766368230696,09:51:30,1766368230678,0.726,0.7264,-0.0551,5541.78,0.9044,6.5392,0,0,0.726,0.982,0.725,47810900,0.724,98191000,0.723,86877800,0.722,61889800,0.721,38536200,0.726,87291300,0.727,127472600,0.728,92612900,0.729,44480400,0.730,69965800,17,0,0
sh513130,09:50:29,1766368231703,09:51:30,1766368230733,0.726,0.7264,-0.0551,5541.78,0.9044,6.4487,31000,22506,0.726,1.007,0.725,59647600,0.724,89821500,0.723,86831500,0.722,60751600,0.721,38536200,0.726,87318800,0.727,127482600,0.728,92622900,0.729,44523400,0.730,69975800,969,0,0
sh513130,09:50:29,1766368232676,09:51:32,1766368232658,0.726,0.7264,-0.0551,5541.47,0.9044,5.8031,0,0,0.726,0.973,0.725,59647600,0.724,89821500,0.723,86831500,0.722,60751600,0.721,38536200,0.726,87318800,0.727,127482600,0.728,92622900,0.729,44523400,0.730,69975800,17,0,0
sh513130,09:50:29,1766368233682,09:51:32,1766368232711,0.726,0.7264,-0.0551,5541.47,0.9044,5.5925,0,0,0.726,1.006,0.725,59647600,0.724,89821500,0.723,86831500,0.722,60751600,0.721,38536200,0.726,87318800,0.727,127482600,0.728,92622900,0.729,44523400,0.730,69975800,970,0,0
sh513130,09:50:29,1766368234667,09:51:32,1766368234088,0.726,0.7264,-0.0551,5541.47,0.9044,5.5362,0,0,0.726,0.985,0.725,59647600,0.724,89821500,0.723,86831500,0.722,60751600,0.721,38536200,0.726,87318800,0.727,127482600,0.728,92622900,0.729,44523400,0.730,69975800,578,0,0
sh513130,09:50:32,1766368235671,09:51:34,1766368234747,0.725,0.7264,-0.1927,5541.41,0.9044,5.1468,843000,611715,0.7256,1.003,0.725,56536600,0.724,98641000,0.723,86836200,0.722,61628900,0.721,38536200,0.726,85886700,0.727,126330100,0.728,93577000,0.729,44603700,0.730,69986300,923,0,0
sh513130,09:50:32,1766368236664,09:51:34,1766368236254,0.725,0.7264,-0.1927,5541.41,0.9044,5.0626,0,0,0.725,0.993,0.725,56536600,0.724,98641000,0.723,86836200,0.722,61628900,0.721,38536200,0.726,85886700,0.727,126330100,0.728,93577000,0.729,44603700,0.730,69986300,410,0,0
sh513130,09:50:35,1766368237669,09:51:36,1766368236730,0.725,0.7264,-0.1927,5540.75,0.9044,4.529,15500,11247,0.7256,1.005,0.725,65248100,0.724,90236800,0.723,86837500,0.722,62506200,0.721,38536200,0.726,86875300,0.727,126298100,0.728,92607000,0.729,44703700,0.730,70066500,939,0,0
sh513130,09:50:35,1766368238665,09:51:36,1766368238418,0.725,0.7264,-0.1927,5540.75,0.9044,4.3677,0,0,0.725,0.996,0.725,65248100,0.724,90236800,0.723,86837500,0.722,62506200,0.721,38536200,0.726,86875300,0.727,126298100,0.728,92607000,0.729,44703700,0.730,70066500,246,0,0
sh513130,09:50:35,1766368239667,09:51:38,1766368238777,0.725,0.7264,-0.1927,5541.11,0.9044,4.2738,0,0,0.725,1.002,0.725,65248100,0.724,90236800,0.723,86837500,0.722,62506200,0.721,38536200,0.726,86875300,0.727,126298100,0.728,92607000,0.729,44703700,0.730,70066500,889,0,0
sh513130,09:50:38,1766368240670,09:51:38,1766368240593,0.725,0.7264,-0.1927,5541.11,0.9044,3.8428,65800,47754,0.7257,1.003,0.725,65511600,0.724,90211500,0.723,86827600,0.722,63377500,0.721,38536200,0.726,85946200,0.727,126178100,0.728,94467100,0.729,44703700,0.730,70176600,77,0,0
sh513130,09:50:38,1766368241659,09:51:40,1766368240813,0.725,0.7264,-0.1927,5542.46,0.9044,4.0866,0,0,0.725,0.989,0.725,65511600,0.724,90211500,0.723,86827600,0.722,63377500,0.721,38536200,0.726,85946200,0.727,126178100,0.728,94467100,0.729,44703700,0.730,70176600,846,0,0
sh513130,09:50:41,1766368242664,09:51:42,1766368242662,0.726,0.7264,-0.0551,5542.63,0.9044,4.0587,262400,190443,0.7258,1.005,0.725,57366900,0.724,98611500,0.723,86257000,0.722,64259800,0.721,38536200,0.726,87073700,0.727,126201500,0.728,95337200,0.729,44683700,0.730,70177000,1,0,0
sh513130,09:50:38,1766368243669,09:51:42,1766368242771,0.725,0.7264,-0.1927,5542.63,0.9044,5.0477,0,0,0.725,1.005,0.725,65511600,0.724,90211500,0.723,86827600,0.722,63377500,0.721,38536200,0.726,85946200,0.727,126178100,0.728,94467100,0.729,44703700,0.730,70176600,898,0,1
sh513130,09:50:41,1766368244660,09:51:42,1766368242771,0.726,0.7264,-0.0551,5542.63,0.9044,4.9645,262400,190443,0.7258,0.991,0.725,57366900,0.724,98611500,0.723,86257000,0.722,64259800,0.721,38536200,0.726,87073700,0.727,126201500,0.728,95337200,0.729,44683700,0.730,70177000,1888,0,0
sh513130,09:50:41,1766368245655,09:51:44,1766368244953,0.726,0.7264,-0.0551,5542.12,0.9044,3.849,0,0,0.726,0.996,0.725,57366900,0.724,98611500,0.723,86257000,0.722,64259800,0.721,38536200,0.726,87073700,0.727,126201500,0.728,95337200,0.729,44683700,0.730,70177000,702,0,0
sh513130,09:50:44,1766368246663,09:51:44,1766368244953,0.725,0.7258,-0.1102,5542.12,0.9044,3.4179,232700,168715,0.725,1.008,0.725,57113400,0.724,97385000,0.723,86257000,0.722,65137100,0.721,38482900,0.726,87076600,0.727,126171800,0.728,96207500,0.729,44706200,0.730,70237500,1710,0,0
sh513130,09:50:44,1766368247670,09:51:46,1766368247125,0.725,0.7258,-0.1102,5542.12,0.9044,3.2821,0,0,0.725,1.007,0.725,57113400,0.724,97385000,0.723,86257000,0.722,65137100,0.721,38482900,0.726,87076600,0.727,126171800,0.728,96207500,0.729,44706200,0.730,70237500,544,0,0
sh513130,09:50:44,1766368248669,09:51:46,1766368247125,0.725,0.7258,-0.1102,5542.12,0.9044,3.2212,0,0,0.725,0.999,0.725,57113400,0.724,97385000,0.723,86257000,0.722,65137100,0.721,38482900,0.726,87076600,0.727,126171800,0.728,96207500,0.729,44706200,0.730,70237500,1543,0,0
sh513130,09:50:47,1766368249654,09:51:48,1766368249296,0.725,0.7258,-0.1102,5542.0,0.9044,2.8084,160800,116614,0.7252,0.985,0.725,57378100,0.724,97705000,0.723,86226000,0.722,66014400,0.721,38482900,0.726,88416900,0.727,126192700,0.728,95217500,0.729,44706200,0.730,70291900,357,0,0
sh513130,09:50:47,1766368250647,09:51:48,1766368249296,0.725,0.7258,-0.1102,5542.0,0.9044,2.5902,0,0,0.725,0.993,0.725,57378100,0.724,97705000,0.723,86226000,0.722,66014400,0.721,38482900,0.726,88416900,0.727,126192700,0.728,95217500,0.729,44706200,0.730,70291900,1350,0,0
sh513130,09:50:47,1766368251650,09:51:50,1766368251465,0.725,0.7258,-0.1102,5542.52,0.9044,5.3952,0,0,0.725,1.003,0.725,57378100,0.724,97705000,0.723,86226000,0.722,66014400,0.721,38482900,0.726,88416900,0.727,126192700,0.728,95217500,0.729,44706200,0.730,70291900,184,0,0
sh513130,09:50:50,1766368252655,09:51:50,1766368251465,0.726,0.7258,0.0276,5542.52,0.9044,5.3041,1030000,747762,0.726,1.005,0.725,57461200,0.724,98086100,0.723,86153500,0.722,66362500,0.721,38532900,0.726,86500900,0.727,126171100,0.728,96208900,0.729,45694200,0.730,70303200,1189,0,0
sh513130,09:50:50,1766368253660,09:51:52,1766368253637,0.726,0.7258,0.0276,5542.58,0.9044,5.1133,0,0,0.726,1.005,0.725,57461200,0.724,98086100,0.723,86153500,0.722,66362500,0.721,38532900,0.726,86500900,0.727,126171100,0.728,96208900,0.729,45694200,0.730,70303200,22,0,0
sh513130,09:50:50,1766368254653,09:51:52,1766368253637,0.726,0.7258,0.0276,5542.58,0.9044,5.0294,0,0,0.726,0.993,0.725,57461200,0.724,98086100,0.723,86153500,0.722,66362500,0.721,38532900,0.726,86500900,0.727,126171100,0.728,96208900,0.729,45694200,0.730,70303200,1015,0,0
sh513130,09:50:50,1766368255652,09:51:54,1766368254754,0.726,0.7258,0.0276,5541.36,0.9044,4.8454,0,0,0.726,1.0,0.725,57461200,0.724,98086100,0.723,86153500,0.722,66362500,0.721,38532900,0.726,86500900,0.727,126171100,0.728,96208900,0.729,45694200,0.730,70303200,898,0,0
sh513130,09:50:53,1766368256649,09:51:54,1766368255799,0.726,0.7258,0.0276,5541.36,0.9044,4.7641,144600,104838,0.725,0.996,0.725,49547200,0.724,98154600,0.723,85942100,0.722,68362500,0.721,38572700,0.726,87663900,0.727,126197100,0.728,91774700,0.729,45719000,0.730,70310200,849,0,0
sh513130,09:50:53,1766368257645,09:51:56,1766368256721,0.726,0.7258,0.0276,5540.12,0.9044,5.6314,0,0,0.726,0.996,0.725,49547200,0.724,98154600,0.723,85942100,0.722,68362500,0.721,38572700,0.726,87663900,0.727,126197100,0.728,91774700,0.729,45719000,0.730,70310200,923,0,0
sh513130,09:50:56,1766368258651,09:51:56,1766368257976,0.725,0.7258,-0.1102,5540.12,0.9044,5.5738,1004200,728045,0.725,1.006,0.725,21696500,0.724,98104500,0.723,85875000,0.722,80672000,0.721,38572700,0.726,88510400,0.727,125623300,0.728,85689200,0.729,45721000,0.730,70331600,675,0,0
sh513130,09:50:56,1766368259643,09:51:58,1766368258743,0.725,0.7258,-0.1102,5539.94,0.9044,5.0621,0,0,0.725,0.992,0.725,21696500,0.724,98104500,0.723,85875000,0.722,80672000,0.721,38572700,0.726,88510400,0.727,125623300,0.728,85689200,0.729,45721000,0.730,70331600,900,0,0
sh513130,09:50:59,1766368260650,09:51:58,1766368260137,0.725,0.7258,-0.1102,5539.94,0.9044,4.9787,17217100,12482442,0.725,1.006,0.724,99824800,0.723,86875000,0.722,80916100,0.721,38583700,0.720,38693700,0.725,1700000,0.726,90764100,0.727,123113300,0.728,84699200,0.729,45721000,512,0,0
sh513130,09:50:59,1766368261649,09:52:00,1766368260766,0.725,0.7258,-0.1102,5539.45,0.9044,4.1534,0,0,0.725,0.999,0.724,99824800,0.723,86875000,0.722,80916100,0.721,38583700,0.720,38693700,0.725,1700000,0.726,90764100,0.727,123113300,0.728,84699200,0.729,45721000,882,0,0
sh513130,09:50:59,1766368262655,09:52:00,1766368262290,0.725,0.7258,-0.1102,5539.45,0.9044,4.0895,0,0,0.725,1.006,0.724,99824800,0.723,86875000,0.722,80916100,0.721,38583700,0.720,38693700,0.725,1700000,0.726,90764100,0.727,123113300,0.728,84699200,0.729,45721000,364,0,0
sh513130,09:50:59,1766368263657,09:52:02,1766368263253,0.725,0.7258,-0.1102,5539.02,0.9044,2.5371,0,0,0.725,1.002,0.724,99824800,0.723,86875000,0.722,80916100,0.721,38583700,0.720,38693700,0.725,1700000,0.726,90764100,0.727,123113300,0.728,84699200,0.729,45721000,403,0,0
sh513130,09:51:02,1766368264664,09:52:04,1766368264661,0.725,0.7258,-0.1102,5538.58,0.9044,2.499,523800,379755,0.725,1.007,0.724,99582900,0.723,87151800,0.722,80916100,0.721,38583700,0.720,38623700,0.725,4593500,0.726,92803200,0.727,123464700,0.728,83309200,0.729,45733800,3,0,0
sh513130,09:51:02,1766368265664,09:52:04,1766368264714,0.725,0.7258,-0.1102,5538.58,0.9044,1.6367,0,0,0.725,1.0,0.724,99582900,0.723,87151800,0.722,80916100,0.721,38583700,0.720,38623700,0.725,4593500,0.726,92803200,0.727,123464700,0.728,83309200,0.729,45733800,948,0,0
sh513130,09:51:02,1766368266667,09:52:04,1766368266623,0.725,0.7258,-0.1102,5538.58,0.9044,1.6253,0,0,0.725,1.004,0.724,99582900,0.723,87151800,0.722,80916100,0.721,38583700,0.720,38623700,0.725,4593500,0.726,92803200,0.727,123464700,0.728,83309200,0.729,45733800,44,0,0
sh513130,09:51:05,1766368267650,09:52:06,1766368266804,0.725,0.7258,-0.1102,5538.26,0.9044,1.6253,49200,35635,0.7243,0.983,0.724,98582700,0.723,87092600,0.722,82026000,0.721,38583700,0.720,38607700,0.725,23995900,0.726,89859800,0.727,119627500,0.728,78414200,0.729,45833800,845,0,0
sh513130,09:51:05,1766368268642,09:52:06,1766368266804,0.725,0.7258,-0.1102,5538.26,0.9044,0.9939,0,0,0.725,0.992,0.724,98582700,0.723,87092600,0.722,82026000,0.721,38583700,0.720,38607700,0.725,23995900,0.726,89859800,0.727,119627500,0.728,78414200,0.729,45833800,1837,0,0
sh513130,09:51:05,1766368269644,09:52:08,1766368268815,0.725,0.7258,-0.1102,5537.2,0.9044,1.5099,0,0,0.725,1.002,0.724,98582700,0.723,87092600,0.722,82026000,0.721,38583700,0.720,38607700,0.725,23995900,0.726,89859800,0.727,119627500,0.728,78414200,0.729,45833800,829,0,0
sh513130,09:51:08,1766368270642,09:52:08,1766368268815,0.725,0.7251,-0.0138,5537.2,0.9044,1.4802,1653600,1198828,0.725,0.998,0.724,99075400,0.723,87064700,0.722,82026000,0.721,38583700,0.720,38502700,0.725,27559000,0.726,89651400,0.727,119626300,0.728,72286100,0.729,45883800,1827,0,0
sh513130,09:51:08,1766368271640,09:52:10,1766368270963,0.725,0.7251,-0.0138,5537.61,0.9044,2.8844,0,0,0.725,0.998,0.724,99075400,0.723,87064700,0.722,82026000,0.721,38583700,0.720,38502700,0.725,27559000,0.726,89651400,0.727,119626300,0.728,72286100,0.729,45883800,676,0,0
sh513130,09:51:08,1766368272652,09:52:10,1766368270963,0.725,0.7251,-0.0138,5537.61,0.9044,2.2977,0,0,0.725,1.012,0.724,99075400,0.723,87064700,0.722,82026000,0.721,38583700,0.720,38502700,0.725,27559000,0.726,89651400,0.727,119626300,0.728,72286100,0.729,45883800,1688,0,0
sh513130,09:51:11,1766368273654,09:52:12,1766368273141,0.725,0.7251,-0.0138,5537.52,0.9044,2.2534,294800,213688,0.7249,1.002,0.724,99016300,0.723,87030800,0.722,81919700,0.721,38584700,0.720,38502700,0.725,25389000,0.726,91277800,0.727,119634500,0.728,72281100,0.729,45886000,512,0,0
sh513130,09:51:11,1766368274663,09:52:12,1766368273141,0.725,0.7251,-0.0138,5537.52,0.9044,1.5645,0,0,0.725,1.009,0.724,99016300,0.723,87030800,0.722,81919700,0.721,38584700,0.720,38502700,0.725,25389000,0.726,91277800,0.727,119634500,0.728,72281100,0.729,45886000,1521,0,0
sh513130,09:51:11,1766368275664,09:52:14,1766368275310,0.725,0.7251,-0.0138,5536.62,0.9044,1.5338,0,0,0.725,1.001,0.724,99016300,0.723,87030800,0.722,81919700,0.721,38584700,0.720,38502700,0.725,25389000,0.726,91277800,0.727,119634500,0.728,72281100,0.729,45886000,354,0,0
sh513130,09:51:14,1766368276651,09:52:14,1766368275310,0.725,0.7251,-0.0138,5536.62,0.9044,1.4323,72900,52850,0.725,0.987,0.724,98679200,0.723,86683700,0.722,81919700,0.721,38584700,0.720,38502700,0.725,20981400,0.726,92695300,0.727,119711900,0.728,78454100,0.729,45886000,1340,0,0
sh513130,09:51:14,1766368277641,09:52:16,1766368277486,0.725,0.7251,-0.0138,5537.71,0.9044,1.3815,0,0,0.725,0.99,0.724,98679200,0.723,86683700,0.722,81919700,0.721,38584700,0.720,38502700,0.725,20981400,0.726,92695300,0.727,119711900,0.728,78454100,0.729,45886000,155,0,0
sh513130,09:51:14,1766368278652,09:52:16,1766368277486,0.725,0.7251,-0.0138,5537.71,0.9044,1.3618,0,0,0.725,1.011,0.724,98679200,0.723,86683700,0.722,81919700,0.721,38584700,0.720,38502700,0.725,20981400,0.726,92695300,0.727,119711900,0.728,78454100,0.729,45886000,1166,0,0
sh513130,09:51:17,1766368279654,09:52:18,1766368278725,0.725,0.7251,-0.0138,5536.94,0.9044,2.6346,257400,186604,0.725,1.002,0.724,97636400,0.723,86792300,0.722,82925200,0.721,38555800,0.720,38630100,0.725,34970200,0.726,93356700,0.727,119761900,0.728,74281100,0.729,45916000,929,0,0
sh513130,09:51:17,1766368280652,09:52:18,1766368279663,0.725,0.7251,-0.0138,5536.94,0.9044,2.5882,0,0,0.725,0.998,0.724,97636400,0.723,86792300,0.722,82925200,0.721,38555800,0.720,38630100,0.725,34970200,0.726,93356700,0.727,119761900,0.728,74281100,0.729,45916000,989,0,0
sh513130,09:51:17,1766368281656,09:52:20,1766368280749,0.725,0.7251,-0.0138,5536.67,0.9044,2.2108,0,0,0.725,1.003,0.724,97636400,0.723,86792300,0.722,82925200,0.721,38555800,0.720,38630100,0.725,34970200,0.726,93356700,0.727,119761900,0.728,74281100,0.729,45916000,906,0,0
sh513130,09:51:20,1766368282652,09:52:20,1766368281829,0.725,0.7251,-0.0138,5536.67,0.9044,2.961,514100,372229,0.724,0.997,0.724,97245200,0.723,86792300,0.722,82947200,0.721,38555800,0.720,38653600,0.725,35303400,0.726,94313000,0.727,119629200,0.728,74323100,0.729,45966000,823,0,0
sh513130,09:51:20,1766368283665,09:52:22,1766368282728,0.725,0.7251,-0.0138,5535.91,0.9044,2.9052,0,0,0.725,1.013,0.724,97245200,0.723,86792300,0.722,82947200,0.721,38555800,0.720,38653600,0.725,35303400,0.726,94313000,0.727,119629200,0.728,74323100,0.729,45966000,937,0,0
sh513130,09:51:20,1766368284663,09:52:22,1766368284004,0.725,0.7251,-0.0138,5535.91,0.9044,2.8997,0,0,0.725,0.998,0.724,97245200,0.723,86792300,0.722,82947200,0.721,38555800,0.720,38653600,0.725,35303400,0.726,94313000,0.727,119629200,0.728,74323100,0.729,45966000,658,0,0
sh513130,09:51:23,1766368285660,09:52:24,1766368284776,0.725,0.7251,-0.0138,5535.85,0.9044,3.1409,521500,378088,0.725,0.997,0.724,97302200,0.723,86995700,0.722,82947200,0.721,38555800,0.720,38673600,0.725,34882500,0.726,95203300,0.727,119697500,0.728,74323100,0.729,45966000,883,0,0
sh513130,09:51:23,1766368286653,09:52:24,1766368286186,0.725,0.7251,-0.0138,5535.85,0.9044,3.0543,0,0,0.725,0.993,0.724,97302200,0.723,86995700,0.722,82947200,0.721,38555800,0.720,38673600,0.725,34882500,0.726,95203300,0.727,119697500,0.728,74323100,0.729,45966000,465,0,0
sh513130,09:51:23,1766368287662,09:52:26,1766368286777,0.725,0.7251,-0.0138,5536.05,0.9044,3.9357,0,0,0.725,1.009,0.724,97302200,0.723,86995700,0.722,82947200,0.721,38555800,0.720,38673600,0.725,34882500,0.726,95203300,0.727,119697500,0.728,74323100,0.729,45966000,884,0,0
sh513130,09:51:26,1766368288662,09:52:26,1766368288353,0.724,0.7251,-0.1517,5536.05,0.9044,3.5877,82800,59951,0.724,1.0,0.724,96701000,0.723,87392300,0.722,82947200,0.721,38557800,0.720,38673600,0.725,29942600,0.726,96312600,0.727,119908200,0.728,72329800,0.729,45971000,308,0,0
sh513130,09:51:26,1766368289658,09:52:28,1766368288745,0.724,0.7251,-0.1517,5535.46,0.9044,3.3839,0,0,0.724,0.997,0.724,96701000,0.723,87392300,0.722,82947200,0.721,38557800,0.720,38673600,0.725,29942600,0.726,96312600,0.727,119908200,0.728,72329800,0.729,45971000,913,0,0
sh513130,09:51:26,1766368290665,09:52:30,1766368290659,0.724,0.7251,-0.1517,5535.68,0.9044,0.826,0,0,0.724,1.007,0.724,96701000,0.723,87392300,0.722,82947200,0.721,38557800,0.720,38673600,0.725,29942600,0.726,96312600,0.727,119908200,0.728,72329800,0.729,45971000,6,0,0
sh513130,09:51:29,1766368291655,09:52:30,1766368290713,0.724,0.7251,-0.1517,5535.68,0.9044,0.8095,7500,5435,0.7247,0.99,0.724,97365600,0.723,87385700,0.722,82947200,0.721,38557800,0.720,38678600,0.725,29985900,0.726,96758100,0.727,120073200,0.728,72739800,0.729,45981000,941,0,0
sh513130,09:51:29,1766368292656,09:52:30,1766368290713,0.724,0.7251,-0.1517,5535.68,0.9044,3.6417,0,0,0.724,1.001,0.724,97365600,0.723,87385700,0.722,82947200,0.721,38557800,0.720,38678600,0.725,29985900,0.726,96758100,0.727,120073200,0.728,72739800,0.729,45981000,1942,0,0
sh513130,09:51:29,1766368293665,09:52:32,1766368292727,0.724,0.7251,-0.1517,5535.53,0.9044,3.9264,0,0,0.724,1.009,0.724,97365600,0.723,87385700,0.722,82947200,0.721,38557800,0.720,38678600,0.725,29985900,0.726,96758100,0.727,120073200,0.728,72739800,0.729,45981000,937,0,0
sh513130,09:51:32,1766368294659,09:52:32,1766368292727,0.725,0.7251,-0.0138,5535.53,0.9044,3.8998,126800,91854,0.7244,0.995,0.724,97209200,0.723,87403300,0.722,82951500,0.721,38558800,0.720,38718600,0.725,27945200,0.726,96804200,0.727,120076900,0.728,72739800,0.729,45981700,1931,0,0
sh513130,09:51:32,1766368295661,09:52:34,1766368294856,0.725,0.7251,-0.0138,5535.78,0.9044,4.0597,0,0,0.725,1.002,0.724,97209200,0.723,87403300,0.722,82951500,0.721,38558800,0.720,38718600,0.725,27945200,0.726,96804200,0.727,120076900,0.728,72739800,0.729,45981700,804,0,0
sh513130,09:51:32,1766368296664,09:52:34,1766368294856,0.725,0.7251,-0.0138,5535.78,0.9044,6.2763,0,0,0.725,1.003,0.724,97209200,0.723,87403300,0.722,82951500,0.721,38558800,0.720,38718600,0.725,27945200,0.726,96804200,0.727,120076900,0.728,72739800,0.729,45981700,1807,0,0
sh513130,09:51:35,1766368297660,09:52:36,1766368297021,0.725,0.7251,-0.0138,5534.78,0.9044,6.1861,29600,21458,0.7249,0.996,0.724,97346400,0.723,87495200,0.722,82952000,0.721,38558800,0.720,38718600,0.725,25717600,0.726,96865700,0.727,120109900,0.728,72739600,0.729,45986300,638,0,0
sh513130,09:51:35,1766368298649,09:52:36,1766368297021,0.725,0.7251,-0.0138,5534.78,0.9044,5.4513,0,0,0.725,0.989,0.724,97346400,0.723,87495200,0.722,82952000,0.721,38558800,0.720,38718600,0.725,25717600,0.726,96865700,0.727,120109900,0.728,72739600,0.729,45986300,1627,0,0
sh513130,09:51:35,1766368299641,09:52:38,1766368299190,0.725,0.7251,-0.0138,5536.01,0.9044,4.5583,0,0,0.725,0.992,0.724,97346400,0.723,87495200,0.722,82952000,0.721,38558800,0.720,38718600,0.725,25717600,0.726,96865700,0.727,120109900,0.728,72739600,0.729,45986300,450,0,0
sh513130,09:51:35,1766368300643,09:52:38,1766368299190,0.725,0.7251,-0.0138,5536.01,0.9044,4.4919,0,0,0.725,1.003,0.724,97346400,0.723,87495200,0.722,82952000,0.721,38558800,0.720,38718600,0.725,25717600,0.726,96865700,0.727,120109900,0.728,72739600,0.729,45986300,1453,0,0
sh513130,09:51:38,1766368301634,09:52:40,1766368301354,0.725,0.7251,-0.0138,5537.11,0.9044,3.8226,17300,12543,0.725,0.99,0.724,97397200,0.723,87485500,0.722,82882000,0.721,38558800,0.720,38752100,0.725,15588600,0.726,100701200,0.727,120219600,0.728,79077600,0.729,45986900,280,0,0
sh513130,09:51:41,1766368302627,09:52:40,1766368301354,0.724,0.7251,-0.1517,5537.11,0.9044,2.5715,116600,84431,0.7241,0.993,0.724,96994600,0.723,87705500,0.722,82777000,0.721,38558900,0.720,38752100,0.725,14683700,0.726,100913700,0.727,120215300,0.728,78577600,0.729,46014500,1273,0,0
sh513130,09:51:38,1766368303633,09:52:42,1766368303540,0.725,0.7251,-0.0138,5535.54,0.9044,2.2182,0,0,0.725,1.006,0.724,97397200,0.723,87485500,0.722,82882000,0.721,38558800,0.720,38752100,0.725,15588600,0.726,100701200,0.727,120219600,0.728,79077600,0.729,45986900,92,0,1
sh513130,09:51:41,1766368304630,09:52:42,1766368303540,0.724,0.7251,-0.1517,5535.54,0.9044,2.181,116600,84431,0.7241,0.997,0.724,96994600,0.723,87705500,0.722,82777000,0.721,38558900,0.720,38752100,0.725,14683700,0.726,100913700,0.727,120215300,0.728,78577600,0.729,46014500,1089,0,0
sh513130,09:51:44,1766368305631,09:52:44,1766368304771,0.725,0.7251,-0.0138,5535.54,0.9044,2.2461,8400,6090,0.725,1.001,0.724,97108400,0.723,87752500,0.722,82749300,0.721,38558900,0.720,38752100,0.725,24936200,0.726,97025700,0.727,120306700,0.728,74406600,0.729,45974500,860,0,0
sh513130,09:51:44,1766368306628,09:52:44,1766368305712,0.725,0.7251,-0.0138,5535.54,0.9044,1.799,0,0,0.725,0.997,0.724,97108400,0.723,87752500,0.722,82749300,0.721,38558900,0.720,38752100,0.725,24936200,0.726,97025700,0.727,120306700,0.728,74406600,0.729,45974500,916,0,0
sh513130,09:51:44,1766368307620,09:52:46,1766368306808,0.725,0.7251,-0.0138,5535.55,0.9044,1.7638,0,0,0.725,0.992,0.724,97108400,0.723,87752500,0.722,82749300,0.721,38558900,0.720,38752100,0.725,24936200,0.726,97025700,0.727,120306700,0.728,74406600,0.729,45974500,811,0,0
sh513130,09:51:47,1766368308620,09:52:46,1766368307876,0.725,0.7251,-0.0138,5535.55,0.9044,0.555,37500,27167,0.7245,1.0,0.724,101598200,0.723,88405200,0.722,83739300,0.721,38558900,0.720,38752100,0.725,31223400,0.726,97604200,0.727,120246000,0.728,72426600,0.729,45981400,743,0,0
sh513130,09:51:47,1766368309625,09:52:48,1766368308795,0.725,0.7251,-0.0138,5534.78,0.9044,0.4231,0,0,0.725,1.005,0.724,101598200,0.723,88405200,0.722,83739300,0.721,38558900,0.720,38752100,0.725,31223400,0.726,97604200,0.727,120246000,0.728,72426600,0.729,45981400,829,0,0
sh513130,09:51:47,1766368310632,09:52:48,1766368310040,0.725,0.7251,-0.0138,5534.78,0.9044,0.8401,0,0,0.725,1.007,0.724,101598200,0.723,88405200,0.722,83739300,0.721,38558900,0.720,38752100,0.725,31223400,0.726,97604200,0.727,120246000,0.728,72426600,0.729,45981400,591,0,0
sh513130,09:51:47,1766368311631,09:52:50,1766368310755,0.725,0.7251,-0.0138,5535.47,0.9044,2.3738,0,0,0.725,0.999,0.724,101598200,0.723,88405200,0.722,83739300,0.721,38558900,0.720,38752100,0.725,31223400,0.726,97604200,0.727,120246000,0.728,72426600,0.729,45981400,876,0,0
sh513130,09:51:50,1766368312634,09:52:50,1766368312210,0.724,0.7251,-0.1517,5535.47,0.9044,1.6408,57700,41783,0.7241,1.003,0.724,101161700,0.723,88426900,0.722,83723800,0.721,38558900,0.720,38752100,0.725,29249800,0.726,97824700,0.727,120309600,0.728,72408400,0.729,45981400,424,0,0
sh513130,09:51:50,1766368313622,09:52:52,1766368312747,0.724,0.7251,-0.1517,5534.71,0.9044,1.5763,0,0,0.724,0.988,0.724,101161700,0.723,88426900,0.722,83723800,0.721,38558900,0.720,38752100,0.725,29249800,0.726,97824700,0.727,120309600,0.728,72408400,0.729,45981400,874,0,0
sh513130,09:51:50,1766368314623,09:52:52,1766368314376,0.724,0.7251,-0.1517,5534.71,0.9044,1.5453,0,0,0.724,1.002,0.724,101161700,0.723,88426900,0.722,83723800,0.721,38558900,0.720,38752100,0.725,29249800,0.726,97824700,0.727,120309600,0.728,72408400,0.729,45981400,246,0,0
sh513130,09:51:53,1766368315632,09:52:54,1766368314706,0.725,0.7251,-0.0138,5535.12,0.9044,1.5506,489800,354845,0.7245,1.008,0.724,100917700,0.723,88426900,0.722,83747600,0.721,38643900,0.720,38802100,0.725,29053200,0.726,98160900,0.727,120038600,0.728,72408400,0.729,45991500,925,0,0
sh513130,09:51:53,1766368316630,09:52:54,1766368316556,0.725,0.7251,-0.0138,5535.12,0.9044,1.3727,0,0,0.725,0.998,0.724,100917700,0.723,88426900,0.722,83747600,0.721,38643900,0.720,38802100,0.725,29053200,0.726,98160900,0.727,120038600,0.728,72408400,0.729,45991500,73,0,0
sh513130,09:51:53,1766368317616,09:52:56,1766368316773,0.725,0.7251,-0.0138,5534.43,0.9044,1.3455,0,0,0.725,0.986,0.724,100917700,0.723,88426900,0.722,83747600,0.721,38643900,0.720,38802100,0.725,29053200,0.726,98160900,0.727,120038600,0.728,72408400,0.729,45991500,842,0,0
sh513130,09:51:56,1766368318619,09:52:56,1766368316773,0.725,0.7251,-0.0138,5534.43,0.9044,1.403,73000,52855,0.724,1.003,0.724,100981200,0.723,88876900,0.722,83773400,0.721,38643900,0.720,38802100,0.725,28141900,0.726,98424700,0.727,120024900,0.728,74394600,0.729,45991500,1846,0,0
sh513130,09:51:56,1766368319626,09:52:58,1766368318722,0.725,0.7251,-0.0138,5535.2,0.9044,1.0649,0,0,0.725,1.007,0.724,100981200,0.723,88876900,0.722,83773400,0.721,38643900,0.720,38802100,0.725,28141900,0.726,98424700,0.727,120024900,0.728,74394600,0.729,45991500,903,0,0
sh513130,09:51:56,1766368320620,09:52:58,1766368318722,0.725,0.7251,-0.0138,5535.2,0.9044,1.0437,0,0,0.725,0.994,0.724,100981200,0.723,88876900,0.722,83773400,0.721,38643900,0.720,38802100,0.725,28141900,0.726,98424700,0.727,120024900,0.728,74394600,0.729,45991500,1898,0,0
sh513130,09:51:59,1766368321620,09:53:00,1766368320888,0.725,0.7251,-0.0138,5535.82,0.9044,4.0503,38000,27550,0.725,1.0,0.724,101278100,0.723,89142700,0.722,83573400,0.721,38693900,0.720,38802600,0.725,28752500,0.726,98474100,0.727,120028200,0.728,74387600,0.729,45991500,732,0,0
sh513130,09:51:59,1766368322623,09:53:00,1766368320888,0.725,0.7251,-0.0138,5535.82,0.9044,3.9782,0,0,0.725,1.003,0.724,101278100,0.723,89142700,0.722,83573400,0.721,38693900,0.720,38802600,0.725,28752500,0.726,98474100,0.727,120028200,0.728,74387600,0.729,45991500,1735,0,0
sh513130,09:51:59,1766368323625,09:53:02,1766368323247,0.725,0.7251,-0.0138,5535.53,0.9044,2.8278,0,0,0.725,1.002,0.724,101278100,0.723,89142700,0.722,83573400,0.721,38693900,0.720,38802600,0.725,28752500,0.726,98474100,0.727,120028200,0.728,74387600,0.729,45991500,378,0,0
sh513130,09:51:59,1766368324626,09:53:02,1766368323247,0.725,0.7251,-0.0138,5535.53,0.9044,2.0284,0,0,0.725,1.0,0.724,101278100,0.723,89142700,0.722,83573400,0.721,38693900,0.720,38802600,0.725,28752500,0.726,98474100,0.727,120028200,0.728,74387600,0.729,45991500,1378,0,0
sh513130,09:52:02,1766368325626,09:53:04,1766368325210,0.725,0.7251,-0.0138,5535.62,0.9044,1.8557,6300,4567,0.7249,1.001,0.724,102437100,0.723,89059500,0.722,82583400,0.721,38753900,0.720,38802600,0.725,24163000,0.726,98509100,0.727,120017900,0.728,78560600,0.729,45991500,416,0,0
sh513130,09:52:05,1766368326625,09:53:04,1766368325210,0.724,0.7251,-0.1517,5535.62,0.9044,1.3836,525600,380559,0.724,0.999,0.724,102171900,0.723,89087100,0.722,82643400,0.721,38753900,0.720,38804200,0.725,16864800,0.726,103577500,0.727,120071700,0.728,78858600,0.729,45501500,1415,0,0
sh513130,09:52:05,1766368327618,09:53:06,1766368327365,0.724,0.7251,-0.1517,5535.07,0.9044,1.1994,0,0,0.724,0.993,0.724,102171900,0.723,89087100,0.722,82643400,0.721,38753900,0.720,38804200,0.725,16864800,0.726,103577500,0.727,120071700,0.728,78858600,0.729,45501500,253,0,0
sh513130,09:52:05,1766368328625,09:53:06,1766368327365,0.724,0.7251,-0.1517,5535.07,0.9044,1.7278,0,0,0.724,1.007,0.724,102171900,0.723,89087100,0.722,82643400,0.721,38753900,0.720,38804200,0.725,16864800,0.726,103577500,0.727,120071700,0.728,78858600,0.729,45501500,1260,0,0
sh513130,09:52:05,1766368329617,09:53:08,1766368329541,0.724,0.7251,-0.1517,5534.24,0.9044,1.7075,0,0,0.724,0.992,0.724,102171900,0.723,89087100,0.722,82643400,0.721,38753900,0.720,38804200,0.725,16864800,0.726,103577500,0.727,120071700,0.728,78858600,0.729,45501500,75,0,0
sh513130,09:52:05,1766368330618,09:53:08,1766368329541,0.724,0.7251,-0.1517,5534.24,0.9044,1.5138,0,0,0.724,1.001,0.724,102171900,0.723,89087100,0.722,82643400,0.721,38753900,0.720,38804200,0.725,16864800,0.726,103577500,0.727,120071700,0.728,78858600,0.729,45501500,1076,0,0
sh513130,09:52:08,1766368331620,09:53:10,1766368330713,0.725,0.7251,-0.0138,5534.02,0.9044,3.3479,186100,134858,0.7247,1.002,0.724,101175700,0.723,89054500,0.722,83813400,0.721,38892600,0.720,38804700,0.725,21658700,0.726,103668500,0.727,120091700,0.728,78856600,0.729,45501500,906,0,0
sh513130,09:52:08,1766368332690,09:53:12,1766368332681,0.725,0.7251,-0.0138,5533.78,0.9044,3.2358,0,0,0.725,1.07,0.724,101175700,0.723,89054500,0.722,83813400,0.721,38892600,0.720,38804700,0.725,21658700,0.726,103668500,0.727,120091700,0.728,78856600,0.729,45501500,9,0,0
sh513130,09:52:11,1766368333618,09:53:12,1766368332750,0.725,0.7251,-0.0138,5533.78,0.9044,3.2184,58800,42622,0.7249,0.928,0.724,101575700,0.723,89139000,0.722,83813400,0.721,38762600,0.720,38804700,0.725,28449900,0.726,99722200,0.727,120131700,0.728,74656600,0.729,45508500,867,0,0
sh513130,09:52:11,1766368334622,09:53:12,1766368333901,0.725,0.7251,-0.0138,5533.78,0.9044,4.2062,0,0,0.725,1.004,0.724,101575700,0.723,89139000,0.722,83813400,0.721,38762600,0.720,38804700,0.725,28449900,0.726,99722200,0.727,120131700,0.728,74656600,0.729,45508500,721,0,0
sh513130,09:52:11,1766368335618,09:53:14,1766368334728,0.725,0.7251,-0.0138,5534.33,0.9044,4.4651,0,0,0.725,0.995,0.724,101575700,0.723,89139000,0.722,83813400,0.721,38762600,0.720,38804700,0.725,28449900,0.726,99722200,0.727,120131700,0.728,74656600,0.729,45508500,889,0,0
sh513130,09:52:14,1766368336620,09:53:14,1766368336076,0.724,0.7251,-0.1517,5534.33,0.9044,4.3878,836100,606111,0.7249,1.002,0.724,101591600,0.723,89189000,0.722,83813400,0.721,38762600,0.720,38804700,0.725,27155900,0.726,99673600,0.727,120140100,0.728,74659600,0.729,45508500,544,0,0
sh513130,09:52:14,1766368337623,09:53:16,1766368336718,0.724,0.7251,-0.1517,5533.64,0.9044,4.7083,0,0,0.724,1.003,0.724,101591600,0.723,89189000,0.722,83813400,0.721,38762600,0.720,38804700,0.725,27155900,0.726,99673600,0.727,120140100,0.728,74659600,0.729,45508500,905,0,0
sh513130,09:52:14,1766368338620,09:53:16,1766368338234,0.724,0.7251,-0.1517,5533.64,0.9044,3.6898,0,0,0.724,0.997,0.724,101591600,0.723,89189000,0.722,83813400,0.721,38762600,0.720,38804700,0.725,27155900,0.726,99673600,0.727,120140100,0.728,74659600,0.729,45508500,385,0,0
sh513130,09:52:17,1766368339622,09:53:18,1766368338710,0.724,0.7251,-0.1517,5533.65,0.9044,3.6339,1008100,730871,0.725,1.002,0.724,102465700,0.723,89311900,0.722,82856100,0.721,38767600,0.720,38794700,0.725,15149500,0.726,104549300,0.727,120176900,0.728,78834600,0.729,45509700,911,0,0
sh513130,09:52:17,1766368340628,09:53:18,1766368340394,0.724,0.7251,-0.1517,5533.65,0.9044,3.5676,0,0,0.724,1.006,0.724,102465700,0.723,89311900,0.722,82856100,0.721,38767600,0.720,38794700,0.725,15149500,0.726,104549300,0.727,120176900,0.728,78834600,0.729,45509700,233,0,0
sh513130,09:52:17,1766368341618,09:53:20,1766368340712,0.724,0.7251,-0.1517,5534.24,0.9044,4.4099,0,0,0.724,0.99,0.724,102465700,0.723,89311900,0.722,82856100,0.721,38767600,0.720,38794700,0.725,15149500,0.726,104549300,0.727,120176900,0.728,78834600,0.729,45509700,906,0,0
sh513130,09:52:20,1766368342622,09:53:20,1766368342562,0.724,0.7251,-0.1517,5534.24,0.9044,4.3333,55000,39822,0.724,1.003,0.724,102123200,0.723,89313900,0.722,83777900,0.721,38767600,0.720,38794700,0.725,30754900,0.726,100666500,0.727,120265800,0.728,72659600,0.729,45335200,59,0,0
sh513130,09:52:20,1766368343619,09:53:22,1766368342712,0.724,0.7251,-0.1517,5534.68,0.9044,3.8605,0,0,0.724,0.997,0.724,102123200,0.723,89313900,0.722,83777900,0.721,38767600,0.720,38794700,0.725,30754900,0.726,100666500,0.727,120265800,0.728,72659600,0.729,45335200,906,0,0
sh513130,09:52:20,1766368344621,09:53:22,1766368342712,0.724,0.7251,-0.1517,5534.68,0.9044,3.791,0,0,0.724,1.002,0.724,102123200,0.723,89313900,0.722,83777900,0.721,38767600,0.720,38794700,0.725,30754900,0.726,100666500,0.727,120265800,0.728,72659600,0.729,45335200,1908,0,0
sh513130,09:52:23,1766368345617,09:53:24,1766368344771,0.725,0.7251,-0.0138,5534.6,0.9044,4.3236,678400,491840,0.725,0.996,0.724,102143000,0.723,89297900,0.722,83777900,0.721,38767600,0.720,38794700,0.725,14732100,0.726,104591000,0.727,120366400,0.728,78832600,0.729,45385700,845,0,0
sh513130,09:52:23,1766368346622,09:53:24,1766368344771,0.725,0.7251,-0.0138,5534.6,0.9044,4.131,0,0,0.725,1.005,0.724,102143000,0.723,89297900,0.722,83777900,0.721,38767600,0.720,38794700,0.725,14732100,0.726,104591000,0.727,120366400,0.728,78832600,0.729,45385700,1850,0,0
sh513130,09:52:26,1766368347622,09:53:26,1766368346907,0.724,0.7251,-0.1517,5534.12,0.9044,3.9101,37200,26932,0.724,1.0,0.724,102247000,0.723,89386000,0.722,83802200,0.721,38867600,0.720,38794700,0.725,24464400,0.726,100778400,0.727,120366400,0.728,74852100,0.729,45385700,715,0,0
sh513130,09:52:26,1766368348627,09:53:26,1766368346907,0.724,0.7251,-0.1517,5534.12,0.9044,5.1306,0,0,0.724,1.005,0.724,102247000,0.723,89386000,0.722,83802200,0.721,38867600,0.720,38794700,0.725,24464400,0.726,100778400,0.727,120366400,0.728,74852100,0.729,45385700,1720,0,0
sh513130,09:52:26,1766368349621,09:53:28,1766368349064,0.724,0.7251,-0.1517,5532.95,0.9044,3.1348,0,0,0.724,0.995,0.724,102247000,0.723,89386000,0.722,83802200,0.721,38867600,0.720,38794700,0.725,24464400,0.726,100778400,0.727,120366400,0.728,74852100,0.729,45385700,556,0,0
sh513130,09:52:26,1766368350626,09:53:28,1766368349064,0.724,0.7251,-0.1517,5532.95,0.9044,3.3362,0,0,0.724,1.005,0.724,102247000,0.723,89386000,0.722,83802200,0.721,38867600,0.720,38794700,0.725,24464400,0.726,100778400,0.727,120366400,0.728,74852100,0.729,45385700,1561,0,0
sh513130,09:52:29,1766368351623,09:53:30,1766368351217,0.725,0.7251,-0.0138,5533.49,0.9044,3.6401,74800,54228,0.725,0.997,0.724,102303500,0.723,89932900,0.722,84058700,0.721,38867600,0.720,38795200,0.725,31022400,0.726,100870400,0.727,120375300,0.728,72862100,0.729,45370700,406,0,0
sh513130,09:52:29,1766368352624,09:53:30,1766368351217,0.725,0.7251,-0.0138,5533.49,0.9044,3.6401,0,0,0.725,1.001,0.724,102303500,0.723,89932900,0.722,84058700,0.721,38867600,0.720,38795200,0.725,31022400,0.726,100870400,0.727,120375300,0.728,72862100,0.729,45370700,1407,0,0
sh513130,09:52:32,1766368353636,09:53:32,1766368353385,0.724,0.7251,-0.1517,5533.39,0.9044,3.0093,30400,22030,0.7247,1.012,0.724,98407800,0.723,89933400,0.722,85058700,0.721,40870600,0.720,38863200,0.725,51064300,0.726,98876400,0.727,119855300,0.728,57490900,0.729,45370700,250,0,0
sh513130,09:52:32,1766368354624,09:53:32,1766368353385,0.724,0.7251,-0.1517,5533.39,0.9044,2.9527,0,0,0.724,0.987,0.724,98407800,0.723,89933400,0.722,85058700,0.721,40870600,0.720,38863200,0.725,51064300,0.726,98876400,0.727,119855300,0.728,57490900,0.729,45370700,1238,0,0
sh513130,09:52:32,1766368355623,09:53:34,1766368355560,0.724,0.7251,-0.1517,5533.45,0.9044,2.8983,0,0,0.724,0.999,0.724,98407800,0.723,89933400,0.722,85058700,0.721,40870600,0.720,38863200,0.725,51064300,0.726,98876400,0.727,119855300,0.728,57490900,0.729,45370700,62,0,0
sh513130,09:52:32,1766368356628,09:53:34,1766368355560,0.724,0.7251,-0.1517,5533.45,0.9044,3.4668,0,0,0.724,1.005,0.724,98407800,0.723,89933400,0.722,85058700,0.721,40870600,0.720,38863200,0.725,51064300,0.726,98876400,0.727,119855300,0.728,57490900,0.729,45370700,1067,0,0
sh513130,09:52:35,1766368357618,09:53:36,1766368356713,0.725,0.7251,-0.0138,5533.13,0.9044,3.4314,10300,7462,0.7245,0.99,0.724,98474900,0.723,90820300,0.722,85018700,0.721,40871100,0.720,38876000,0.725,34726500,0.726,98917700,0.727,119739800,0.728,72490300,0.729,45370700,905,0,0
sh513130,09:52:35,1766368358627,09:53:36,1766368357750,0.725,0.7251,-0.0138,5533.13,0.9044,3.0081,0,0,0.725,1.009,0.724,98474900,0.723,90820300,0.722,85018700,0.721,40871100,0.720,38876000,0.725,34726500,0.726,98917700,0.727,119739800,0.728,72490300,0.729,45370700,876,0,0
sh513130,09:52:38,1766368359616,09:53:38,1766368358722,0.725,0.7251,-0.0138,5533.01,0.9044,4.5055,9400,6808,0.7243,0.99,0.724,90171400,0.723,99294200,0.722,85146700,0.721,40871100,0.720,38888700,0.725,53684700,0.726,98939300,0.727,118749800,0.728,57418600,0.729,45370700,893,0,0
sh513130,09:52:38,1766368360604,09:53:38,1766368359925,0.725,0.7251,-0.0138,5533.01,0.9044,2.8573,0,0,0.725,0.988,0.724,90171400,0.723,99294200,0.722,85146700,0.721,40871100,0.720,38888700,0.725,53684700,0.726,98939300,0.727,118749800,0.728,57418600,0.729,45370700,679,0,0
sh513130,09:52:38,1766368361590,09:53:40,1766368360758,0.725,0.7251,-0.0138,5532.55,0.9044,2.8573,0,0,0.725,0.986,0.724,90171400,0.723,99294200,0.722,85146700,0.721,40871100,0.720,38888700,0.725,53684700,0.726,98939300,0.727,118749800,0.728,57418600,0.729,45370700,832,0,0
sh513130,09:52:38,1766368362578,09:53:40,1766368362101,0.725,0.7251,-0.0138,5532.55,0.9044,2.8244,0,0,0.725,0.988,0.724,90171400,0.723,99294200,0.722,85146700,0.721,40871100,0.720,38888700,0.725,53684700,0.726,98939300,0.727,118749800,0.728,57418600,0.729,45370700,477,0,0
sh513130,09:52:41,1766368363568,09:53:42,1766368362704,0.725,0.7251,-0.0138,5531.37,0.9044,2.7708,216200,156743,0.725,0.989,0.724,98809600,0.723,80894200,0.722,85102900,0.721,41749600,0.720,38981100,0.725,51620700,0.726,100908200,0.727,118750100,0.728,57389800,0.729,45372700,863,0,0
sh513130,09:52:41,1766368364572,09:53:42,1766368364359,0.725,0.7251,-0.0138,5531.37,0.9044,3.6483,0,0,0.725,1.004,0.724,98809600,0.723,80894200,0.722,85102900,0.721,41749600,0.720,38981100,0.725,51620700,0.726,100908200,0.727,118750100,0.728,57389800,0.729,45372700,212,0,0
sh513130,09:52:41,1766368365569,09:53:44,1766368364739,0.725,0.7251,-0.0138,5530.93,0.9044,2.6177,0,0,0.725,0.997,0.724,98809600,0.723,80894200,0.722,85102900,0.721,41749600,0.720,38981100,0.725,51620700,0.726,100908200,0.727,118750100,0.728,57389800,0.729,45372700,829,0,0
sh513130,09:52:44,1766368366557,09:53:44,1766368366432,0.725,0.7258,-0.1102,5530.93,0.9044,2.2581,227200,164648,0.7247,0.989,0.724,98887600,0.723,80954400,0.722,85102900,0.721,42628100,0.720,39005100,0.725,51792700,0.726,100983200,0.727,118765100,0.728,57375800,0.729,45372700,125,0,0
sh513130,09:52:44,1766368367559,09:53:46,1766368366767,0.725,0.7258,-0.1102,5530.34,0.9044,2.2247,0,0,0.725,1.002,0.724,98887600,0.723,80954400,0.722,85102900,0.721,42628100,0.720,39005100,0.725,51792700,0.726,100983200,0.727,118765100,0.728,57375800,0.729,45372700,792,0,0
sh513130,09:52:44,1766368368549,09:53:46,1766368366767,0.725,0.7258,-0.1102,5530.34,0.9044,2.2247,0,0,0.725,0.99,0.724,98887600,0.723,80954400,0.722,85102900,0.721,42628100,0.720,39005100,0.725,51792700,0.726,100983200,0.727,118765100,0.728,57375800,0.729,45372700,1782,0,0
sh513130,09:52:47,1766368369536,09:53:48,1766368368768,0.725,0.7258,-0.1102,5531.22,0.9044,2.1816,9000,6525,0.725,0.988,0.724,90896400,0.723,89360400,0.722,85162900,0.721,43506600,0.720,39005100,0.725,52515600,0.726,100933400,0.727,118765100,0.728,57375600,0.729,45372700,768,0,0
sh513130,09:52:47,1766368370542,09:53:48,1766368368768,0.725,0.7258,-0.1102,5531.22,0.9044,2.0275,0,0,0.725,1.006,0.724,90896400,0.723,89360400,0.722,85162900,0.721,43506600,0.720,39005100,0.725,52515600,0.726,100933400,0.727,118765100,0.728,57375600,0.729,45372700,1773,0,0
sh513130,09:52:47,1766368371538,09:53:50,1766368370749,0.725,0.7258,-0.1102,5531.62,0.9044,2.3851,0,0,0.725,0.996,0.724,90896400,0.723,89360400,0.722,85162900,0.721,43506600,0.720,39005100,0.725,52515600,0.726,100933400,0.727,118765100,0.728,57375600,0.729,45372700,789,0,0
sh513130,09:52:47,1766368372536,09:53:50,1766368370749,0.725,0.7258,-0.1102,5531.62,0.9044,2.3419,0,0,0.725,0.998,0.724,90896400,0.723,89360400,0.722,85162900,0.721,43506600,0.720,39005100,0.725,52515600,0.726,100933400,0.727,118765100,0.728,57375600,0.729,45372700,1787,0,0
sh513130,09:52:50,1766368373530,09:53:52,1766368372924,0.725,0.725,0.0,5531.05,0.9044,2.2734,136900,99162,0.7243,0.994,0.724,99360000,0.723,82009200,0.722,85163900,0.721,44385100,0.720,39183500,0.725,53080300,0.726,101041700,0.727,118960100,0.728,57395200,0.729,45372700,606,0,0
sh513130,09:52:50,1766368374535,09:53:52,1766368372924,0.725,0.725,0.0,5531.05,0.9044,2.4822,0,0,0.725,1.004,0.724,99360000,0.723,82009200,0.722,85163900,0.721,44385100,0.720,39183500,0.725,53080300,0.726,101041700,0.727,118960100,0.728,57395200,0.729,45372700,1610,0,0
sh513130,09:52:53,1766368375535,09:53:54,1766368375080,0.724,0.725,-0.1379,5531.22,0.9044,2.4656,256500,185730,0.7241,1.0,0.724,90733200,0.723,90315400,0.722,85163900,0.721,45263600,0.720,39183500,0.725,52842100,0.726,101051700,0.727,118951300,0.728,57395200,0.729,45372700,455,0,0
sh513130,09:52:53,1766368376519,09:53:54,1766368375080,0.724,0.725,-0.1379,5531.22,0.9044,2.4656,0,0,0.724,0.984,0.724,90733200,0.723,90315400,0.722,85163900,0.721,45263600,0.720,39183500,0.725,52842100,0.726,101051700,0.727,118951300,0.728,57395200,0.729,45372700,1439,0,0
sh513130,09:52:53,1766368377516,09:53:56,1766368377236,0.724,0.725,-0.1379,5531.31,0.9044,2.7165,0,0,0.724,0.997,0.724,90733200,0.723,90315400,0.722,85163900,0.721,45263600,0.720,39183500,0.725,52842100,0.726,101051700,0.727,118951300,0.728,57395200,0.729,45372700,279,0,0
sh513130,09:52:56,1766368378521,09:53:56,1766368377236,0.725,0.725,0.0,5531.31,0.9044,2.1918,784200,568545,0.725,1.005,0.724,99191100,0.723,82080400,0.722,85513900,0.721,46157100,0.720,39225900,0.725,36600200,0.726,100576900,0.727,119166300,0.728,72385200,0.729,45372700,1284,0,0
sh513130,09:52:56,1766368379521,09:53:58,1766368379401,0.725,0.725,0.0,5530.83,0.9044,2.0926,0,0,0.725,1.0,0.724,99191100,0.723,82080400,0.722,85513900,0.721,46157100,0.720,39225900,0.725,36600200,0.726,100576900,0.727,119166300,0.728,72385200,0.729,45372700,120,0,0
sh513130,09:52:56,1766368380514,09:53:58,1766368379401,0.725,0.725,0.0,5530.83,0.9044,3.1232,0,0,0.725,0.992,0.724,99191100,0.723,82080400,0.722,85513900,0.721,46157100,0.720,39225900,0.725,36600200,0.726,100576900,0.727,119166300,0.728,72385200,0.729,45372700,1113,0,0
sh513130,09:52:59,1766368381521,09:54:00,1766368380775,0.725,0.725,0.0,5530.02,0.9044,2.1868,2400,1740,0.725,1.008,0.724,99637200,0.723,82080400,0.722,85474700,0.721,47035600,0.720,39366900,0.725,53475700,0.726,100589000,0.727,119146300,0.728,57448200,0.729,45322700,746,0,0
sh513130,09:52:59,1766368382521,09:54:00,1766368381571,0.725,0.725,0.0,5530.02,0.9044,1.9211,0,0,0.725,1.0,0.724,99637200,0.723,82080400,0.722,85474700,0.721,47035600,0.720,39366900,0.725,53475700,0.726,100589000,0.727,119146300,0.728,57448200,0.729,45322700,949,0,0
sh513130,09:52:59,1766368383511,09:54:02,1766368383244,0.725,0.725,0.0,5530.35,0.9044,2.7534,0,0,0.725,0.99,0.724,99637200,0.723,82080400,0.722,85474700,0.721,47035600,0.720,39366900,0.725,53475700,0.726,100589000,0.727,119146300,0.728,57448200,0.729,45322700,266,0,0
sh513130,09:52:59,1766368384510,09:54:02,1766368383763,0.725,0.725,0.0,5530.35,0.9044,2.705,0,0,0.725,0.999,0.724,99637200,0.723,82080400,0.722,85474700,0.721,47035600,0.720,39366900,0.725,53475700,0.726,100589000,0.727,119146300,0.728,57448200,0.729,45322700,746,0,0
sh513130,09:53:02,1766368385511,09:54:04,1766368384734,0.725,0.725,0.0,5531.36,0.9044,2.7048,894300,648307,0.7249,1.001,0.724,102301900,0.723,81081600,0.722,85474700,0.721,40644100,0.720,39366900,0.725,36564400,0.726,100469000,0.727,119168300,0.728,72454200,0.729,45322700,776,0,0
sh513130,09:53:02,1766368386513,09:54:04,1766368385928,0.725,0.725,0.0,5531.36,0.9044,2.6533,0,0,0.725,1.002,0.724,102301900,0.723,81081600,0.722,85474700,0.721,40644100,0.720,39366900,0.725,36564400,0.726,100469000,0.727,119168300,0.728,72454200,0.729,45322700,584,0,0
sh513130,09:53:05,1766368387522,09:54:06,1766368386749,0.725,0.725,0.0,5531.73,0.9044,2.4322,37300,27037,0.7249,1.009,0.724,100531300,0.723,81269100,0.722,85474700,0.721,42644100,0.720,39366900,0.725,53962500,0.726,98655600,0.727,119195300,0.728,57454200,0.729,45295000,773,0,0
sh513130,09:53:05,1766368388519,09:54:06,1766368388089,0.725,0.725,0.0,5531.73,0.9044,3.884,0,0,0.725,0.997,0.724,100531300,0.723,81269100,0.722,85474700,0.721,42644100,0.720,39366900,0.725,53962500,0.726,98655600,0.727,119195300,0.728,57454200,0.729,45295000,429,0,0
sh513130,09:53:05,1766368389505,09:54:08,1766368388729,0.725,0.725,0.0,5532.17,0.9044,3.7604,0,0,0.725,0.986,0.724,100531300,0.723,81269100,0.722,85474700,0.721,42644100,0.720,39366900,0.725,53962500,0.726,98655600,0.727,119195300,0.728,57454200,0.729,45295000,775,0,0
sh513130,09:53:08,1766368390501,09:54:08,1766368390253,0.724,0.725,-0.1379,5532.17,0.9044,4.4373,20200,14642,0.7249,0.996,0.724,100531300,0.723,81263900,0.722,85568600,0.721,43522600,0.720,39366900,0.725,49677600,0.726,100757400,0.727,119144100,0.728,60647700,0.729,45295000,248,0,0
sh513130,09:53:08,1766368391488,09:54:10,1766368390721,0.724,0.725,-0.1379,5530.9,0.9044,4.4373,0,0,0.724,0.987,0.724,100531300,0.723,81263900,0.722,85568600,0.721,43522600,0.720,39366900,0.725,49677600,0.726,100757400,0.727,119144100,0.728,60647700,0.729,45295000,767,0,0
sh513130,09:53:08,1766368392504,09:54:10,1766368392425,0.724,0.725,-0.1379,5530.9,0.9044,4.3766,0,0,0.724,1.016,0.724,100531300,0.723,81263900,0.722,85568600,0.721,43522600,0.720,39366900,0.725,49677600,0.726,100757400,0.727,119144100,0.728,60647700,0.729,45295000,78,0,0
sh513130,09:53:11,1766368393494,09:54:12,1766368392743,0.724,0.725,-0.1379,5530.35,0.9044,2.0612,205300,148646,0.724,0.99,0.724,92043800,0.723,89783900,0.722,85568600,0.721,44401100,0.720,39283300,0.725,54860900,0.726,98898500,0.727,119173000,0.728,57414700,0.729,45235000,750,0,0
sh513130,09:53:11,1766368394491,09:54:12,1766368392743,0.724,0.725,-0.1379,5530.35,0.9044,1.0248,0,0,0.724,0.997,0.724,92043800,0.723,89783900,0.722,85568600,0.721,44401100,0.720,39283300,0.725,54860900,0.726,98898500,0.727,119173000,0.728,57414700,0.729,45235000,1747,0,0
sh513130,09:53:11,1766368395486,09:54:14,1766368394747,0.724,0.725,-0.1379,5529.77,0.9044,1.2621,0,0,0.724,0.995,0.724,92043800,0.723,89783900,0.722,85568600,0.721,44401100,0.720,39283300,0.725,54860900,0.726,98898500,0.727,119173000,0.728,57414700,0.729,45235000,738,0,0
sh513130,09:53:14,1766368396486,09:54:14,1766368394747,0.724,0.725,-0.1379,5529.77,0.9044,1.1617,8600,6234,0.7249,1.0,0.724,91430200,0.723,89757900,0.722,85588600,0.721,47279600,0.720,39288100,0.725,54842300,0.726,99592400,0.727,118899500,0.728,57413900,0.729,45235000,1738,0,0
sh513130,09:53:14,1766368397484,09:54:16,1766368396779,0.724,0.725,-0.1379,5529.73,0.9044,1.1386,0,0,0.724,0.999,0.724,91430200,0.723,89757900,0.722,85588600,0.721,47279600,0.720,39288100,0.725,54842300,0.726,99592400,0.727,118899500,0.728,57413900,0.729,45235000,705,0,0
sh513130,09:53:14,1766368398481,09:54:16,1766368396779,0.724,0.725,-0.1379,5529.73,0.9044,1.2458,0,0,0.724,0.996,0.724,91430200,0.723,89757900,0.722,85588600,0.721,47279600,0.720,39288100,0.725,54842300,0.726,99592400,0.727,118899500,0.728,57413900,0.729,45235000,1701,0,0
sh513130,09:53:17,1766368399480,09:54:18,1766368398944,0.724,0.725,-0.1379,5530.01,0.9044,1.1234,40200,29105,0.724,1.0,0.724,83747800,0.723,89757900,0.722,85596000,0.721,55538100,0.720,39288100,0.725,56052700,0.726,99619200,0.727,118019700,0.728,57413900,0.729,45235000,536,0,0
sh513130,09:53:17,1766368400472,09:54:18,1766368398944,0.724,0.725,-0.1379,5530.01,0.9044,1.1234,0,0,0.724,0.991,0.724,83747800,0.723,89757900,0.722,85596000,0.721,55538100,0.720,39288100,0.725,56052700,0.726,99619200,0.727,118019700,0.728,57413900,0.729,45235000,1527,0,0
sh513130,09:53:17,1766368401474,09:54:20,1766368401108,0.724,0.725,-0.1379,5529.98,0.9044,1.8464,0,0,0.724,1.003,0.724,83747800,0.723,89757900,0.722,85596000,0.721,55538100,0.720,39288100,0.725,56052700,0.726,99619200,0.727,118019700,0.728,57413900,0.729,45235000,366,0,0
sh513130,09:53:20,1766368402470,09:54:20,1766368401108,0.724,0.725,-0.1379,5529.98,0.9044,1.3673,336000,243437,0.7245,0.996,0.724,82982100,0.723,89761200,0.722,85596000,0.721,52416600,0.720,39306500,0.725,59264700,0.726,99073300,0.727,117956000,0.728,57413900,0.729,45235000,1361,0,0
sh513130,09:53:20,1766368403467,09:54:22,1766368403265,0.724,0.725,-0.1379,5530.8,0.9044,1.8036,0,0,0.724,0.997,0.724,82982100,0.723,89761200,0.722,85596000,0.721,52416600,0.720,39306500,0.725,59264700,0.726,99073300,0.727,117956000,0.728,57413900,0.729,45235000,201,0,0
sh513130,09:53:20,1766368404467,09:54:22,1766368403265,0.724,0.725,-0.1379,5530.8,0.9044,1.5611,0,0,0.724,1.0,0.724,82982100,0.723,89761200,0.722,85596000,0.721,52416600,0.720,39306500,0.725,59264700,0.726,99073300,0.727,117956000,0.728,57413900,0.729,45235000,1201,0,0
sh513130,09:53:23,1766368405472,09:54:24,1766368405429,0.724,0.725,-0.1379,5530.54,0.9044,1.5304,109500,79281,0.724,1.004,0.724,77931200,0.723,89723700,0.722,85596000,0.721,62295100,0.720,39591700,0.725,61282100,0.726,99057500,0.727,107030300,0.728,57417900,0.729,45255000,42,0,0
sh513130,09:53:23,1766368406471,09:54:24,1766368405429,0.724,0.725,-0.1379,5530.54,0.9044,1.5127,0,0,0.724,0.999,0.724,77931200,0.723,89723700,0.722,85596000,0.721,62295100,0.720,39591700,0.725,61282100,0.726,99057500,0.727,107030300,0.728,57417900,0.729,45255000,1042,0,0
sh513130,09:53:23,1766368407472,09:54:26,1766368406716,0.724,0.725,-0.1379,5530.03,0.9044,3.6469,0,0,0.724,1.001,0.724,77931200,0.723,89723700,0.722,85596000,0.721,62295100,0.720,39591700,0.725,61282100,0.726,99057500,0.727,107030300,0.728,57417900,0.729,45255000,755,0,0
sh513130,09:53:23,1766368408472,09:54:26,1766368407585,0.724,0.725,-0.1379,5530.03,0.9044,2.9562,0,0,0.724,1.0,0.724,77931200,0.723,89723700,0.722,85596000,0.721,62295100,0.720,39591700,0.725,61282100,0.726,99057500,0.727,107030300,0.728,57417900,0.729,45255000,886,0,0
sh513130,09:53:26,1766368409466,09:54:28,1766368408756,0.724,0.725,-0.1379,5529.08,0.9044,2.9005,160400,116221,0.7246,0.994,0.724,78175500,0.723,89881000,0.722,85596000,0.721,63073600,0.720,39601700,0.725,62798300,0.726,99085400,0.727,107073200,0.728,57418800,0.729,45255000,710,0,0
sh513130,09:53:26,1766368410466,09:54:28,1766368409748,0.724,0.725,-0.1379,5529.08,0.9044,1.4065,0,0,0.724,1.0,0.724,78175500,0.723,89881000,0.722,85596000,0.721,63073600,0.720,39601700,0.725,62798300,0.726,99085400,0.727,107073200,0.728,57418800,0.729,45255000,717,0,0
sh513130,09:53:29,1766368411458,09:54:30,1766368410711,0.724,0.725,-0.1379,5529.09,0.9044,1.3986,36300,26281,0.724,0.992,0.724,77575500,0.723,89971400,0.722,85711600,0.721,63952100,0.720,39687200,0.725,63689500,0.726,99105400,0.727,107143000,0.728,57418800,0.729,45255200,746,0,0
sh513130,09:53:29,1766368412440,09:54:30,1766368411914,0.724,0.725,-0.1379,5529.09,0.9044,1.3986,0,0,0.724,0.982,0.724,77575500,0.723,89971400,0.722,85711600,0.721,63952100,0.720,39687200,0.725,63689500,0.726,99105400,0.727,107143000,0.728,57418800,0.729,45255200,526,0,0
sh513130,09:53:29,1766368413435,09:54:32,1766368412743,0.724,0.725,-0.1379,5529.87,0.9044,1.647,0,0,0.724,0.995,0.724,77575500,0.723,89971400,0.722,85711600,0.721,63952100,0.720,39687200,0.725,63689500,0.726,99105400,0.727,107143000,0.728,57418800,0.729,45255200,691,0,0
sh513130,09:53:32,1766368414430,09:54:32,1766368414097,0.725,0.725,0.0,5529.87,0.9044,1.9424,237300,171923,0.7245,0.995,0.724,77176700,0.723,89972400,0.722,85711600,0.721,64830600,0.720,39687200,0.725,65297500,0.726,98113400,0.727,107133000,0.728,57398800,0.729,45255200,332,0,0
sh513130,09:53:32,1766368415423,09:54:34,1766368414712,0.725,0.725,0.0,5528.86,0.9044,2.1034,0,0,0.725,0.993,0.724,77176700,0.723,89972400,0.722,85711600,0.721,64830600,0.720,39687200,0.725,65297500,0.726,98113400,0.727,107133000,0.728,57398800,0.729,45255200,710,0,0
sh513130,09:53:32,1766368416422,09:54:34,1766368416269,0.725,0.725,0.0,5528.86,0.9044,2.3968,0,0,0.725,0.999,0.724,77176700,0.723,89972400,0.722,85711600,0.721,64830600,0.720,39687200,0.725,65297500,0.726,98113400,0.727,107133000,0.728,57398800,0.729,45255200,153,0,0
sh513130,09:53:35,1766368417410,09:54:36,1766368416715,0.725,0.7251,-0.0138,5528.84,0.9044,2.1183,110200,79850,0.7246,0.988,0.724,78315900,0.723,90376400,0.722,85932500,0.721,65167100,0.720,39687700,0.725,67193000,0.726,98093400,0.727,106951000,0.728,57514700,0.729,45411500,695,0,0
sh513130,09:53:35,1766368418410,09:54:36,1766368416715,0.725,0.7251,-0.0138,5528.84,0.9044,2.0772,0,0,0.725,1.0,0.724,78315900,0.723,90376400,0.722,85932500,0.721,65167100,0.720,39687700,0.725,67193000,0.726,98093400,0.727,106951000,0.728,57514700,0.729,45411500,1695,0,0
sh513130,09:53:35,1766368419413,09:54:38,1766368418785,0.725,0.7251,-0.0138,5529.01,0.9044,2.0368,0,0,0.725,1.003,0.724,78315900,0.723,90376400,0.722,85932500,0.721,65167100,0.720,39687700,0.725,67193000,0.726,98093400,0.727,106951000,0.728,57514700,0.729,45411500,628,0,0
sh513130,09:53:35,1766368420411,09:54:38,1766368418785,0.725,0.7251,-0.0138,5529.01,0.9044,0.9108,0,0,0.725,0.998,0.724,78315900,0.723,90376400,0.722,85932500,0.721,65167100,0.720,39687700,0.725,67193000,0.726,98093400,0.727,106951000,0.728,57514700,0.729,45411500,1625,0,0
sh513130,09:53:38,1766368421404,09:54:40,1766368420757,0.724,0.7251,-0.1517,5529.76,0.9044,0.8927,58800,42574,0.724,0.993,0.724,77790400,0.723,90376400,0.722,85933700,0.721,65167500,0.720,39747700,0.725,67261400,0.726,98190000,0.727,106961000,0.728,57560700,0.729,45111500,647,0,0
sh513130,09:53:38,1766368422404,09:54:40,1766368420757,0.724,0.7251,-0.1517,5529.76,0.9044,1.1316,0,0,0.724,1.0,0.724,77790400,0.723,90376400,0.722,85933700,0.721,65167500,0.720,39747700,0.725,67261400,0.726,98190000,0.727,106961000,0.728,57560700,0.729,45111500,1647,0,0
sh513130,09:53:38,1766368423394,09:54:42,1766368422767,0.724,0.7251,-0.1517,5530.6,0.9044,5.4111,0,0,0.724,0.99,0.724,77790400,0.723,90376400,0.722,85933700,0.721,65167500,0.720,39747700,0.725,67261400,0.726,98190000,0.727,106961000,0.728,57560700,0.729,45111500,626,0,0
sh513130,09:53:41,1766368424400,09:54:42,1766368422767,0.724,0.7251,-0.1517,5530.6,0.9044,5.4089,71700,51931,0.7243,1.006,0.724,78152700,0.723,90821600,0.722,85933700,0.721,65167500,0.720,39747700,0.725,68180900,0.726,98192200,0.727,107229700,0.728,57755200,0.729,45193400,1632,0,0
sh513130,09:53:41,1766368425404,09:54:44,1766368424937,0.724,0.7251,-0.1517,5529.53,0.9044,6.8883,0,0,0.724,1.005,0.724,78152700,0.723,90821600,0.722,85933700,0.721,65167500,0.720,39747700,0.725,68180900,0.726,98192200,0.727,107229700,0.728,57755200,0.729,45193400,467,0,0
sh513130,09:53:41,1766368426394,09:54:44,1766368424937,0.724,0.7251,-0.1517,5529.53,0.9044,6.6957,0,0,0.724,0.989,0.724,78152700,0.723,90821600,0.722,85933700,0.721,65167500,0.720,39747700,0.725,68180900,0.726,98192200,0.727,107229700,0.728,57755200,0.729,45193400,1456,0,0
sh513130,09:53:44,1766368427402,09:54:46,1766368427109,0.724,0.7251,-0.1517,5529.25,0.9044,6.6053,328900,238124,0.724,1.008,0.724,71541700,0.723,90732600,0.722,92984500,0.721,64167500,0.720,39748100,0.725,69186600,0.726,98313100,0.727,107229700,0.728,57755200,0.729,45193400,292,0,0
sh513130,09:53:44,1766368428395,09:54:46,1766368427109,0.724,0.7251,-0.1517,5529.25,0.9044,6.5158,0,0,0.724,0.993,0.724,71541700,0.723,90732600,0.722,92984500,0.721,64167500,0.720,39748100,0.725,69186600,0.726,98313100,0.727,107229700,0.728,57755200,0.729,45193400,1285,0,0
sh513130,09:53:47,1766368429397,09:54:48,1766368429278,0.724,0.7251,-0.1517,5529.69,0.9044,6.4112,20000,14490,0.7245,1.002,0.724,71498700,0.723,90932500,0.722,92918500,0.721,64169000,0.720,39748100,0.725,70038800,0.726,98369600,0.727,107229700,0.728,57755200,0.729,45193400,118,0,0
sh513130,09:53:47,1766368430395,09:54:48,1766368429278,0.724,0.7251,-0.1517,5529.69,0.9044,7.3509,0,0,0.724,0.999,0.724,71498700,0.723,90932500,0.722,92918500,0.721,64169000,0.720,39748100,0.725,70038800,0.726,98369600,0.727,107229700,0.728,57755200,0.729,45193400,1117,0,0
sh513130,09:53:47,1766368431391,09:54:50,1766368430742,0.724,0.7251,-0.1517,5528.7,0.9044,6.8118,0,0,0.724,0.996,0.724,71498700,0.723,90932500,0.722,92918500,0.721,64169000,0.720,39748100,0.725,70038800,0.726,98369600,0.727,107229700,0.728,57755200,0.729,45193400,648,0,0
sh513130,09:53:50,1766368432394,09:54:50,1766368431456,0.724,0.7251,-0.1517,5528.7,0.9044,5.8724,2523600,1827123,0.724,1.003,0.724,70698100,0.723,90841700,0.722,93168500,0.721,64169000,0.720,39748500,0.725,71044200,0.726,98870600,0.727,107229700,0.728,57755200,0.729,45193400,938,0,0
sh513130,09:53:50,1766368433398,09:54:52,1766368432709,0.724,0.7251,-0.1517,5528.7,0.9044,5.338,0,0,0.724,1.004,0.724,70698100,0.723,90841700,0.722,93168500,0.721,64169000,0.720,39748500,0.725,71044200,0.726,98870600,0.727,107229700,0.728,57755200,0.729,45193400,688,0,0
sh513130,09:53:50,1766368434392,09:54:52,1766368433620,0.724,0.7251,-0.1517,5528.7,0.9044,4.642,0,0,0.724,0.993,0.724,70698100,0.723,90841700,0.722,93168500,0.721,64169000,0.720,39748500,0.725,71044200,0.726,98870600,0.727,107229700,0.728,57755200,0.729,45193400,771,0,0
sh513130,09:53:53,1766368435408,09:54:54,1766368434744,0.724,0.7251,-0.1517,5527.95,0.9044,3.9935,270900,196280,0.7245,1.016,0.724,70687900,0.723,91440700,0.722,93192800,0.721,64169000,0.720,39763000,0.725,72271700,0.726,96272100,0.727,107249700,0.728,57480100,0.729,43194400,663,0,0
sh513130,09:53:53,1766368436406,09:54:54,1766368435787,0.724,0.7251,-0.1517,5527.95,0.9044,4.4777,0,0,0.724,0.999,0.724,70687900,0.723,91440700,0.722,93192800,0.721,64169000,0.720,39763000,0.725,72271700,0.726,96272100,0.727,107249700,0.728,57480100,0.729,43194400,619,0,0
sh513130,09:53:53,1766368437414,09:54:56,1766368436700,0.724,0.7251,-0.1517,5528.47,0.9044,3.6893,0,0,0.724,1.007,0.724,70687900,0.723,91440700,0.722,93192800,0.721,64169000,0.720,39763000,0.725,72271700,0.726,96272100,0.727,107249700,0.728,57480100,0.729,43194400,713,0,0
sh513130,09:53:56,1766368438408,09:54:56,1766368437951,0.724,0.7251,-0.1517,5528.47,0.9044,3.5821,53400,38662,0.724,0.995,0.724,70585400,0.723,91440700,0.722,93308700,0.721,64169000,0.720,40264500,0.725,74297900,0.726,96302200,0.727,104257900,0.728,54481600,0.729,42194900,457,0,0
sh513130,09:53:56,1766368439409,09:54:58,1766368438704,0.724,0.7251,-0.1517,5527.93,0.9044,3.2393,0,0,0.724,1.0,0.724,70585400,0.723,91440700,0.722,93308700,0.721,64169000,0.720,40264500,0.725,74297900,0.726,96302200,0.727,104257900,0.728,54481600,0.729,42194900,704,0,0
sh513130,09:53:56,1766368440410,09:54:58,1766368440108,0.724,0.7251,-0.1517,5527.93,0.9044,2.5861,0,0,0.724,1.001,0.724,70585400,0.723,91440700,0.722,93308700,0.721,64169000,0.720,40264500,0.725,74297900,0.726,96302200,0.727,104257900,0.728,54481600,0.729,42194900,302,0,0
sh513130,09:53:56,1766368441402,09:55:00,1766368440737,0.724,0.7251,-0.1517,5528.52,0.9044,2.255,0,0,0.724,0.992,0.724,70585400,0.723,91440700,0.722,93308700,0.721,64169000,0.720,40264500,0.725,74297900,0.726,96302200,0.727,104257900,0.728,54481600,0.729,42194900,664,0,0
sh513130,09:53:56,1766368442393,09:55:00,1766368442269,0.724,0.7251,-0.1517,5528.52,0.9044,1.9896,0,0,0.724,0.992,0.724,70585400,0.723,91440700,0.722,93308700,0.721,64169000,0.720,40264500,0.725,74297900,0.726,96302200,0.727,104257900,0.728,54481600,0.729,42194900,123,0,0
sh513130,09:53:59,1766368443383,09:55:02,1766368443240,0.725,0.7244,0.0828,5529.33,0.9044,2.153,56400,40881,0.7248,0.99,0.724,70232900,0.723,91303500,0.722,93308700,0.721,64234000,0.720,40286500,0.725,74751500,0.726,96307200,0.727,104276300,0.728,54551600,0.729,42194900,143,0,0
sh513130,09:53:59,1766368444380,09:55:02,1766368443240,0.725,0.7244,0.0828,5529.33,0.9044,2.1174,0,0,0.725,0.997,0.724,70232900,0.723,91303500,0.722,93308700,0.721,64234000,0.720,40286500,0.725,74751500,0.726,96307200,0.727,104276300,0.728,54551600,0.729,42194900,1140,0,0
sh513130,09:54:02,1766368445378,09:55:04,1766368444774,0.724,0.7244,-0.0552,5528.75,0.9044,2.0794,55900,40472,0.724,0.998,0.724,70425200,0.723,91593600,0.722,93158000,0.721,64653100,0.720,40286500,0.725,75095600,0.726,96317900,0.727,104296000,0.728,54576100,0.729,42194900,603,0,0
sh513130,09:54:02,1766368446380,09:55:04,1766368444774,0.724,0.7244,-0.0552,5528.75,0.9044,1.453,0,0,0.724,1.002,0.724,70425200,0.723,91593600,0.722,93158000,0.721,64653100,0.720,40286500,0.725,75095600,0.726,96317900,0.727,104296000,0.728,54576100,0.729,42194900,1606,0,0
sh513130,09:54:02,1766368447376,09:55:06,1766368446755,0.724,0.7244,-0.0552,5529.09,0.9044,2.1509,0,0,0.724,0.996,0.724,70425200,0.723,91593600,0.722,93158000,0.721,64653100,0.720,40286500,0.725,75095600,0.726,96317900,0.727,104296000,0.728,54576100,0.729,42194900,621,0,0
sh513130,09:54:05,1766368448380,09:55:06,1766368446755,0.725,0.7244,0.0828,5529.09,0.9044,2.1502,6000,4349,0.7248,1.005,0.724,70374900,0.723,91643700,0.722,93174800,0.721,64653100,0.720,40096500,0.725,75337100,0.726,96445700,0.727,104407400,0.728,54584600,0.729,42164900,1625,0,0
sh513130,09:54:05,1766368449384,09:55:08,1766368448770,0.725,0.7244,0.0828,5529.33,0.9044,3.5733,0,0,0.725,1.004,0.724,70374900,0.723,91643700,0.722,93174800,0.721,64653100,0.720,40096500,0.725,75337100,0.726,96445700,0.727,104407400,0.728,54584600,0.729,42164900,614,0,0
sh513130,09:54:08,1766368450392,09:55:08,1766368448770,0.724,0.7244,-0.0552,5529.33,0.9044,3.5178,717500,519470,0.724,1.007,0.724,67700400,0.723,91906200,0.722,93174800,0.721,64653100,0.720,40103800,0.725,75492200,0.726,96476200,0.727,104442900,0.728,54558200,0.729,42164900,1621,0,0
sh513130,09:54:08,1766368451385,09:55:10,1766368450939,0.724,0.7244,-0.0552,5529.49,0.9044,3.4901,0,0,0.724,0.993,0.724,67700400,0.723,91906200,0.722,93174800,0.721,64653100,0.720,40103800,0.725,75492200,0.726,96476200,0.727,104442900,0.728,54558200,0.729,42164900,446,0,0
sh513130,09:54:08,1766368452378,09:55:10,1766368450939,0.724,0.7244,-0.0552,5529.49,0.9044,3.7665,0,0,0.724,0.993,0.724,67700400,0.723,91906200,0.722,93174800,0.721,64653100,0.720,40103800,0.725,75492200,0.726,96476200,0.727,104442900,0.728,54558200,0.729,42164900,1439,0,0
sh513130,09:54:11,1766368453394,09:55:12,1766368453119,0.724,0.7244,-0.0552,5527.99,0.9044,3.7011,37900,27470,0.7248,1.016,0.724,68127300,0.723,91877400,0.722,92975800,0.721,64683100,0.720,40103800,0.725,75783100,0.726,96500200,0.727,104502900,0.728,54548200,0.729,42164900,275,0,0
sh513130,09:54:11,1766368454383,09:55:12,1766368453119,0.724,0.7244,-0.0552,5527.99,0.9044,3.6367,0,0,0.724,0.989,0.724,68127300,0.723,91877400,0.722,92975800,0.721,64683100,0.720,40103800,0.725,75783100,0.726,96500200,0.727,104502900,0.728,54548200,0.729,42164900,1264,0,0
sh513130,09:54:11,1766368455385,09:55:14,1766368455292,0.724,0.7244,-0.0552,5528.69,0.9044,3.722,0,0,0.724,1.002,0.724,68127300,0.723,91877400,0.722,92975800,0.721,64683100,0.720,40103800,0.725,75783100,0.726,96500200,0.727,104502900,0.728,54548200,0.729,42164900,93,0,0
sh513130,09:54:11,1766368456385,09:55:14,1766368455292,0.724,0.7244,-0.0552,5528.69,0.9044,3.7168,0,0,0.724,1.0,0.724,68127300,0.723,91877400,0.722,92975800,0.721,64683100,0.720,40103800,0.725,75783100,0.726,96500200,0.727,104502900,0.728,54548200,0.729,42164900,1092,0,0
sh513130,09:54:14,1766368457388,09:55:16,1766368456697,0.724,0.7251,-0.1517,5528.66,0.9044,4.2503,59700,43273,0.7248,1.003,0.724,70396600,0.723,91894400,0.722,92995600,0.721,64723100,0.720,40047400,0.725,76797600,0.726,96673200,0.727,104552000,0.728,54565200,0.729,42152900,689,0,0
sh513130,09:54:14,1766368458391,09:55:16,1766368457462,0.724,0.7251,-0.1517,5528.66,0.9044,4.9512,0,0,0.724,1.003,0.724,70396600,0.723,91894400,0.722,92995600,0.721,64723100,0.720,40047400,0.725,76797600,0.726,96673200,0.727,104552000,0.728,54565200,0.729,42152900,928,0,0
sh513130,09:54:14,1766368459473,09:55:18,1766368458751,0.724,0.7251,-0.1517,5528.95,0.9044,4.8688,0,0,0.724,1.082,0.724,70396600,0.723,91894400,0.722,92995600,0.721,64723100,0.720,40047400,0.725,76797600,0.726,96673200,0.727,104552000,0.728,54565200,0.729,42152900,722,0,0
sh513130,09:54:17,1766368460394,09:55:18,1766368459633,0.724,0.7251,-0.1517,5528.95,0.9044,4.0686,87700,63503,0.7241,0.92,0.724,70333500,0.723,92206700,0.722,92991200,0.721,64723100,0.720,40087400,0.725,76826600,0.726,96693300,0.727,104930600,0.728,54565200,0.729,42152900,760,0,0
sh513130,09:54:17,1766368461398,09:55:20,1766368460700,0.724,0.7251,-0.1517,5529.26,0.9044,4.0533,0,0,0.724,1.005,0.724,70333500,0.723,92206700,0.722,92991200,0.721,64723100,0.720,40087400,0.725,76826600,0.726,96693300,0.727,104930600,0.728,54565200,0.729,42152900,697,0,0
sh513130,09:54:20,1766368462405,09:55:20,1766368461802,0.724,0.7251,-0.1517,5529.26,0.9044,4.0084,257100,186160,0.7241,1.007,0.724,70547500,0.723,92159600,0.722,92991200,0.721,64723100,0.720,40177400,0.725,76838300,0.726,99691800,0.727,108208100,0.728,54565200,0.729,42152900,602,0,0
sh513130,09:54:20,1766368463399,09:55:22,1766368462747,0.724,0.7251,-0.1517,5529.83,0.9044,3.1809,0,0,0.724,0.995,0.724,70547500,0.723,92159600,0.722,92991200,0.721,64723100,0.720,40177400,0.725,76838300,0.726,99691800,0.727,108208100,0.728,54565200,0.729,42152900,652,0,0
sh513130,09:54:20,1766368464399,09:55:22,1766368463977,0.724,0.7251,-0.1517,5529.83,0.9044,2.9805,0,0,0.724,0.999,0.724,70547500,0.723,92159600,0.722,92991200,0.721,64723100,0.720,40177400,0.725,76838300,0.726,99691800,0.727,108208100,0.728,54565200,0.729,42152900,420,0,0
sh513130,09:54:23,1766368465393,09:55:24,1766368464771,0.724,0.7251,-0.1517,5528.76,0.9044,4.0802,21700,15711,0.724,0.994,0.724,70045700,0.723,92169600,0.722,92991200,0.721,64723100,0.720,40177400,0.725,77191300,0.726,99637700,0.727,108220200,0.728,57493700,0.729,43172400,621,0,0
sh513130,09:54:23,1766368466394,09:55:24,1766368466160,0.724,0.7251,-0.1517,5528.76,0.9044,4.0545,0,0,0.724,1.002,0.724,70045700,0.723,92169600,0.722,92991200,0.721,64723100,0.720,40177400,0.725,77191300,0.726,99637700,0.727,108220200,0.728,57493700,0.729,43172400,233,0,0
sh513130,09:54:23,1766368467397,09:55:26,1766368466778,0.724,0.7251,-0.1517,5528.32,0.9044,3.5383,0,0,0.724,1.003,0.724,70045700,0.723,92169600,0.722,92991200,0.721,64723100,0.720,40177400,0.725,77191300,0.726,99637700,0.727,108220200,0.728,57493700,0.729,43172400,618,0,0
sh513130,09:54:23,1766368468391,09:55:26,1766368468347,0.724,0.7251,-0.1517,5528.32,0.9044,3.5865,0,0,0.724,0.994,0.724,70045700,0.723,92169600,0.722,92991200,0.721,64723100,0.720,40177400,0.725,77191300,0.726,99637700,0.727,108220200,0.728,57493700,0.729,43172400,44,0,0
sh513130,09:54:23,1766368469391,09:55:28,1766368468712,0.724,0.7251,-0.1517,5528.15,0.9044,4.0286,0,0,0.724,1.0,0.724,70045700,0.723,92169600,0.722,92991200,0.721,64723100,0.720,40177400,0.725,77191300,0.726,99637700,0.727,108220200,0.728,57493700,0.729,43172400,678,0,0
sh513130,09:54:26,1766368470398,09:55:28,1766368468712,0.724,0.7251,-0.1517,5528.15,0.9044,3.3495,13400,9701,0.724,1.007,0.724,69016000,0.723,92162600,0.722,92991200,0.721,64728100,0.720,40177900,0.725,77241300,0.726,99692700,0.727,108206200,0.728,57519900,0.729,45240400,1685,0,0
sh513130,09:54:26,1766368471386,09:55:30,1766368470704,0.724,0.7251,-0.1517,5528.37,0.9044,3.5372,0,0,0.724,0.988,0.724,69016000,0.723,92162600,0.722,92991200,0.721,64728100,0.720,40177900,0.725,77241300,0.726,99692700,0.727,108206200,0.728,57519900,0.729,45240400,681,0,0
sh513130,09:54:29,1766368472377,09:55:30,1766368470704,0.724,0.7244,-0.0552,5528.37,0.9044,2.2612,58300,42209,0.724,0.991,0.724,68826300,0.723,92162600,0.722,93018900,0.721,64728100,0.720,40177900,0.725,77286000,0.726,99540100,0.727,108201500,0.728,57589900,0.729,45240400,1672,0,0
sh513130,09:54:29,1766368473379,09:55:32,1766368472717,0.724,0.7244,-0.0552,5527.94,0.9044,2.1747,0,0,0.724,1.003,0.724,68826300,0.723,92162600,0.722,93018900,0.721,64728100,0.720,40177900,0.725,77286000,0.726,99540100,0.727,108201500,0.728,57589900,0.729,45240400,662,0,0
sh513130,09:54:29,1766368474378,09:55:32,1766368472717,0.724,0.7244,-0.0552,5527.94,0.9044,0.0353,0,0,0.724,0.998,0.724,68826300,0.723,92162600,0.722,93018900,0.721,64728100,0.720,40177900,0.725,77286000,0.726,99540100,0.727,108201500,0.728,57589900,0.729,45240400,1660,0,0
sh513130,09:54:32,1766368475373,09:55:34,1766368474845,0.724,0.7244,-0.0552,5528.13,0.9044,0.0429,1378000,998680,0.7247,0.996,0.724,68041700,0.723,92100800,0.722,93068900,0.721,64731900,0.720,40177900,0.725,76330500,0.726,99744700,0.727,108207200,0.728,57589900,0.729,45220400,528,0,0
sh513130,09:54:32,1766368476365,09:55:34,1766368474845,0.724,0.7244,-0.0552,5528.13,0.9044,1.0757,0,0,0.724,0.992,0.724,68041700,0.723,92100800,0.722,93068900,0.721,64731900,0.720,40177900,0.725,76330500,0.726,99744700,0.727,108207200,0.728,57589900,0.729,45220400,1520,0,0
sh513130,09:54:35,1766368477369,09:55:36,1766368477010,0.725,0.7244,0.0828,5527.6,0.9044,1.0543,7703800,5577554,0.724,1.004,0.724,60283800,0.723,92096100,0.722,93069900,0.721,65131900,0.720,40177900,0.725,80946500,0.726,98274700,0.727,108070300,0.728,57289900,0.729,45220400,359,0,0
sh513130,09:54:35,1766368478374,09:55:36,1766368477010,0.725,0.7244,0.0828,5527.6,0.9044,1.0262,0,0,0.725,1.004,0.724,60283800,0.723,92096100,0.722,93069900,0.721,65131900,0.720,40177900,0.725,80946500,0.726,98274700,0.727,108070300,0.728,57289900,0.729,45220400,1363,0,0
sh513130,09:54:35,1766368479365,09:55:38,1766368479191,0.725,0.7244,0.0828,5526.76,0.9044,0.6261,0,0,0.725,0.992,0.724,60283800,0.723,92096100,0.722,93069900,0.721,65131900,0.720,40177900,0.725,80946500,0.726,98274700,0.727,108070300,0.728,57289900,0.729,45220400,173,0,0
sh513130,09:54:35,1766368480360,09:55:38,1766368479191,0.725,0.7244,0.0828,5526.76,0.9044,0.5353,0,0,0.725,0.994,0.724,60283800,0.723,92096100,0.722,93069900,0.721,65131900,0.720,40177900,0.725,80946500,0.726,98274700,0.727,108070300,0.728,57289900,0.729,45220400,1168,0,0
sh513130,09:54:38,1766368481360,09:55:40,1766368480768,0.724,0.7244,-0.0552,5528.47,0.9044,0.6818,48200800,34897379,0.724,1.001,0.724,9205000,0.723,92342700,0.722,93122100,0.721,65121900,0.720,40177900,0.725,81404400,0.726,98305200,0.727,108100500,0.728,57237900,0.729,45220400,592,0,0
sh513130,09:54:38,1766368482359,09:55:40,1766368481366,0.724,0.7244,-0.0552,5528.47,0.9044,0.9603,0,0,0.724,0.999,0.724,9205000,0.723,92342700,0.722,93122100,0.721,65121900,0.720,40177900,0.725,81404400,0.726,98305200,0.727,108100500,0.728,57237900,0.729,45220400,991,0,0
sh513130,09:54:38,1766368483359,09:55:42,1766368482736,0.724,0.7244,-0.0552,5528.02,0.9044,0.9796,0,0,0.724,1.0,0.724,9205000,0.723,92342700,0.722,93122100,0.721,65121900,0.720,40177900,0.725,81404400,0.726,98305200,0.727,108100500,0.728,57237900,0.729,45220400,622,0,0
sh513130,09:54:41,1766368484359,09:55:42,1766368483634,0.724,0.7244,-0.0552,5528.02,0.9044,0.448,11592400,8392935,0.724,1.0,0.723,96680100,0.722,94132100,0.721,65122200,0.720,40177900,0.719,39641300,0.725,81315400,0.726,98305200,0.727,108100500,0.728,57230800,0.729,45220400,725,0,0
sh513130,09:54:41,1766368485360,09:55:44,1766368484749,0.724,0.7244,-0.0552,5528.49,0.9044,3.8803,0,0,0.724,1.001,0.723,96680100,0.722,94132100,0.721,65122200,0.720,40177900,0.719,39641300,0.725,81315400,0.726,98305200,0.727,108100500,0.728,57230800,0.729,45220400,610,0,0
sh513130,09:54:44,1766368486359,09:55:44,1766368485720,0.724,0.7244,-0.0552,5528.49,0.9044,3.8134,14378100,10409745,0.724,0.999,0.723,94471100,0.722,94459300,0.721,66702200,0.720,40191700,0.719,39641300,0.724,2561400,0.725,80586100,0.726,96327500,0.727,107610400,0.728,57270800,638,0,0
sh513130,09:54:44,1766368487360,09:55:46,1766368486775,0.724,0.7244,-0.0552,5527.99,0.9044,3.4783,0,0,0.724,1.001,0.723,94471100,0.722,94459300,0.721,66702200,0.720,40191700,0.719,39641300,0.724,2561400,0.725,80586100,0.726,96327500,0.727,107610400,0.728,57270800,585,0,0
sh513130,09:54:44,1766368488367,09:55:46,1766368487892,0.724,0.7244,-0.0552,5527.99,0.9044,3.0236,0,0,0.724,1.007,0.723,94471100,0.722,94459300,0.721,66702200,0.720,40191700,0.719,39641300,0.724,2561400,0.725,80586100,0.726,96327500,0.727,107610400,0.728,57270800,474,0,0
sh513130,09:54:47,1766368489359,09:55:48,1766368488777,0.724,0.7244,-0.0552,5528.36,0.9044,2.9889,6277200,4544694,0.724,0.992,0.724,7423700,0.723,94590900,0.722,94546600,0.721,67102200,0.720,40211700,0.725,80820900,0.726,96317700,0.727,108041000,0.728,57270800,0.729,45199400,581,0,0
sh513130,09:54:47,1766368490354,09:55:48,1766368490068,0.724,0.7244,-0.0552,5528.36,0.9044,2.964,0,0,0.724,0.996,0.724,7423700,0.723,94590900,0.722,94546600,0.721,67102200,0.720,40211700,0.725,80820900,0.726,96317700,0.727,108041000,0.728,57270800,0.729,45199400,286,0,0
sh513130,09:54:47,1766368491350,09:55:50,1766368490755,0.724,0.7244,-0.0552,5527.52,0.9044,2.5908,0,0,0.724,0.996,0.724,7423700,0.723,94590900,0.722,94546600,0.721,67102200,0.720,40211700,0.725,80820900,0.726,96317700,0.727,108041000,0.728,57270800,0.729,45199400,594,0,0
sh513130,09:54:50,1766368492343,09:55:50,1766368492237,0.724,0.7244,-0.0552,5527.52,0.9044,2.6289,7004800,5071595,0.724,0.993,0.724,1028300,0.723,97009500,0.722,94154400,0.721,64722200,0.720,40311700,0.725,81651000,0.726,96395100,0.727,107918400,0.728,57270800,0.729,45199400,106,0,0
sh513130,09:54:50,1766368493343,09:55:52,1766368492703,0.724,0.7244,-0.0552,5527.91,0.9044,2.6084,0,0,0.724,0.999,0.724,1028300,0.723,97009500,0.722,94154400,0.721,64722200,0.720,40311700,0.725,81651000,0.726,96395100,0.727,107918400,0.728,57270800,0.729,45199400,639,0,0
sh513130,09:54:50,1766368494343,09:55:52,1766368492703,0.724,0.7244,-0.0552,5527.91,0.9044,2.2255,0,0,0.724,1.0,0.724,1028300,0.723,97009500,0.722,94154400,0.721,64722200,0.720,40311700,0.725,81651000,0.726,96395100,0.727,107918400,0.728,57270800,0.729,45199400,1639,0,0
sh513130,09:54:53,1766368495343,09:55:54,1766368494759,0.724,0.7244,-0.0552,5527.45,0.9044,1.0562,1147300,830646,0.724,1.0,0.723,96983500,0.722,94441600,0.721,65189300,0.720,40640600,0.719,39641300,0.724,179600,0.725,86186000,0.726,96282200,0.727,107802200,0.728,57449100,583,0,0
sh513130,09:54:53,1766368496345,09:55:54,1766368494759,0.724,0.7244,-0.0552,5527.45,0.9044,1.1411,0,0,0.724,1.003,0.723,96983500,0.722,94441600,0.721,65189300,0.720,40640600,0.719,39641300,0.724,179600,0.725,86186000,0.726,96282200,0.727,107802200,0.728,57449100,1586,0,0
sh513130,09:54:53,1766368497346,09:55:56,1766368496806,0.724,0.7244,-0.0552,5527.87,0.9044,1.136,0,0,0.724,1.001,0.723,96983500,0.722,94441600,0.721,65189300,0.720,40640600,0.719,39641300,0.724,179600,0.725,86186000,0.726,96282200,0.727,107802200,0.728,57449100,539,0,0
sh513130,09:54:53,1766368498347,09:55:56,1766368496806,0.724,0.7244,-0.0552,5527.87,0.9044,0.9694,0,0,0.724,1.001,0.723,96983500,0.722,94441600,0.721,65189300,0.720,40640600,0.719,39641300,0.724,179600,0.725,86186000,0.726,96282200,0.727,107802200,0.728,57449100,1540,0,0
sh513130,09:54:56,1766368499356,09:55:58,1766368498761,0.724,0.7244,-0.0552,5527.34,0.9044,0.5234,3494400,2530328,0.7241,1.009,0.724,1903900,0.723,95906700,0.722,94441600,0.721,67171300,0.720,40641600,0.725,85487100,0.726,97288700,0.727,107822200,0.728,57514700,0.729,44599400,595,0,0
sh513130,09:54:56,1766368500358,09:55:58,1766368498761,0.724,0.7244,-0.0552,5527.34,0.9044,0.4974,0,0,0.724,1.002,0.724,1903900,0.723,95906700,0.722,94441600,0.721,67171300,0.720,40641600,0.725,85487100,0.726,97288700,0.727,107822200,0.728,57514700,0.729,44599400,1597,0,0
sh513130,09:54:59,1766368501358,09:56:00,1766368500917,0.724,0.7244,-0.0552,5527.77,0.9044,2.4544,2013200,1457565,0.724,1.0,0.724,26300,0.723,97725700,0.722,94488600,0.721,64811300,0.720,40631800,0.725,85701500,0.726,97618500,0.727,107825200,0.728,57514700,0.729,45199400,440,0,0
sh513130,09:54:59,1766368502360,09:56:00,1766368500917,0.724,0.7244,-0.0552,5527.77,0.9044,2.4109,0,0,0.724,1.002,0.724,26300,0.723,97725700,0.722,94488600,0.721,64811300,0.720,40631800,0.725,85701500,0.726,97618500,0.727,107825200,0.728,57514700,0.729,45199400,1443,0,0
sh513130,09:54:59,1766368503357,09:56:02,1766368503240,0.724,0.7244,-0.0552,5528.0,0.9044,4.6035,0,0,0.724,0.997,0.724,26300,0.723,97725700,0.722,94488600,0.721,64811300,0.720,40631800,0.725,85701500,0.726,97618500,0.727,107825200,0.728,57514700,0.729,45199400,116,0,0
sh513130,09:55:02,1766368504359,09:56:02,1766368503240,0.725,0.7244,0.0828,5528.0,0.9044,3.6753,317200,229884,0.7247,1.002,0.724,31300,0.723,97766600,0.722,94509600,0.721,65232000,0.720,40641300,0.725,85836600,0.726,97691200,0.727,107817500,0.728,57555800,0.729,45199400,1118,0,0
sh513130,09:55:02,1766368505338,09:56:04,1766368505274,0.725,0.7244,0.0828,5528.24,0.9044,3.6294,0,0,0.725,0.979,0.724,31300,0.723,97766600,0.722,94509600,0.721,65232000,0.720,40641300,0.725,85836600,0.726,97691200,0.727,107817500,0.728,57555800,0.729,45199400,64,0,0
sh513130,09:55:02,1766368506331,09:56:04,1766368505274,0.725,0.7244,0.0828,5528.24,0.9044,3.289,0,0,0.725,0.993,0.724,31300,0.723,97766600,0.722,94509600,0.721,65232000,0.720,40641300,0.725,85836600,0.726,97691200,0.727,107817500,0.728,57555800,0.729,45199400,1057,0,0
sh513130,09:55:05,1766368507325,09:56:06,1766368506706,0.724,0.7244,-0.0552,5527.2,0.9044,3.2316,189400,137127,0.724,0.994,0.723,94751600,0.722,94519900,0.721,66237000,0.720,42641700,0.719,39664700,0.724,23922400,0.725,85064400,0.726,92003000,0.727,91823800,0.728,57670800,618,0,0
sh513130,09:55:05,1766368508327,09:56:06,1766368507443,0.724,0.7244,-0.0552,5527.2,0.9044,3.2342,0,0,0.724,1.002,0.723,94751600,0.722,94519900,0.721,66237000,0.720,42641700,0.719,39664700,0.724,23922400,0.725,85064400,0.726,92003000,0.727,91823800,0.728,57670800,884,0,0
sh513130,09:55:05,1766368509329,09:56:08,1766368508762,0.724,0.7244,-0.0552,5526.13,0.9044,3.167,0,0,0.724,1.002,0.723,94751600,0.722,94519900,0.721,66237000,0.720,42641700,0.719,39664700,0.724,23922400,0.725,85064400,0.726,92003000,0.727,91823800,0.728,57670800,566,0,0
sh513130,09:55:05,1766368510331,09:56:08,1766368509611,0.724,0.7244,-0.0552,5526.13,0.9044,3.5254,0,0,0.724,1.002,0.723,94751600,0.722,94519900,0.721,66237000,0.720,42641700,0.719,39664700,0.724,23922400,0.725,85064400,0.726,92003000,0.727,91823800,0.728,57670800,719,0,0
sh513130,09:55:08,1766368511338,09:56:10,1766368510742,0.724,0.7244,-0.0552,5526.08,0.9044,3.4961,577000,417748,0.724,1.007,0.723,92062300,0.722,94519900,0.721,69207000,0.720,42658000,0.719,39664700,0.724,55597500,0.725,73366400,0.726,90809000,0.727,80136700,0.728,57670800,595,0,0
sh513130,09:55:08,1766368512340,09:56:10,1766368511777,0.724,0.7244,-0.0552,5526.08,0.9044,5.7052,0,0,0.724,1.002,0.723,92062300,0.722,94519900,0.721,69207000,0.720,42658000,0.719,39664700,0.724,55597500,0.725,73366400,0.726,90809000,0.727,80136700,0.728,57670800,562,0,0
sh513130,09:55:11,1766368513327,09:56:12,1766368512798,0.723,0.7244,-0.1933,5526.39,0.9044,4.2483,55300,40029,0.7239,0.987,0.723,94105500,0.722,94489900,0.721,69207200,0.720,40658000,0.719,39664700,0.724,24607800,0.725,84267500,0.726,90786000,0.727,95086700,0.728,57670800,529,0,0
