symbol,tx_server_time,tx_local_time,index_price,fx_rate,sentiment,price,iopv,premium_rate,tick_vol,tick_amt,tick_vwap,bp1,bv1,bp2,bv2,bp3,bv3,bp4,bv4,bp5,bv5,sp1,sv1,sp2,sv2,sp3,sv3,sp4,sv4,sp5,sv5,idx_delay_ms,fut_delay_ms,data_flags
sh513130,14:05:09,1764137111936,5617.86,0.9106,2.434,0.741,0.7413,-0.0405,2585800,1916022,0.741,0.741,5994800,0.74,153768400,0.739,114729600,0.738,86305700,0.737,69945500,0.742,99651600,0.743,136913300,0.744,108946300,0.745,156736100,0.746,93992100,1468,100,0
sh513130,14:05:12,1764137114928,5618.12,0.9106,2.4507,0.741,0.7413,-0.0405,503800,373316,0.741,0.74,154121200,0.739,114480900,0.738,86305700,0.737,69945500,0.736,37802100,0.741,4933400,0.742,100772600,0.743,137182500,0.744,110324500,0.745,156732600,403,100,0
sh513130,14:05:15,1764137117921,5617.26,0.9106,2.0619,0.741,0.7413,-0.0405,33600,24898,0.741,0.74,153127600,0.739,114751700,0.738,87304400,0.737,69945500,0.736,37802100,0.741,8143200,0.742,103794800,0.743,137082500,0.744,108934500,0.745,156583700,1338,100,0
sh513130,14:05:18,1764137119937,5617.09,0.9106,1.0049,0.74,0.7413,-0.1754,801000,592741,0.74,0.74,152356200,0.739,114752500,0.738,87304400,0.737,69895500,0.736,37802100,0.741,8542200,0.742,105483500,0.743,136702800,0.744,108854500,0.745,156603700,1134,100,0
sh513130,14:05:18,1764137121926,5617.37,0.9106,2.164,0.74,0.7413,-0.1754,801000,592741,0.74,0.74,152356200,0.739,114752500,0.738,87304400,0.737,69895500,0.736,37802100,0.741,8542200,0.742,105483500,0.743,136702800,0.744,108854500,0.745,156603700,999,100,0
sh513130,14:05:21,1764137122921,5617.27,0.9106,2.8777,0.741,0.7413,-0.0405,122000,90283,0.74,0.74,152129600,0.739,114754500,0.738,87304400,0.737,69895500,0.736,37802100,0.741,18396000,0.742,105494000,0.743,133363500,0.744,108854500,0.745,156430500,429,100,0
sh513130,14:05:24,1764137126945,5617.66,0.9106,2.8505,0.741,0.7413,-0.0405,47200,34976,0.741,0.74,153255700,0.739,114754500,0.738,87568400,0.737,69820300,0.736,37803000,0.741,30029800,0.742,106603100,0.743,133353500,0.744,108754500,0.745,156426800,406,100,0
sh513130,14:05:27,1764137129955,5617.18,0.9106,2.5738,0.74,0.7413,-0.1754,880400,651496,0.74,0.74,152092600,0.739,114754400,0.738,87538400,0.737,69820300,0.736,37819900,0.741,29491100,0.742,107474700,0.743,133495700,0.744,108740500,0.745,156435900,359,100,0
sh513130,14:05:30,1764137132949,5617.34,0.9106,1.2998,0.741,0.7413,-0.0405,20000,14820,0.741,0.74,151184500,0.739,114761100,0.738,88530400,0.737,69820300,0.736,37836200,0.741,56785500,0.742,104604600,0.743,133416900,0.744,88663500,0.745,156466400,406,100,0
sh513130,14:05:33,1764137135951,5616.57,0.9106,1.078,0.74,0.7413,-0.1754,519900,384736,0.74,0.74,150555600,0.739,114781400,0.738,88535400,0.737,69821500,0.736,37836200,0.741,44746600,0.742,104199200,0.743,133392400,0.744,103665500,0.745,156392200,1452,100,0
sh513130,14:05:36,1764137137931,5617.04,0.9106,1.2675,0.74,0.7413,-0.1754,63700,47141,0.74,0.74,150737200,0.739,115100600,0.738,88554700,0.737,69850300,0.736,37836200,0.741,36643300,0.742,107467900,0.743,133340600,0.744,108665500,0.745,156417400,1474,100,0
sh513130,14:05:39,1764137141950,5616.86,0.9106,1.287,0.74,0.7413,-0.1754,116700,86358,0.74,0.74,151677800,0.739,115062600,0.738,87564700,0.737,69850300,0.736,37836200,0.741,36798000,0.742,107029700,0.743,133383300,0.744,108665500,0.745,156322000,1480,100,0
sh513130,14:05:42,1764137144981,5617.97,0.9106,3.6094,0.74,0.7413,-0.1754,1830700,1354718,0.74,0.74,149812100,0.739,115105600,0.738,87744700,0.737,69850300,0.736,37836200,0.741,37805800,0.742,107107900,0.743,133527400,0.744,108652400,0.745,156323200,108,100,0
sh513130,14:05:45,1764137147961,5617.28,0.9106,3.7441,0.74,0.7413,-0.1754,1453800,1076833,0.7407,0.74,150519200,0.739,115107600,0.738,87894700,0.737,69850300,0.736,37836200,0.741,19262300,0.742,105993900,0.743,136645600,0.744,108616200,0.745,156219900,1023,100,0
sh513130,14:05:48,1764137150112,5617.91,0.9106,3.7432,0.74,0.7413,-0.1754,52500,38854,0.7401,0.74,149457900,0.739,115107600,0.738,87884700,0.737,69850300,0.736,37836200,0.741,31669400,0.742,106471000,0.743,136789800,0.744,108586200,0.745,156219900,1000,100,0
sh513130,14:05:48,1764137151970,5617.76,0.9106,2.8727,0.74,0.7413,-0.1754,52500,38854,0.7401,0.74,149457900,0.739,115107600,0.738,87884700,0.737,69850300,0.736,37836200,0.741,31669400,0.742,106471000,0.743,136789800,0.744,108586200,0.745,156219900,675,100,0
sh513130,14:05:51,1764137154975,5617.57,0.9106,3.0263,0.74,0.7413,-0.1754,97200,71930,0.74,0.74,149373900,0.739,115107600,0.738,87884700,0.737,69850300,0.736,37836200,0.741,33854700,0.742,107150400,0.743,136793700,0.744,108134800,0.745,156183000,511,100,0
sh513130,14:05:54,1764137155973,5617.57,0.9106,2.5606,0.74,0.7413,-0.1754,168500,124690,0.74,0.74,149741200,0.739,115107600,0.738,87884700,0.737,69850300,0.736,37836200,0.741,33854200,0.742,108048400,0.743,136659000,0.744,108134800,0.745,156073100,333,100,0
sh513130,14:05:57,1764137158992,5618.17,0.9106,4.0609,0.741,0.7413,-0.0405,15381900,11397895,0.741,0.741,21762000,0.74,150615200,0.739,115107700,0.738,87884700,0.737,69851300,0.742,107283100,0.743,136661300,0.744,112835700,0.745,156073100,0.746,93443100,285,100,0
sh513130,14:06:00,1764137162991,5617.71,0.9106,2.6561,0.741,0.7413,-0.0405,430500,319000,0.741,0.741,25523600,0.74,151282900,0.739,114856900,0.738,87484700,0.737,69855300,0.742,106023500,0.743,136914000,0.744,114225700,0.745,157069700,0.746,93343100,486,100,0
sh513130,14:06:03,1764137165985,5617.79,0.9106,1.6855,0.741,0.7413,-0.0405,47400,35124,0.741,0.741,18593200,0.74,151314200,0.739,114887800,0.738,87734700,0.737,69855300,0.742,106463700,0.743,136793200,0.744,114172700,0.745,157069700,0.746,93275900,1489,100,0
sh513130,14:06:06,1764137167980,5618.69,0.9106,1.9737,0.741,0.7413,-0.0405,166200,123154,0.741,0.741,20862200,0.74,150824200,0.739,114889800,0.738,87707700,0.737,69855300,0.742,106742400,0.743,136793200,0.744,113779200,0.745,156932200,0.746,93275900,1477,100,0
sh513130,14:06:09,1764137172985,5618.4,0.9106,1.0549,0.741,0.7413,-0.0405,142700,105740,0.741,0.741,30100100,0.74,151336400,0.739,114889800,0.738,87707700,0.737,69855300,0.742,107323300,0.743,136793200,0.744,113779200,0.745,156910200,0.746,93268900,515,100,0
sh513130,14:06:12,1764137174015,5618.4,0.9106,1.5826,0.742,0.7413,0.0944,80700,59804,0.7411,0.741,53619200,0.74,152336400,0.739,114892800,0.738,80406700,0.737,53858500,0.742,107318100,0.743,124398600,0.744,114005600,0.745,156870100,0.746,93268900,999,100,0
sh513130,14:06:15,1764137178000,5619.09,0.9106,2.6336,0.741,0.7413,-0.0405,153700,113892,0.741,0.741,24754100,0.74,152307400,0.739,114924800,0.738,87874500,0.737,69855300,0.742,107791200,0.743,136396200,0.744,113004000,0.745,156866900,0.746,93268900,618,100,0
sh513130,14:06:18,1764137180005,5620.02,0.9106,2.8164,0.741,0.7413,-0.0405,114100,84548,0.741,0.741,14522900,0.74,152442400,0.739,114945500,0.738,87859500,0.737,69885300,0.742,107806200,0.743,136496200,0.744,112990600,0.745,156906300,0.746,93268900,474,100,0
sh513130,14:06:21,1764137183010,5619.73,0.9106,1.8949,0.741,0.7413,-0.0405,387500,287138,0.741,0.741,14135400,0.74,152452400,0.739,114945500,0.738,87873000,0.737,69885300,0.742,107851600,0.743,136499200,0.744,112951400,0.745,156907300,0.746,93212500,508,100,0
sh513130,14:06:24,1764137186031,5619.67,0.9106,1.4146,0.741,0.7413,-0.0405,8500,6304,0.7416,0.741,24405100,0.74,152606700,0.739,114945500,0.738,82957800,0.737,69885300,0.742,108269800,0.743,136627100,0.744,112951400,0.745,156860000,0.746,93212500,1517,100,0
sh513130,14:06:27,1764137190036,5619.54,0.9106,2.4692,0.741,0.7413,-0.0405,32000,23712,0.741,0.741,47872700,0.74,152711700,0.739,114945500,0.738,82957800,0.737,53888500,0.742,108807600,0.743,124629500,0.744,112951400,0.745,156860500,0.746,93201100,1582,100,0
sh513130,14:06:30,1764137193020,5619.52,0.9106,2.4493,0.741,0.7413,-0.0405,38400,28454,0.741,0.741,27239000,0.74,152955000,0.739,114320100,0.738,87983300,0.737,69885500,0.742,107918000,0.743,136653400,0.744,113941400,0.745,156860500,0.746,93201100,436,100,0
sh513130,14:06:33,1764137196044,5619.07,0.9106,1.7906,0.741,0.7413,-0.0405,305400,226302,0.741,0.741,25545100,0.74,153082900,0.739,114320100,0.738,87983300,0.737,69885500,0.742,107972000,0.743,136654100,0.744,113766300,0.745,156832600,0.746,93201100,1299,100,0
sh513130,14:06:36,1764137198040,5619.18,0.9106,1.7362,0.741,0.7413,-0.0405,286800,212518,0.741,0.741,49410700,0.74,153196400,0.739,114320100,0.738,81003300,0.737,53888700,0.742,109040900,0.743,124553000,0.744,112789100,0.745,156732900,0.746,93201100,1114,100,0
sh513130,14:06:36,1764137200050,5619.46,0.9106,3.3848,0.741,0.7413,-0.0405,286800,212518,0.741,0.741,49410700,0.74,153196400,0.739,114320100,0.738,81003300,0.737,53888700,0.742,109040900,0.743,124553000,0.744,112789100,0.745,156732900,0.746,93201100,969,100,0
sh513130,14:06:39,1764137202107,5619.37,0.9106,1.5941,0.741,0.7413,-0.0405,38300,28381,0.741,0.741,73239500,0.74,146097100,0.739,113331300,0.738,67623300,0.737,53888700,0.742,107074300,0.743,124553000,0.744,114789100,0.745,156732900,0.746,93201100,860,100,0
sh513130,14:06:42,1764137205047,5619.46,0.9106,2.8068,0.741,0.7413,-0.0405,50000,37050,0.741,0.741,63844100,0.74,146193200,0.739,114321300,0.738,75634800,0.737,53888700,0.742,108066300,0.743,124553000,0.744,113809100,0.745,156745200,0.746,93201100,520,100,0
sh513130,14:06:45,1764137207055,5620.46,0.9106,2.8211,0.741,0.7413,-0.0405,456100,338391,0.7419,0.741,55522200,0.74,154621300,0.739,114311300,0.738,75637800,0.737,53888700,0.742,107565200,0.743,124578200,0.744,113889100,0.745,156783200,0.746,93201100,593,100,0
sh513130,14:06:48,1764137210065,5619.73,0.9106,1.9023,0.741,0.7413,-0.0405,51400,38094,0.7411,0.741,56538400,0.74,154460600,0.739,114313300,0.738,75637800,0.737,53889700,0.742,107489600,0.743,124621200,0.744,113919100,0.745,156763200,0.746,93201100,133,100,0
sh513130,14:06:51,1764137214066,5619.81,0.9106,1.9022,0.742,0.7413,0.0944,72200,53545,0.7416,0.741,57589900,0.74,153960600,0.739,114313300,0.738,75637800,0.737,53889800,0.742,107461700,0.743,124641200,0.744,113919100,0.745,156793200,0.746,93201100,1546,100,0
sh513130,14:06:54,1764137216063,5620.5,0.9106,2.4479,0.741,0.7413,-0.0405,43900,32538,0.7412,0.741,75170900,0.74,152913500,0.739,105310000,0.738,67650800,0.737,53891100,0.742,96733600,0.743,116651200,0.744,122909100,0.745,156771800,0.746,93234100,1540,100,0
sh513130,14:06:57,1764137219076,5620.27,0.9106,2.0106,0.741,0.7413,-0.0405,484700,359163,0.741,0.741,76756500,0.74,153578500,0.739,94608300,0.738,67650800,0.737,53891100,0.742,96821300,0.743,115540500,0.744,123838000,0.745,156846100,0.746,93234100,444,100,0
sh513130,14:07:00,1764137222066,5620.4,0.9106,4.0094,0.742,0.7413,0.0944,65800,48773,0.7412,0.741,79123600,0.74,145628100,0.739,102608300,0.738,67650800,0.737,53895100,0.742,95874900,0.743,124540500,0.744,115813000,0.745,156846100,0.746,93234100,1216,100,0
sh513130,14:07:00,1764137224065,5620.25,0.9106,3.7405,0.742,0.7413,0.0944,65800,48773,0.7412,0.741,79123600,0.74,145628100,0.739,102608300,0.738,67650800,0.737,53895100,0.742,95874900,0.743,124540500,0.744,115813000,0.745,156846100,0.746,93234100,797,100,0
sh513130,14:07:03,1764137225092,5621.09,0.9106,3.7027,0.741,0.7419,-0.1213,90000,66690,0.741,0.741,79913800,0.74,145564100,0.739,102608300,0.738,67650800,0.737,53925100,0.742,95900900,0.743,124562000,0.744,115813000,0.745,156846100,0.746,93234100,581,100,0
sh513130,14:07:06,1764137228091,5621.54,0.9106,3.0288,0.741,0.7419,-0.1213,289200,214297,0.741,0.741,81516700,0.74,153563900,0.739,94408300,0.738,67660800,0.737,53934400,0.742,91024800,0.743,115562000,0.744,124646900,0.745,161839300,0.746,93230100,760,100,0
sh513130,14:07:09,1764137231089,5622.41,0.9106,2.557,0.741,0.742,-0.1348,27600,20452,0.741,0.741,81704900,0.74,153768900,0.739,94408300,0.738,68681100,0.737,53934400,0.742,87213700,0.743,118890600,0.744,125503700,0.745,161833000,0.746,93230100,585,100,0
sh513130,14:07:12,1764137234086,5623.49,0.9106,1.9165,0.741,0.742,-0.1348,98600,73063,0.741,0.741,83948500,0.74,153726800,0.739,93419300,0.738,67681100,0.737,53934400,0.742,72281700,0.743,118977500,0.744,125529700,0.745,176806000,0.746,93230100,242,100,0
sh513130,14:07:15,1764137237089,5624.59,0.9106,2.2806,0.741,0.742,-0.1348,11800,8744,0.741,0.741,84931800,0.74,153686500,0.739,93419300,0.738,67681100,0.737,53934400,0.742,72214300,0.743,118982800,0.744,125507600,0.745,176735400,0.746,93230100,584,100,0
sh513130,14:07:18,1764137241110,5624.28,0.9106,3.3106,0.741,0.742,-0.1348,151600,112443,0.7417,0.741,85897100,0.74,153485700,0.739,93419300,0.738,67681100,0.737,53934400,0.742,69191900,0.743,118982800,0.744,125507600,0.745,177035400,0.746,93230100,642,100,0
sh513130,14:07:21,1764137243102,5623.97,0.9106,3.6982,0.741,0.742,-0.1348,103400,76622,0.741,0.741,87508300,0.74,153499200,0.739,93419300,0.738,67699100,0.737,53934400,0.742,69091100,0.743,118959800,0.744,126370700,0.745,177435400,0.746,93230100,578,100,0
sh513130,14:07:24,1764137247114,5625.67,0.9106,3.8428,0.742,0.742,0.0,19600,14534,0.7415,0.741,88706200,0.74,154169600,0.739,93419300,0.738,67699100,0.737,53934400,0.742,62587500,0.743,118959800,0.744,127447400,0.745,184205700,0.746,93230100,150,100,0
sh513130,14:07:27,1764137250111,5625.24,0.9106,3.0713,0.742,0.742,0.0,85600,63466,0.7414,0.741,82057800,0.74,154170200,0.739,93419300,0.738,67699100,0.737,53934400,0.742,68165800,0.743,118960800,0.744,127484400,0.745,177451500,0.746,93230100,1071,100,0
sh513130,14:07:30,1764137252131,5626.05,0.9106,2.6392,0.742,0.7419,0.0135,152600,113117,0.7413,0.741,81687600,0.74,154104200,0.739,93418300,0.738,67679100,0.737,53954400,0.742,68256600,0.743,118998400,0.744,128341100,0.745,177457500,0.746,92830100,918,100,0
sh513130,14:07:33,1764137255126,5625.6,0.9106,2.3972,0.742,0.7419,0.0135,50800,37693,0.742,0.741,81667600,0.74,153792100,0.739,93418600,0.738,67659800,0.737,53954400,0.742,69905600,0.743,119585000,0.744,129221900,0.745,176947500,0.746,92830100,573,100,0
sh513130,14:07:36,1764137258122,5625.89,0.9106,2.6505,0.742,0.7419,0.0135,50400,37384,0.7417,0.741,80705000,0.74,153771900,0.739,93418900,0.738,67659800,0.737,53954400,0.742,70070300,0.743,119675100,0.744,130471600,0.745,176953500,0.746,92830100,398,100,0
sh513130,14:07:39,1764137262125,5625.08,0.9106,2.8763,0.742,0.7419,0.0135,91600,67968,0.742,0.741,82328500,0.74,153644500,0.739,93420900,0.738,67659800,0.737,53954400,0.742,69897900,0.743,119800900,0.744,131328400,0.745,177051500,0.746,92730100,49,100,0
sh513130,14:07:42,1764137265134,5625.85,0.9106,2.4905,0.741,0.7419,-0.1213,4000,2964,0.741,0.741,84281100,0.74,153658600,0.739,93420900,0.738,67807600,0.737,53954400,0.742,69993600,0.743,119857100,0.744,133529300,0.745,176953500,0.746,92730100,681,100,0
sh513130,14:07:45,1764137268122,5626.44,0.9106,2.6898,0.742,0.7426,-0.0808,41900,31088,0.742,0.741,85184600,0.74,153669100,0.739,93420900,0.738,67807600,0.737,53954400,0.742,70038700,0.743,119864500,0.744,134204800,0.745,176979100,0.746,92730100,1624,100,0
sh513130,14:07:48,1764137270149,5625.05,0.9106,2.0681,0.741,0.7426,-0.2155,99600,73814,0.7411,0.741,86369800,0.74,153677600,0.739,93420900,0.738,67800900,0.737,53954400,0.742,69660600,0.743,120177500,0.744,134204800,0.745,176979100,0.746,92730100,1591,100,0
sh513130,14:07:51,1764137275151,5624.49,0.9106,2.1331,0.741,0.7426,-0.2155,308000,228358,0.7414,0.741,89034400,0.74,154091400,0.739,93420900,0.738,66821300,0.737,53953400,0.742,63485200,0.743,110170000,0.744,134204800,0.745,177417100,0.746,92730100,77,100,0
sh513130,14:07:54,1764137277148,5625.67,0.9106,1.645,0.741,0.7426,-0.2155,132700,98364,0.7413,0.741,90181900,0.74,154110500,0.739,93420900,0.738,66821300,0.737,53951800,0.742,64678200,0.743,110172000,0.744,134204800,0.745,181277900,0.746,92490700,649,100,0
sh513130,14:07:57,1764137280142,5625.41,0.9106,1.5355,0.742,0.7426,-0.0808,29000,21504,0.7415,0.741,91344100,0.74,154228600,0.739,93420900,0.738,66826300,0.737,53952800,0.742,60423800,0.743,110145200,0.744,137117600,0.745,177776900,0.746,92440700,735,100,0
sh513130,14:08:00,1764137282175,5624.44,0.9106,2.017,0.742,0.7426,-0.0808,70300,52163,0.742,0.741,92973400,0.74,154333600,0.739,93420900,0.738,66826300,0.737,53952800,0.742,54331400,0.743,110128900,0.744,137119600,0.745,188788500,0.746,92440700,602,100,0
sh513130,14:08:03,1764137286175,5625.45,0.9106,5.3127,0.741,0.7426,-0.2155,305000,226305,0.742,0.741,94935200,0.74,154357200,0.739,93412700,0.738,66826300,0.737,53952800,0.742,50939100,0.743,110407600,0.744,137362000,0.745,188337100,0.746,92522500,197,100,0
sh513130,14:08:06,1764137288144,5625.7,0.9106,5.0969,0.741,0.7426,-0.2155,127500,94517,0.7413,0.741,95318600,0.74,154357200,0.739,93407000,0.738,66951900,0.737,53952800,0.742,50171200,0.743,110504900,0.744,137362000,0.745,189164400,0.746,92522500,41,100,0
sh513130,14:08:06,1764137290166,5625.48,0.9106,2.8398,0.741,0.7426,-0.2155,127500,94517,0.7413,0.741,95318600,0.74,154357200,0.739,93407000,0.738,66951900,0.737,53952800,0.742,50171200,0.743,110504900,0.744,137362000,0.745,189164400,0.746,92522500,1722,100,0
sh513130,14:08:09,1764137291161,5625.46,0.9106,2.1066,0.742,0.7426,-0.0808,1000,742,0.742,0.741,96251800,0.74,154363400,0.739,93377000,0.738,66951900,0.737,53952800,0.742,50796500,0.743,110454900,0.744,137377200,0.745,189219000,0.746,92522500,661,100,0
sh513130,14:08:09,1764137293169,5626.67,0.9106,3.8101,0.742,0.7426,-0.0808,1000,742,0.742,0.741,96251800,0.74,154363400,0.739,93377000,0.738,66951900,0.737,53952800,0.742,50796500,0.743,110454900,0.744,137377200,0.745,189219000,0.746,92522500,499,100,0
sh513130,14:08:12,1764137295166,5626.15,0.9106,4.5207,0.741,0.7426,-0.2155,2983200,2213521,0.742,0.741,97450700,0.74,154373500,0.739,94357000,0.738,66951900,0.737,53962800,0.742,47843900,0.743,110587200,0.744,137383300,0.745,189219000,0.746,92522500,568,100,0
sh513130,14:08:15,1764137298162,5627.21,0.9106,3.4643,0.742,0.7426,-0.0808,6181600,4586747,0.742,0.741,97640300,0.74,154237900,0.739,94357000,0.738,66951900,0.737,53962800,0.742,33718900,0.743,110610600,0.744,125401700,0.745,190072600,0.746,92572500,1392,100,0
sh513130,14:08:18,1764137300190,5627.7,0.9106,3.5186,0.741,0.7426,-0.2155,21300,15783,0.741,0.741,97769000,0.74,155257900,0.739,94362000,0.738,66951900,0.737,53962800,0.742,35944600,0.743,110623300,0.744,125467500,0.745,190928200,0.746,92572900,1208,100,0
sh513130,14:08:21,1764137304203,5627.31,0.9106,2.7541,0.742,0.7426,-0.0808,52800,39128,0.7411,0.741,97936300,0.74,155318400,0.739,94362000,0.738,66871900,0.737,53952800,0.742,38888200,0.743,110621900,0.744,137485100,0.745,191800800,0.746,92572900,900,100,0
sh513130,14:08:24,1764137306215,5626.99,0.9106,2.0963,0.742,0.7426,-0.0808,87000,64496,0.7413,0.741,98034600,0.74,155298400,0.739,94270700,0.738,66861900,0.737,53952800,0.742,42983800,0.743,110421900,0.744,137491100,0.745,192641400,0.746,92572900,737,100,0
sh513130,14:08:27,1764137309206,5626.56,0.9106,1.6929,0.742,0.7426,-0.0808,33500,24826,0.7411,0.741,97265900,0.74,155345200,0.739,95360700,0.738,66861900,0.737,53952800,0.742,38911500,0.743,111344200,0.744,137391100,0.745,186652200,0.746,92572900,753,100,0
sh513130,14:08:30,1764137312193,5625.79,0.9106,1.3703,0.741,0.7426,-0.2155,6600,4894,0.7415,0.741,106676700,0.74,148235700,0.739,95360700,0.738,66864900,0.737,53952800,0.742,43163000,0.743,112202100,0.744,129345600,0.745,194650700,0.746,92570900,102,100,0
sh513130,14:08:33,1764137316210,5626.12,0.9106,1.4392,0.741,0.742,-0.1348,40000,29670,0.7418,0.741,99270200,0.74,148497300,0.739,95245700,0.738,66862900,0.737,53952800,0.742,57137800,0.743,113161000,0.744,128303300,0.745,187420700,0.746,92570900,1717,100,0
sh513130,14:08:36,1764137318231,5625.28,0.9106,1.7425,0.742,0.742,0.0,29000,21518,0.742,0.741,91786800,0.74,156530400,0.739,96108300,0.738,66849400,0.737,53952800,0.742,52068200,0.743,114072300,0.744,136303300,0.745,179417500,0.746,92570900,1760,100,0
sh513130,14:08:39,1764137322223,5625.69,0.9106,1.8991,0.741,0.742,-0.1348,6600,4891,0.7411,0.741,92837600,0.74,156503500,0.739,96970900,0.738,66850900,0.737,53752800,0.742,51998500,0.743,114974600,0.744,136326600,0.745,179407500,0.746,92640900,1567,100,0
sh513130,14:08:42,1764137325231,5627.26,0.9106,1.5532,0.742,0.742,0.0,71100,52686,0.741,0.741,92688700,0.74,156452100,0.739,97836500,0.738,66850900,0.737,53752800,0.742,52115600,0.743,115974300,0.744,136655100,0.745,179407500,0.746,92640900,136,100,0
sh513130,14:08:48,1764137331238,5625.18,0.9106,0.4729,0.741,0.742,-0.1348,82800,61355,0.741,0.741,94061400,0.74,157433000,0.739,98571700,0.738,66850900,0.737,53888800,0.742,44516600,0.743,117912800,0.744,137646800,0.745,186495100,0.746,92670900,796,100,0
sh513130,14:08:51,1764137333244,5626.25,0.9106,0.1675,0.742,0.742,0.0,29500,21889,0.742,0.741,93071600,0.74,157433200,0.739,100454300,0.738,66850900,0.737,53888800,0.742,45364200,0.743,117970300,0.744,137646800,0.745,186064500,0.746,92670900,722,100,0
sh513130,14:08:54,1764137336244,5625.73,0.9106,0.2231,0.741,0.742,-0.1348,17100,12685,0.7418,0.741,93856200,0.74,157446800,0.739,101316900,0.738,66850900,0.737,53459400,0.742,45390300,0.743,118043500,0.744,137616800,0.745,186164500,0.746,92670900,421,100,0
sh513130,14:08:57,1764137339245,5626.77,0.9106,0.9943,0.742,0.742,0.0,1000,742,0.742,0.741,93822700,0.74,157491800,0.739,95277200,0.738,66850900,0.737,53459400,0.742,46369000,0.743,117981100,0.744,136631400,0.745,186154500,0.746,92649900,750,100,0
sh513130,14:09:00,1764137343245,5626.36,0.9106,1.1572,0.742,0.742,0.0,45400,33642,0.741,0.741,95546400,0.74,157411800,0.739,95277200,0.738,66850900,0.737,53459400,0.742,46126400,0.743,112013400,0.744,136231400,0.745,186159900,0.746,92649900,767,100,0
sh513130,14:09:03,1764137345268,5626.73,0.9106,0.8845,0.742,0.7426,-0.0808,900,667,0.7411,0.741,96425500,0.74,157478000,0.739,95277200,0.738,67279700,0.737,53459400,0.742,56347000,0.743,112060300,0.744,137236400,0.745,179413900,0.746,92652900,754,100,0
sh513130,14:09:06,1764137348275,5626.67,0.9106,1.3436,0.742,0.7426,-0.0808,5100,3785,0.7422,0.741,97322900,0.74,157480000,0.739,95284200,0.738,67279700,0.737,53459400,0.742,61755300,0.743,112116800,0.744,137217800,0.745,171374300,0.746,92617400,1575,100,0
sh513130,14:09:09,1764137351263,5626.83,0.9106,0.987,0.742,0.7426,-0.0808,30000,22260,0.742,0.741,97199800,0.74,157500000,0.739,96278300,0.738,67279700,0.737,53467500,0.742,63783300,0.743,112244600,0.744,135001800,0.745,171364300,0.746,92617400,191,100,0
sh513130,14:09:12,1764137354271,5625.45,0.9106,3.711,0.742,0.7426,-0.0808,73600,54611,0.742,0.741,98499800,0.74,157595000,0.739,96278300,0.738,67279700,0.737,53467500,0.742,63927300,0.743,112259000,0.744,135001800,0.745,176426300,0.746,93017400,1045,100,0
sh513130,14:09:15,1764137357285,5625.97,0.9106,1.2868,0.742,0.7426,-0.0808,317900,235875,0.742,0.741,99368500,0.74,157603500,0.739,96278300,0.738,67279700,0.737,53457500,0.742,61402600,0.743,112653200,0.744,135021800,0.745,176375900,0.746,93027400,762,100,0
sh513130,14:09:18,1764137361269,5625.86,0.9106,0.9172,0.742,0.7426,-0.0808,418700,310676,0.742,0.741,100431700,0.74,157602600,0.739,96278300,0.738,67279700,0.737,53457500,0.742,61068200,0.743,112623200,0.744,135031600,0.745,176375900,0.746,93027400,799,100,0
sh513130,14:09:21,1764137365316,5626.06,0.9106,3.055,0.741,0.7426,-0.2155,508400,376724,0.741,0.741,100883900,0.74,157618600,0.739,96186800,0.738,67279700,0.737,53457500,0.742,63528500,0.743,112623700,0.744,135007900,0.745,172315900,0.746,93027400,817,100,0
sh513130,14:09:27,1764137370285,5626.21,0.9106,2.4042,0.742,0.7426,-0.0808,20000,14840,0.742,0.741,103714400,0.74,157531000,0.739,95196800,0.738,67279700,0.737,53490700,0.742,63693900,0.743,111766700,0.744,133021500,0.745,177347500,0.746,93027400,1814,100,0
sh513130,14:09:30,1764137372280,5626.28,0.9106,4.7376,0.741,0.7426,-0.2155,163600,121390,0.742,0.741,105443200,0.74,157659000,0.739,95196800,0.738,67287000,0.737,53547300,0.742,59694400,0.743,111808600,0.744,134020100,0.745,180347500,0.746,93027400,1706,100,0
sh513130,14:09:33,1764137375310,5625.61,0.9106,3.9088,0.742,0.7426,-0.0808,148100,109749,0.741,0.741,105861200,0.74,157661900,0.739,95177500,0.738,67267700,0.737,54047300,0.742,58714000,0.743,111806600,0.744,133030100,0.745,177360800,0.746,93016200,400,100,0
sh513130,14:09:36,1764137378297,5625.5,0.9106,3.14,0.741,0.7426,-0.2155,153700,113957,0.7414,0.741,105805700,0.74,157672900,0.739,95277500,0.738,67267700,0.737,54047300,0.742,54645500,0.743,111907000,0.744,134020100,0.745,181216400,0.746,93028600,1230,100,0
sh513130,14:09:42,1764137385325,5626.05,0.9106,3.0097,0.742,0.7426,-0.0808,659700,488842,0.741,0.741,105545400,0.74,157691800,0.739,95351600,0.738,67267700,0.737,54047300,0.742,45814500,0.743,111987000,0.744,137373900,0.745,189672500,0.746,93028600,827,100,0
sh513130,14:09:45,1764137388341,5626.21,0.9106,3.4168,0.742,0.7426,-0.0808,10000,7420,0.742,0.741,105668500,0.74,157575000,0.739,95352100,0.738,67267700,0.737,54047300,0.742,57016900,0.743,112007000,0.744,137303900,0.745,183782100,0.746,93628400,400,100,0
sh513130,14:09:48,1764137390333,5626.43,0.9106,2.8957,0.741,0.7426,-0.2155,19500,14450,0.741,0.741,105449300,0.74,157575000,0.739,95352100,0.738,67267700,0.737,54047300,0.742,61280600,0.743,112010900,0.744,136213900,0.745,182272900,0.746,93628400,218,100,0
sh513130,14:09:51,1764137393324,5625.93,0.9106,1.8953,0.741,0.7426,-0.2155,116000,85969,0.7411,0.741,105342500,0.74,157700100,0.739,95345100,0.738,67267700,0.737,54060800,0.742,65992000,0.743,111996900,0.744,134633300,0.745,184038800,0.746,93628400,818,100,0
sh513130,14:09:54,1764137397344,5626.09,0.9106,1.2163,0.742,0.7426,-0.0808,598700,444215,0.742,0.741,105347600,0.74,157675000,0.739,95345100,0.738,67277700,0.737,54060800,0.742,48983200,0.743,112066900,0.744,134672300,0.745,194650400,0.746,93628400,710,100,0
sh513130,14:10:00,1764137403058,5625.96,0.9106,1.7853,0.741,0.7426,-0.2155,202600,150129,0.741,0.741,105672200,0.74,157702800,0.739,95345400,0.738,67277700,0.737,54022700,0.742,49945500,0.743,111995300,0.744,133682300,0.745,196410900,0.746,93628400,574,100,0
sh513130,14:10:03,1764137406345,5625.74,0.9106,2.3341,0.741,0.7426,-0.2155,19000,14098,0.742,0.741,106724200,0.74,157708800,0.739,94355400,0.738,66275700,0.737,54029700,0.742,42516300,0.743,112245900,0.744,136814600,0.745,197266500,0.746,93628400,985,100,0
sh513130,14:10:06,1764137409340,5626.42,0.9106,2.5762,0.742,0.7426,-0.0808,1001300,742965,0.742,0.741,107021300,0.74,157839200,0.739,94356400,0.738,66275700,0.737,54029700,0.742,44596100,0.743,112250900,0.744,136824300,0.745,197868500,0.746,93678400,869,100,0
sh513130,14:10:09,1764137411350,5626.49,0.9106,2.1297,0.741,0.7426,-0.2155,23000,17053,0.7414,0.741,106073600,0.74,157711000,0.739,95346400,0.738,66275700,0.737,54020800,0.742,44479200,0.743,112295000,0.744,136824300,0.745,197842000,0.746,93678400,871,100,0
sh513130,14:10:15,1764137418366,5625.55,0.9106,1.2328,0.741,0.7426,-0.2155,67700,50166,0.741,0.741,106164900,0.74,157702400,0.739,95836400,0.738,66270700,0.737,54020800,0.742,64657300,0.743,112413900,0.744,134635300,0.745,187888900,0.746,93652100,1901,100,0
sh513130,14:10:18,1764137422392,5625.7,0.9106,1.114,0.741,0.7426,-0.2155,67800,50240,0.741,0.741,106807600,0.74,157701400,0.739,95836400,0.738,66270700,0.737,54020800,0.742,64730200,0.743,112393900,0.744,134635300,0.745,187887300,0.746,93652100,1822,100,0
sh513130,14:10:21,1764137423371,5626.22,0.9106,1.4043,0.742,0.7426,-0.0808,100,74,0.74,0.741,106503300,0.74,157764800,0.739,95826600,0.738,66270700,0.737,54020800,0.742,65005900,0.743,112381100,0.744,134637000,0.745,187874600,0.746,93654700,587,100,0
sh513130,14:10:24,1764137427375,5624.84,0.9106,2.8192,0.741,0.7426,-0.2155,94700,70178,0.7411,0.741,105800500,0.74,157611500,0.739,96497300,0.738,66270700,0.737,53030800,0.742,70026200,0.743,112378500,0.744,134643800,0.745,182874600,0.746,93654700,278,100,0
sh513130,14:10:27,1764137429388,5624.87,0.9106,2.2178,0.741,0.7426,-0.2155,148200,109817,0.741,0.741,95680500,0.74,155922800,0.739,97146000,0.738,66270700,0.737,53030800,0.742,74532800,0.743,110163800,0.744,134701800,0.745,172841100,0.746,93654700,131,100,0
sh513130,14:10:30,1764137433402,5624.13,0.9106,2.0283,0.742,0.7426,-0.0808,100800,74694,0.741,0.741,95660200,0.74,155867800,0.739,97146000,0.738,66270700,0.737,53033800,0.742,88074200,0.743,114379500,0.744,133611800,0.745,157841100,0.746,93654700,902,100,0
sh513130,14:10:33,1764137435389,5624.13,0.9106,2.6274,0.741,0.7419,-0.1213,1008500,747307,0.741,0.741,96882700,0.74,156889000,0.739,98008500,0.738,66270700,0.737,53033800,0.742,91601100,0.743,111086500,0.744,133611800,0.745,157841100,0.746,93570200,928,100,0
sh513130,14:10:36,1764137438406,5623.93,0.9106,2.0477,0.742,0.7419,0.0135,1000,742,0.742,0.741,96993600,0.74,156900300,0.739,98871000,0.738,66211200,0.737,52998600,0.742,77113300,0.743,111170200,0.744,132595400,0.745,172848000,0.746,93570200,364,100,0
sh513130,14:10:39,1764137442414,5623.4,0.9106,1.1697,0.741,0.7419,-0.1213,700,518,0.74,0.741,97001200,0.74,156899500,0.739,99733500,0.738,66214200,0.737,52998600,0.742,77278800,0.743,110149200,0.744,132795400,0.745,172858000,0.746,93563700,22,100,0
sh513130,14:10:42,1764137445424,5623.63,0.9106,3.215,0.741,0.7419,-0.1213,80500,59651,0.741,0.741,97118000,0.74,156630100,0.739,100596000,0.738,66214200,0.737,52998600,0.742,73995800,0.743,114457000,0.744,132795400,0.745,172858000,0.746,93563700,912,100,0
sh513130,14:10:45,1764137447426,5623.89,0.9106,3.0418,0.741,0.7419,-0.1213,4100,3038,0.741,0.741,96860400,0.74,156628500,0.739,101458500,0.738,66214200,0.737,52998600,0.742,74247600,0.743,113471800,0.744,132795400,0.745,172858000,0.746,93563700,771,100,0
sh513130,14:10:48,1764137451433,5624.05,0.9106,2.9283,0.742,0.7419,0.0135,165500,122641,0.741,0.741,96648100,0.74,156640500,0.739,102364600,0.738,66214200,0.737,52998600,0.742,74407100,0.743,113471800,0.744,132737400,0.745,172858000,0.746,93563700,409,100,0
sh513130,14:10:51,1764137454428,5625.21,0.9106,2.703,0.741,0.7419,-0.1213,14100,10448,0.741,0.741,96693500,0.74,156658300,0.739,103171800,0.738,66264200,0.737,53008600,0.742,74408400,0.743,113571800,0.744,132737400,0.745,172822800,0.746,93563700,12,100,0
sh513130,14:10:54,1764137455425,5625.21,0.9106,3.3297,0.741,0.7419,-0.1213,10000,7410,0.741,0.741,96827200,0.74,156651500,0.739,104037300,0.738,66264200,0.737,53008600,0.742,73537500,0.743,113443900,0.744,133677400,0.745,172808300,0.746,93548700,54,100,0
sh513130,14:10:57,1764137459446,5624.93,0.9106,1.5716,0.742,0.7419,0.0135,22200,16472,0.742,0.741,97007600,0.74,156681500,0.739,105776200,0.738,66264200,0.737,53008600,0.742,73559400,0.743,113493900,0.744,133704000,0.745,172808300,0.746,93542700,951,100,0
sh513130,14:11:00,1764137463444,5624.65,0.9106,2.476,0.741,0.7419,-0.1213,55200,40904,0.741,0.741,96952400,0.74,156686800,0.739,106638700,0.738,66264200,0.737,53008600,0.742,68733200,0.743,112947300,0.744,133738400,0.745,177844500,0.746,93544000,153,100,0
sh513130,14:11:03,1764137465454,5624.81,0.9106,2.4971,0.742,0.7419,0.0135,1100,816,0.7418,0.741,96984300,0.74,156661400,0.739,107171200,0.738,66264200,0.737,53008600,0.742,73712500,0.743,112927300,0.744,133743400,0.745,172844500,0.746,93544000,987,100,0
sh513130,14:11:06,1764137468449,5625.06,0.9106,2.9021,0.741,0.7419,-0.1213,7000,5187,0.741,0.741,97004800,0.74,156661500,0.739,107171200,0.738,66294200,0.737,53008600,0.742,74506700,0.743,113835200,0.744,133743400,0.745,172844500,0.746,93544000,34,100,0
sh513130,14:11:09,1764137471472,5625.1,0.9106,2.2673,0.741,0.7419,-0.1213,30100,22304,0.741,0.741,96969900,0.74,156717500,0.739,107183200,0.738,66291200,0.737,53015100,0.742,74568700,0.743,114697300,0.744,133738400,0.745,172844600,0.746,93544000,921,100,0
sh513130,14:11:12,1764137475474,5624.83,0.9106,3.3511,0.741,0.7419,-0.1213,100,74,0.74,0.741,96975400,0.74,156664200,0.739,107183200,0.738,66321200,0.737,53015100,0.742,68889000,0.743,115555200,0.744,134840500,0.745,177837700,0.746,93544000,569,100,0
sh513130,14:11:15,1764137477478,5624.66,0.9106,0.8827,0.741,0.7419,-0.1213,30900,22897,0.741,0.741,100462400,0.74,156694800,0.739,107173200,0.738,66321200,0.737,53015100,0.742,73990600,0.743,116413100,0.744,134840800,0.745,172837700,0.746,93544000,405,100,0
sh513130,14:11:18,1764137480485,5624.32,0.9106,1.0026,0.742,0.7419,0.0135,351800,260705,0.7411,0.741,100228200,0.74,156820600,0.739,107172900,0.738,66321200,0.737,53015100,0.742,73922800,0.743,117279900,0.744,134798300,0.745,172837700,0.746,93534000,52,100,0
sh513130,14:11:21,1764137483487,5624.88,0.9106,2.281,0.742,0.7419,0.0135,94900,70327,0.7411,0.741,99160000,0.74,156811600,0.739,108162900,0.738,66724200,0.737,52834000,0.742,74924000,0.743,118137800,0.744,133808300,0.745,172915300,0.746,93534000,1048,100,0
sh513130,14:11:24,1764137486494,5624.91,0.9106,3.684,0.741,0.7419,-0.1213,1200,890,0.7417,0.741,99260800,0.74,156811600,0.739,108173700,0.738,66721200,0.737,52844000,0.742,74950400,0.743,118945700,0.744,133786300,0.745,172915300,0.746,93534000,14,100,0
sh513130,14:11:27,1764137489492,5624.51,0.9106,3.6814,0.742,0.7419,0.0135,500,371,0.742,0.741,99281800,0.74,157818400,0.739,108166900,0.738,66721200,0.737,52344000,0.742,75029000,0.743,119748300,0.744,133824300,0.745,172914300,0.746,93534000,1044,100,0
sh513130,14:11:30,1764137492511,5625.48,0.9106,2.7867,0.741,0.7419,-0.1213,5600,4150,0.7411,0.741,99086700,0.74,157251300,0.739,108166900,0.738,66671200,0.737,52344000,0.742,75143300,0.743,120609000,0.744,133824300,0.745,172914300,0.746,93534000,36,100,0
sh513130,14:11:33,1764137494508,5624.94,0.9106,2.7301,0.741,0.7419,-0.1213,87700,65074,0.742,0.741,99218100,0.74,157231300,0.739,108166900,0.738,66671200,0.737,52344000,0.742,76047600,0.743,121509400,0.744,133953900,0.745,172914300,0.746,93534000,27,100,0
sh513130,14:11:36,1764137498525,5624.44,0.9106,2.4219,0.741,0.7419,-0.1213,20000,14820,0.741,0.741,99198100,0.74,157289900,0.739,108166900,0.738,66671200,0.737,52332000,0.742,91247900,0.743,123075500,0.744,133446600,0.745,157922300,0.746,93534000,81,100,0
sh513130,14:11:39,1764137501528,5624.25,0.9106,3.8259,0.741,0.7419,-0.1213,10000,7410,0.741,0.741,99191100,0.74,157293200,0.739,108166900,0.738,66666200,0.737,52332000,0.742,75980800,0.743,122035500,0.744,133446600,0.745,157933700,0.746,93514000,541,100,0
sh513130,14:11:42,1764137505549,5624.95,0.9106,2.5787,0.741,0.7419,-0.1213,132100,97888,0.741,0.741,99060800,0.74,157328400,0.739,108166900,0.738,66666200,0.737,52332000,0.742,76040900,0.743,122055500,0.744,133446600,0.745,172933700,0.746,93432600,222,100,0
sh513130,14:11:48,1764137510544,5624.17,0.9106,1.3916,0.742,0.7419,0.0135,7100,5261,0.741,0.741,99273100,0.74,157302600,0.739,108133900,0.738,66737500,0.737,52332000,0.742,79630700,0.743,118447700,0.744,132456600,0.745,172922000,0.746,93432600,64,100,0
sh513130,14:11:54,1764137516567,5625.08,0.9106,6.2103,0.742,0.7419,0.0135,150000,111300,0.742,0.741,99419900,0.74,157174500,0.739,108134100,0.738,66777500,0.737,52332000,0.742,76052200,0.743,121755500,0.744,133787400,0.745,172922700,0.746,93432600,68,100,0
sh513130,14:11:57,1764137519565,5623.97,0.9106,3.6477,0.741,0.7419,-0.1213,71700,53160,0.7414,0.741,99442500,0.74,157294500,0.739,109134100,0.738,66777500,0.737,52332000,0.742,76423900,0.743,121765500,0.744,133809400,0.745,172922700,0.746,93432600,1107,100,0
sh513130,14:12:03,1764137525581,5623.55,0.9106,3.5108,0.741,0.7419,-0.1213,47700,35346,0.741,0.741,99239200,0.74,157270600,0.739,109134100,0.738,66777800,0.737,52337000,0.742,76756700,0.743,121766500,0.744,132842600,0.745,172920700,0.746,93432600,644,100,0
sh513130,14:12:06,1764137528589,5623.52,0.9106,4.0373,0.741,0.7419,-0.1213,44000,32604,0.741,0.741,99386700,0.74,157324400,0.739,109134100,0.738,66787800,0.737,52337000,0.742,77848500,0.743,121766500,0.744,131852600,0.745,172925700,0.746,93419600,134,100,0
sh513130,14:12:09,1764137531603,5623.05,0.9106,1.7252,0.742,0.7419,0.0135,10000,7420,0.742,0.741,100694700,0.74,157908100,0.739,108435400,0.738,66787800,0.737,52337000,0.742,76865300,0.743,121766500,0.744,131852600,0.745,172925700,0.746,94010800,123,100,0
sh513130,14:12:21,1764137545222,5624.25,0.9106,3.397,0.741,0.7419,-0.1213,123000,91228,0.7417,0.741,100300300,0.74,158072800,0.739,108351700,0.738,66407800,0.737,52417000,0.742,77057400,0.743,121779500,0.744,133980700,0.745,172800900,0.746,94010600,1,100,0
sh513130,14:12:27,1764137550225,5625.08,0.9106,3.3321,0.742,0.7419,0.0135,179100,132893,0.742,0.741,100834100,0.74,158104800,0.739,108401700,0.738,66407800,0.737,52454000,0.742,71965200,0.743,121816700,0.744,133980700,0.745,177892400,0.746,94010600,1379,100,0
sh513130,14:12:30,1764137553228,5624.54,0.9106,2.5759,0.741,0.7419,-0.1213,4900,3630,0.7408,0.741,101829200,0.74,157999700,0.739,108517400,0.738,66407800,0.737,52454000,0.742,71900300,0.743,121810600,0.744,133980700,0.745,177892400,0.746,94010600,54,100,0
sh513130,14:12:33,1764137556218,5624.89,0.9106,2.6562,0.742,0.7419,0.0135,1100,817,0.7427,0.741,102829500,0.74,157989700,0.739,97389900,0.738,66407800,0.737,52444000,0.742,57915600,0.743,121818900,0.744,134970700,0.745,180892400,0.746,94010600,863,100,0
sh513130,14:12:36,1764137558239,5624.49,0.9106,3.812,0.742,0.7419,0.0135,900,667,0.7411,0.741,103837200,0.74,157985000,0.739,98252400,0.738,66407800,0.737,52444000,0.742,57903500,0.743,121798200,0.744,134967200,0.745,180892400,0.746,94010600,707,100,0
sh513130,14:12:42,1764137564252,5624.8,0.9106,3.5691,0.742,0.7419,0.0135,217100,160873,0.741,0.741,104614000,0.74,157980800,0.739,96527400,0.738,66407800,0.737,52444000,0.742,48725200,0.743,111711300,0.744,135970300,0.745,187648400,0.746,94010600,207,100,0
sh513130,14:12:45,1764137567259,5625.12,0.9106,3.3397,0.742,0.7419,0.0135,11200,8306,0.7416,0.741,106168000,0.74,157286100,0.739,96527400,0.738,66407800,0.737,52444000,0.742,42867800,0.743,111711300,0.744,136285300,0.745,188501000,0.746,94009600,779,100,0
sh513130,14:12:48,1764137570266,5626.46,0.9106,3.4427,0.742,0.7426,-0.0808,40901100,30348616,0.742,0.742,42800600,0.741,92743200,0.74,154023500,0.739,85098600,0.738,50411000,0.743,115974700,0.744,123287700,0.745,189773600,0.746,94067100,0.747,88434300,1804,100,0
sh513130,14:12:54,1764137576266,5627.41,0.9106,3.5503,0.742,0.7426,-0.0808,283300,210219,0.742,0.742,60428700,0.741,113358400,0.74,145719100,0.739,71328600,0.738,50397000,0.743,116442100,0.744,115556700,0.745,197858300,0.746,94067100,0.747,88433800,1391,100,0
sh513130,14:12:57,1764137580286,5628.16,0.9106,2.3183,0.742,0.7426,-0.0808,54000,40068,0.742,0.742,60456200,0.741,115300800,0.74,145595800,0.739,71328600,0.738,50397000,0.743,116442100,0.744,115556700,0.745,197858300,0.746,94067100,0.747,88418700,1073,100,0
sh513130,14:13:00,1764137583277,5627.69,0.9106,1.6461,0.742,0.7426,-0.0808,279300,207241,0.742,0.742,61175600,0.741,116461600,0.74,145526200,0.739,71428600,0.738,50397000,0.743,116512100,0.744,115592200,0.745,197858300,0.746,94067100,0.747,88418700,786,100,0
sh513130,14:13:03,1764137586287,5627.6,0.9106,0.8338,0.742,0.7426,-0.0808,60200,44699,0.7425,0.742,63148800,0.741,119002100,0.74,145525100,0.739,71428600,0.738,50397000,0.743,116614400,0.744,115588700,0.745,197818300,0.746,94067100,0.747,88399800,482,100,0
sh513130,14:13:06,1764137588281,5627.92,0.9106,0.9526,0.743,0.7426,0.0539,232800,172750,0.7421,0.742,63389800,0.741,119932600,0.74,145542100,0.739,71127600,0.738,50397000,0.743,117009600,0.744,115371400,0.745,198164900,0.746,94067100,0.747,88399800,368,100,0
sh513130,14:13:09,1764137592287,5628.4,0.9106,4.9701,0.742,0.7426,-0.0808,12000,8906,0.7422,0.742,72029200,0.741,112386500,0.74,145542100,0.739,71127600,0.738,50397000,0.743,99907100,0.744,115371400,0.745,199154900,0.746,109367100,0.747,88399800,8,100,0
sh513130,14:13:12,1764137595322,5629.72,0.9106,4.0039,0.742,0.7426,-0.0808,5000,3710,0.742,0.742,72033700,0.741,114125600,0.74,145537200,0.739,71097600,0.738,50397000,0.743,99957100,0.744,115400600,0.745,199372200,0.746,109367100,0.747,88379800,865,100,0
sh513130,14:13:15,1764137597321,5630.52,0.9106,3.4089,0.742,0.7426,-0.0808,200000,148400,0.742,0.742,71993700,0.741,114687900,0.74,145550700,0.739,70977200,0.738,50397000,0.743,114007100,0.744,115401600,0.745,200277800,0.746,94367100,0.747,88367700,706,100,0
sh513130,14:13:18,1764137600321,5630.74,0.9106,2.4353,0.742,0.7426,-0.0808,10000,7420,0.742,0.742,71053200,0.741,115498400,0.74,145551100,0.739,71977200,0.738,50643000,0.743,99922100,0.744,115427700,0.745,201133300,0.746,109367100,0.747,88367700,1515,100,0
sh513130,14:13:21,1764137604323,5630.99,0.9106,2.9436,0.743,0.7426,0.0539,923700,685393,0.742,0.742,72860900,0.741,115569100,0.74,144461400,0.739,71017200,0.738,50643000,0.743,99937500,0.744,115508200,0.745,202008900,0.746,109367100,0.747,88361700,1210,100,0
sh513130,14:13:24,1764137607389,5631.53,0.9106,1.925,0.743,0.7426,0.0539,1094000,811942,0.7422,0.742,72242000,0.741,114752400,0.74,144175200,0.739,71017200,0.738,50643000,0.743,99987100,0.744,115508200,0.745,202864500,0.746,109374700,0.747,88361700,925,100,0
sh513130,14:13:27,1764137610337,5631.91,0.9106,1.7948,0.743,0.7426,0.0539,66400,49269,0.742,0.742,73238900,0.741,114565700,0.74,144078900,0.739,72017500,0.738,50628000,0.743,99490800,0.744,115365600,0.745,203720100,0.746,109374700,0.747,88361700,670,100,0
sh513130,14:13:30,1764137612338,5632.04,0.9106,1.5207,0.743,0.7426,0.0539,11700,8691,0.7428,0.742,75964200,0.741,114630800,0.74,143225500,0.739,71017500,0.738,50628000,0.743,94093900,0.744,115628900,0.745,204311300,0.746,114374700,0.747,88361700,502,100,0
sh513130,14:13:36,1764137619364,5632.82,0.9106,3.0936,0.743,0.7426,0.0539,100,74,0.74,0.742,76908700,0.741,115697000,0.74,142241300,0.739,71017500,0.738,50638000,0.743,93338700,0.744,115750300,0.745,207996700,0.746,114649100,0.747,88361700,849,100,0
sh513130,14:13:42,1764137624383,5632.73,0.9106,2.0494,0.743,0.7426,0.0539,211900,157435,0.743,0.742,78682900,0.741,108762900,0.74,139497900,0.739,70979400,0.738,50248000,0.743,93060800,0.744,123528800,0.745,199996800,0.746,114649100,0.747,88361700,1680,100,0
sh513130,14:13:45,1764137627380,5633.33,0.9106,2.9143,0.742,0.7433,-0.1749,3800,2820,0.7421,0.742,79596400,0.741,109342800,0.74,139497900,0.739,70979400,0.738,50250000,0.743,90319900,0.744,123450500,0.745,200555500,0.746,114649100,0.747,88361700,337,100,0
sh513130,14:13:48,1764137629388,5632.58,0.9106,2.2716,0.742,0.7433,-0.1749,991600,736701,0.7429,0.742,79570100,0.741,117368600,0.74,132488900,0.739,70949400,0.738,50250000,0.743,89715500,0.744,115657400,0.745,207595500,0.746,114680400,0.747,88551700,176,100,0
sh513130,14:13:48,1764137631398,5632.9,0.9106,3.206,0.742,0.7433,-0.1749,991600,736701,0.7429,0.742,79570100,0.741,117368600,0.74,132488900,0.739,70949400,0.738,50250000,0.743,89715500,0.744,115657400,0.745,207595500,0.746,114680400,0.747,88551700,13,100,0
sh513130,14:13:51,1764137633396,5633.18,0.9106,3.1181,0.742,0.7433,-0.1749,1212300,900527,0.7428,0.742,81305600,0.741,118428900,0.74,132107300,0.739,70929400,0.738,50250000,0.743,77766400,0.744,118804000,0.745,207581700,0.746,119470900,0.747,88552700,915,100,0
sh513130,14:13:54,1764137636411,5633.46,0.9106,4.4683,0.742,0.7433,-0.1749,200100,148474,0.742,0.742,82219800,0.741,118442900,0.74,130872900,0.739,70929400,0.738,50260000,0.743,76527600,0.744,118892100,0.745,208564600,0.746,119483500,0.747,88552700,673,100,0
sh513130,14:13:57,1764137640397,5634.1,0.9106,6.9735,0.742,0.7433,-0.1749,2687900,1997105,0.743,0.742,83223800,0.741,118319000,0.74,130877900,0.739,70929400,0.738,50260000,0.743,84843800,0.744,118922100,0.745,208531600,0.746,114773000,0.747,88552700,319,100,0
sh513130,14:14:00,1764137642399,5632.83,0.9106,5.4335,0.743,0.7433,-0.0404,293700,217956,0.7421,0.742,83833900,0.741,118389600,0.74,128779500,0.739,70939100,0.738,50260000,0.743,87941100,0.744,115624300,0.745,208531600,0.746,114817000,0.747,88552700,11,100,0
sh513130,14:14:03,1764137646417,5633.35,0.9106,2.3347,0.742,0.7433,-0.1749,20000,14840,0.742,0.742,83928000,0.741,118380000,0.74,129741600,0.739,70939100,0.738,50260000,0.743,88824400,0.744,115640800,0.745,207453800,0.746,114817000,0.747,88552700,2,100,0
sh513130,14:14:06,1764137648408,5633.35,0.9106,2.607,0.742,0.7433,-0.1749,294300,218391,0.7421,0.742,86387000,0.741,119279700,0.74,129747100,0.739,70939100,0.738,50260000,0.743,85366600,0.744,118951800,0.745,207453800,0.746,114817000,0.747,88552700,1799,100,0
sh513130,14:14:09,1764137651417,5632.95,0.9106,2.3817,0.742,0.7433,-0.1749,202000,149886,0.742,0.742,87371200,0.741,119933600,0.74,129738300,0.739,70939100,0.738,50360000,0.743,93465400,0.744,116860800,0.745,207499500,0.746,109847000,0.747,88602700,381,100,0
sh513130,14:14:12,1764137654418,5633.56,0.9106,2.0979,0.743,0.7433,-0.0404,140200,104068,0.7423,0.742,78092900,0.741,119653000,0.74,131424400,0.739,70939100,0.738,50360000,0.743,93339500,0.744,116691100,0.745,207782300,0.746,109847000,0.747,88629700,1299,100,0
sh513130,14:14:12,1764137656435,5632.45,0.9106,1.4739,0.743,0.7433,-0.0404,140200,104068,0.7423,0.742,78092900,0.741,119653000,0.74,131424400,0.739,70939100,0.738,50360000,0.743,93339500,0.744,116691100,0.745,207782300,0.746,109847000,0.747,88629700,13,100,0
sh513130,14:14:15,1764137658436,5632.23,0.9106,1.6252,0.743,0.7433,-0.0404,2000,1486,0.743,0.742,86102600,0.741,111884100,0.74,132287000,0.739,71039100,0.738,50374100,0.743,110324700,0.744,116791100,0.745,198872300,0.746,102547000,0.747,88629700,5,100,0
sh513130,14:14:18,1764137661444,5632.56,0.9106,1.4121,0.743,0.7426,0.0539,32800,24340,0.7421,0.742,77771300,0.741,121067100,0.74,133158400,0.739,71039100,0.738,50374100,0.743,94316100,0.744,116838500,0.745,207862300,0.746,109847000,0.747,88629700,895,100,0
sh513130,14:14:21,1764137663450,5633.03,0.9106,1.1883,0.743,0.7426,0.0539,100000,74300,0.743,0.742,77761300,0.741,113922200,0.74,141495700,0.739,71039100,0.738,50241800,0.743,94550400,0.744,123790800,0.745,199816300,0.746,109847000,0.747,88629700,958,100,0
sh513130,14:14:24,1764137666439,5632.92,0.9106,0.9698,0.743,0.7433,-0.0404,200300,148763,0.7427,0.742,77945400,0.741,114660100,0.74,142346200,0.739,70989100,0.738,50241800,0.743,109519700,0.744,124823200,0.745,199656900,0.746,94847000,0.747,88629700,15,100,0
sh513130,14:14:27,1764137669460,5633.64,0.9106,0.8649,0.743,0.7433,-0.0404,25000,18575,0.743,0.742,78389200,0.741,122708900,0.74,135250500,0.739,70989100,0.738,50241800,0.743,109955500,0.744,116823200,0.745,207650300,0.746,94847000,0.747,88629700,970,100,0
sh513130,14:14:30,1764137672463,5633.3,0.9106,1.5526,0.742,0.7433,-0.1749,25400,18867,0.7428,0.742,78037100,0.741,122864200,0.74,136102900,0.739,70989100,0.738,50231800,0.743,94942100,0.744,115823200,0.745,207693600,0.746,109867300,0.747,88629700,30,100,0
sh513130,14:14:33,1764137675470,5632.69,0.9106,1.2062,0.743,0.7433,-0.0404,446700,331888,0.743,0.742,78080900,0.741,122733400,0.74,136930300,0.739,70989100,0.738,50241800,0.743,95201200,0.744,115823200,0.745,207743600,0.746,109882300,0.747,88629700,685,100,0
sh513130,14:14:36,1764137678468,5632.7,0.9106,2.1713,0.742,0.7433,-0.1749,160900,119388,0.742,0.742,78425800,0.741,123232000,0.74,137791700,0.739,70989100,0.738,50241800,0.743,95584200,0.744,115810600,0.745,208177400,0.746,109882300,0.747,88629700,9,100,0
sh513130,14:14:39,1764137681474,5633.09,0.9106,2.6587,0.742,0.7433,-0.1749,5000,3710,0.742,0.742,78420000,0.741,122964600,0.74,138919000,0.739,70984100,0.738,50241800,0.743,95584200,0.744,115812600,0.745,208177100,0.746,109844700,0.747,88629700,165,100,0
sh513130,14:14:42,1764137684481,5631.78,0.9106,1.4926,0.742,0.7433,-0.1749,12000,8904,0.742,0.742,78405300,0.741,122670000,0.74,139779900,0.739,70964100,0.738,50241800,0.743,95587200,0.744,117128200,0.745,208196700,0.746,109844700,0.747,88641100,24,100,0
sh513130,14:14:45,1764137687500,5631.87,0.9106,2.3877,0.742,0.7433,-0.1749,100500,74661,0.7429,0.742,78476200,0.741,122975500,0.74,130293800,0.739,70964100,0.738,50241800,0.743,95369500,0.744,116128200,0.745,208201700,0.746,109847700,0.747,88641100,985,100,0
sh513130,14:14:48,1764137691502,5632.63,0.9106,2.1368,0.743,0.7433,-0.0404,1400,1040,0.7429,0.742,78472200,0.741,123025500,0.74,130296500,0.739,70764100,0.738,50241800,0.743,95383000,0.744,116156800,0.745,208231700,0.746,109847700,0.747,88641100,1011,100,0
sh513130,14:14:54,1764137697523,5631.97,0.9106,1.9749,0.743,0.7433,-0.0404,25000,18563,0.7425,0.742,79419500,0.741,122949400,0.74,130692800,0.739,70690000,0.738,50241800,0.743,95519800,0.744,117204800,0.745,208246300,0.746,109827700,0.747,88591100,974,100,0
sh513130,14:14:57,1764137699517,5631.89,0.9106,0.9997,0.743,0.7433,-0.0404,126500,93974,0.7429,0.742,80273200,0.741,123097300,0.74,130797700,0.739,70690000,0.738,50241800,0.743,95377600,0.744,116205800,0.745,208217300,0.746,109827700,0.747,88592100,812,100,0
sh513130,14:14:57,1764137701535,5631.86,0.9106,2.4673,0.743,0.7433,-0.0404,126500,93974,0.7429,0.742,80273200,0.741,123097300,0.74,130797700,0.739,70690000,0.738,50241800,0.743,95377600,0.744,116205800,0.745,208217300,0.746,109827700,0.747,88592100,671,100,0
sh513130,14:15:00,1764137702523,5631.92,0.9106,2.1096,0.742,0.7433,-0.1749,380600,282412,0.742,0.742,81044500,0.741,123252400,0.74,130797700,0.739,70690000,0.738,50241800,0.743,95704200,0.744,116205800,0.745,208245300,0.746,109907700,0.747,88592100,8,100,0
sh513130,14:15:03,1764137705533,5631.49,0.9106,1.896,0.742,0.7433,-0.1749,18900,14034,0.7425,0.742,81981200,0.741,123070500,0.74,130797700,0.739,70690000,0.738,50241800,0.743,95592400,0.744,116486200,0.745,207866500,0.746,109907700,0.747,88592100,225,100,0
sh513130,14:15:06,1764137708196,5632.17,0.9106,2.0466,0.742,0.7433,-0.1749,220800,163833,0.742,0.742,82627300,0.741,122953500,0.74,130797700,0.739,70690000,0.738,50241800,0.743,95402800,0.744,116508100,0.745,207846500,0.746,109957700,0.747,88592100,802,100,0
sh513130,14:15:09,1764137711537,5631.55,0.9106,3.434,0.742,0.7433,-0.1749,200100,148475,0.742,0.742,83364200,0.741,123397400,0.74,130810700,0.739,70688000,0.738,50238800,0.743,110546400,0.744,117529300,0.745,207946500,0.746,94957700,0.747,88452100,1085,100,0
sh513130,14:15:12,1764137714573,5631.71,0.9106,2.6263,0.742,0.7433,-0.1749,5000,3710,0.742,0.742,84336400,0.741,123233300,0.74,130730700,0.739,70688000,0.738,50238800,0.743,111076000,0.744,117531600,0.745,207757200,0.746,94987400,0.747,88452100,51,100,0
sh513130,14:15:15,1764137716563,5631.94,0.9106,2.0937,0.742,0.7433,-0.1749,178500,132451,0.742,0.742,86252100,0.741,123454600,0.74,130724000,0.739,70688000,0.738,50238800,0.743,95827000,0.744,116516900,0.745,207752600,0.746,109987400,0.747,88452100,104,100,0
sh513130,14:15:18,1764137720560,5631.0,0.9106,3.8433,0.743,0.7433,-0.0404,4200,3121,0.7431,0.742,87178800,0.741,124077000,0.74,130742400,0.739,70738000,0.738,50238800,0.743,95837800,0.744,116666900,0.745,207841200,0.746,109987400,0.747,88452000,70,100,0
sh513130,14:15:21,1764137723560,5631.15,0.9106,1.5606,0.742,0.7433,-0.1749,100000,74200,0.742,0.742,79537900,0.741,131997000,0.74,130727900,0.739,70738000,0.738,50256800,0.743,112077800,0.744,117692900,0.745,206870400,0.746,94973800,0.747,88452000,919,100,0
sh513130,14:15:24,1764137726684,5631.5,0.9106,1.2353,0.743,0.7433,-0.0404,23400,17386,0.743,0.742,80126200,0.741,132065200,0.74,130723500,0.739,70738000,0.738,50259300,0.743,96671300,0.744,116776300,0.745,206860400,0.746,109973800,0.747,88452000,203,100,0
sh513130,14:15:27,1764137729575,5631.06,0.9106,0.2249,0.742,0.7433,-0.1749,30000,22260,0.742,0.742,88498100,0.741,123699200,0.74,130723500,0.739,70768000,0.738,50258300,0.743,96730400,0.744,116763800,0.745,206860400,0.746,109973800,0.747,88502000,435,100,0
sh513130,14:15:30,1764137732589,5632.22,0.9106,0.7785,0.742,0.7433,-0.1749,202000,149884,0.742,0.742,88341700,0.741,123509700,0.74,130718500,0.739,70768000,0.738,50258300,0.743,96746300,0.744,116770400,0.745,206909100,0.746,109928500,0.747,88520000,98,100,0
sh513130,14:15:33,1764137735588,5630.78,0.9106,3.1553,0.742,0.7433,-0.1749,102500,76057,0.742,0.742,88298800,0.741,123509700,0.74,130718400,0.739,70768000,0.738,50263300,0.743,112000500,0.744,116810200,0.745,206985900,0.746,94928500,0.747,88520000,1091,100,0
sh513130,14:15:36,1764137738588,5629.93,0.9106,0.3249,0.743,0.7433,-0.0404,19800,14706,0.7427,0.742,54670700,0.741,130221000,0.74,131422100,0.739,83148000,0.738,50286300,0.743,112544600,0.744,117860200,0.745,197841600,0.746,94621900,0.747,88560900,122,100,0
sh513130,14:15:39,1764137741613,5630.37,0.9106,0.921,0.742,0.7433,-0.1749,300000,222600,0.742,0.742,51284600,0.741,130163200,0.74,132383500,0.739,83148000,0.738,50286300,0.743,112614300,0.744,117860200,0.745,197841600,0.746,94621900,0.747,88560900,1166,100,0
sh513130,14:15:42,1764137744618,5630.48,0.9106,0.4508,0.743,0.7433,-0.0404,37900,28123,0.742,0.742,64747000,0.741,130698400,0.74,133219700,0.739,70780100,0.738,50286300,0.743,112604300,0.744,122601700,0.745,197836600,0.746,94621800,0.747,88560900,152,100,0
sh513130,14:15:45,1764137747617,5631.05,0.9106,0.8618,0.742,0.7426,-0.0808,42700,31684,0.742,0.742,64559500,0.741,129452600,0.74,134077800,0.739,70780100,0.738,50286300,0.743,112631000,0.744,122621700,0.745,198733100,0.746,94630200,0.747,88560900,1092,100,0
sh513130,14:15:48,1764137750626,5629.57,0.9106,1.17,0.742,0.7426,-0.0808,128100,95060,0.7421,0.742,39163900,0.741,128352600,0.74,134883200,0.739,91160100,0.738,50286300,0.743,113725000,0.744,122624700,0.745,197879600,0.746,94680300,0.747,88560900,157,100,0
sh513130,14:15:51,1764137753630,5629.67,0.9106,1.7978,0.742,0.7426,-0.0808,2400,1781,0.7421,0.742,39269000,0.741,128611400,0.74,135744100,0.739,91159100,0.738,50286300,0.743,114697300,0.744,122624700,0.745,197879900,0.746,94680300,0.747,88560900,616,100,0
sh513130,14:15:54,1764137757638,5629.99,0.9106,1.5842,0.742,0.7427,-0.0943,37000,27454,0.742,0.742,57581600,0.741,129630500,0.74,136605500,0.739,75779100,0.738,50286300,0.743,114708800,0.744,122692300,0.745,198750500,0.746,94680300,0.747,88560900,288,100,0
sh513130,14:15:57,1764137759643,5629.37,0.9106,2.7965,0.742,0.7427,-0.0943,75300,55872,0.742,0.742,54595100,0.741,128625500,0.74,137466800,0.739,75779100,0.738,50286300,0.743,115958900,0.744,122713300,0.745,199606200,0.746,94680400,0.747,88590900,64,100,0
sh513130,14:16:00,1764137762660,5629.29,0.9106,3.7155,0.743,0.7426,0.0539,11600,8619,0.743,0.742,41220100,0.741,129675500,0.74,138323500,0.739,89159100,0.738,50286300,0.743,115948100,0.744,122865300,0.745,199556200,0.746,94677400,0.747,88590900,178,100,0
sh513130,14:16:03,1764137765685,5629.03,0.9106,3.0936,0.742,0.7427,-0.0943,46500,34503,0.742,0.742,21935000,0.741,121675500,0.74,147169600,0.739,91159100,0.738,66283100,0.743,116138300,0.744,143821600,0.745,191556200,0.746,94677400,0.747,88590900,1190,100,0
sh513130,14:16:06,1764137768678,5628.96,0.9106,4.8674,0.742,0.7427,-0.0943,141000,104622,0.742,0.742,24764100,0.741,121603600,0.74,148018600,0.739,83159100,0.738,50386300,0.743,116140100,0.744,131846000,0.745,191556200,0.746,95325600,0.747,88590900,202,100,0
sh513130,14:16:09,1764137771678,5628.34,0.9106,4.8301,0.742,0.7427,-0.0943,21366700,15853965,0.742,0.741,123421800,0.74,148572800,0.739,91159100,0.738,66353100,0.737,51333900,0.742,21623100,0.743,116819800,0.744,140878600,0.745,191581900,0.746,95325600,1219,100,0
sh513130,14:16:12,1764137773682,5627.95,0.9106,2.7889,0.742,0.7427,-0.0943,320700,237759,0.7414,0.741,121151400,0.74,149363800,0.739,93539100,0.738,66353100,0.737,51333900,0.742,17988700,0.743,117350000,0.744,143632100,0.745,192029600,0.746,95310000,1138,100,0
sh513130,14:16:15,1764137777698,5627.88,0.9106,2.897,0.741,0.7427,-0.2289,3000,2223,0.741,0.741,122436100,0.74,149648800,0.739,93969100,0.738,66353100,0.737,51543200,0.742,5080600,0.743,118307400,0.744,131647500,0.745,192865300,0.746,95310000,814,100,0
sh513130,14:16:21,1764137783708,5627.05,0.9106,1.9745,0.741,0.7427,-0.2289,170800,126568,0.741,0.741,125684800,0.74,149641500,0.739,92979100,0.738,66353100,0.737,51543200,0.742,4372500,0.743,118375300,0.744,143543800,0.745,194415400,0.746,95250000,309,100,0
sh513130,14:16:27,1764137789722,5627.24,0.9106,1.8872,0.742,0.7427,-0.0943,220200,163368,0.7419,0.741,126889400,0.74,149580400,0.739,92979100,0.738,66353100,0.737,51543200,0.742,6387000,0.743,118634600,0.744,143812800,0.745,196097400,0.746,94762700,1265,100,0
sh513130,14:16:30,1764137792723,5626.17,0.9106,2.1149,0.742,0.7427,-0.0943,30000,22260,0.742,0.741,125974100,0.74,149662300,0.739,93969100,0.738,66353100,0.737,51543200,0.742,21261300,0.743,118959800,0.744,142553800,0.745,196973100,0.746,94750100,231,100,0
sh513130,14:16:33,1764137794743,5626.22,0.9106,1.7795,0.742,0.7427,-0.0943,13800,10240,0.742,0.741,124582300,0.74,149519200,0.739,94959100,0.738,66353100,0.737,51543200,0.742,49580400,0.743,115654000,0.744,142579500,0.745,182934600,0.746,94750100,295,100,0
sh513130,14:16:36,1764137797737,5626.46,0.9106,1.0475,0.742,0.7427,-0.0943,500,371,0.742,0.741,124715200,0.74,149518200,0.739,94959100,0.738,66353100,0.737,51543000,0.742,48311600,0.743,118864200,0.744,142582500,0.745,182934600,0.746,94750100,1270,100,0
sh513130,14:16:39,1764137801765,5625.5,0.9106,1.3045,0.741,0.7427,-0.2289,16300,12078,0.741,0.741,125031900,0.74,149530000,0.739,94959100,0.738,66353100,0.737,51543000,0.742,51677200,0.743,114828800,0.744,142702300,0.745,182924600,0.746,94750100,1009,100,0
sh513130,14:16:42,1764137804757,5625.51,0.9106,1.0759,0.742,0.7427,-0.0943,10900,8088,0.742,0.741,125621000,0.74,149530100,0.739,94959100,0.738,66353100,0.737,51543000,0.742,51673000,0.743,115385300,0.744,142702300,0.745,182934600,0.746,95029800,287,100,0
sh513130,14:16:45,1764137807796,5626.54,0.9106,1.0759,0.742,0.7427,-0.0943,118100,87594,0.7417,0.741,126093300,0.74,149600100,0.739,94959100,0.738,66291300,0.737,51543000,0.742,47739600,0.743,115410300,0.744,142714900,0.745,187634600,0.746,94629800,500,100,0
sh513130,14:16:48,1764137810782,5625.7,0.9106,1.7317,0.741,0.7427,-0.2289,100,74,0.74,0.741,116293900,0.74,149572100,0.739,94959100,0.738,66223600,0.737,51543000,0.742,47739700,0.743,115400300,0.744,142714900,0.745,172648400,0.746,94629800,329,100,0
sh513130,14:16:51,1764137812778,5625.29,0.9106,1.1887,0.742,0.7427,-0.0943,97000,71974,0.742,0.741,122658200,0.74,141592100,0.739,94959100,0.738,66223600,0.737,51543000,0.742,53662900,0.743,116363900,0.744,133582500,0.745,180648400,0.746,94629800,333,100,0
sh513130,14:16:54,1764137816805,5625.18,0.9106,1.6211,0.742,0.742,0.0,9000,6678,0.742,0.741,122677500,0.74,141566300,0.739,96684300,0.738,66223600,0.737,51543000,0.742,52663900,0.743,118259400,0.744,134995900,0.745,180658400,0.746,94629800,331,100,0
sh513130,14:16:57,1764137818806,5624.85,0.9106,2.1744,0.742,0.742,0.0,128600,95422,0.742,0.741,115669100,0.74,149566300,0.739,96554800,0.738,66223600,0.737,51543000,0.742,47764900,0.743,119197300,0.744,142965900,0.745,177658400,0.746,94549800,355,100,0
sh513130,14:17:00,1764137822818,5625.19,0.9106,1.5817,0.742,0.742,0.0,81600,60477,0.7411,0.741,115640600,0.74,149594600,0.739,97417400,0.738,66223600,0.737,51543000,0.742,44445000,0.743,123385100,0.744,143044500,0.745,177629400,0.746,94549800,326,100,0
sh513130,14:17:03,1764137825802,5625.21,0.9106,1.1975,0.742,0.742,0.0,135500,100541,0.742,0.741,116650600,0.74,150746800,0.739,98267900,0.738,66223600,0.737,51543000,0.742,42311900,0.743,124143000,0.744,143047200,0.745,177649600,0.746,94536900,1146,100,0
sh513130,14:17:06,1764137828829,5626.5,0.9106,2.5529,0.741,0.742,-0.1348,101500,75212,0.741,0.741,116809100,0.74,150799500,0.739,95680100,0.738,66223600,0.737,51543000,0.742,7571400,0.743,124443000,0.744,131099100,0.745,187705600,0.746,94520900,379,100,0
sh513130,14:17:09,1764137830829,5625.44,0.9106,4.5057,0.742,0.742,0.0,2850800,2115293,0.742,0.742,16951900,0.741,117689200,0.74,150859000,0.739,95552700,0.738,50226800,0.743,124897600,0.744,130102100,0.745,188184200,0.746,94520900,0.747,88495200,352,100,0
sh513130,14:17:12,1764137834853,5625.44,0.9106,2.6003,0.742,0.742,0.0,3954000,2933824,0.742,0.741,118739000,0.74,150610300,0.739,92427500,0.738,66245600,0.737,51543000,0.742,17629100,0.743,124658400,0.744,142365700,0.745,188138700,0.746,94540900,340,100,0
sh513130,14:17:15,1764137837847,5625.92,0.9106,1.8675,0.742,0.742,0.0,1000,742,0.742,0.741,116465000,0.74,150803400,0.739,93417500,0.738,66265600,0.737,51543000,0.742,26723300,0.743,119856400,0.744,142236700,0.745,187738700,0.746,94540900,180,100,0
sh513130,14:17:21,1764137844857,5624.75,0.9106,1.3858,0.741,0.742,-0.1348,8800,6521,0.741,0.741,117805800,0.74,150885400,0.739,94443500,0.738,66265600,0.737,51543000,0.742,30027200,0.743,119872200,0.744,141246700,0.745,187701600,0.746,94530900,411,100,0
sh513130,14:17:24,1764137846881,5625.61,0.9106,3.5246,0.741,0.7427,-0.2289,16400,12153,0.741,0.741,118238000,0.74,150892500,0.739,94313500,0.738,66565600,0.737,51543000,0.742,49976300,0.743,116579200,0.744,141246700,0.745,177945600,0.746,94530900,376,100,0
sh513130,14:17:27,1764137848885,5626.05,0.9106,2.3148,0.742,0.7427,-0.0943,53100,39347,0.741,0.741,119058300,0.74,150895500,0.739,94313500,0.738,66565600,0.737,50943000,0.742,47699500,0.743,120894500,0.744,141231700,0.745,178061000,0.746,94530900,343,100,0
sh513130,14:17:30,1764137852883,5625.34,0.9106,1.4752,0.742,0.7427,-0.0943,4900,3636,0.742,0.741,119962600,0.74,150885400,0.739,94313500,0.738,66493100,0.737,50943000,0.742,51002400,0.743,117510700,0.744,141241700,0.745,177133400,0.746,94530900,4,100,0
sh513130,14:17:33,1764137855889,5626.09,0.9106,0.9865,0.742,0.7427,-0.0943,501600,372187,0.742,0.741,120940100,0.74,150826600,0.739,94313500,0.738,66493100,0.737,50943000,0.742,51539900,0.743,117453700,0.744,141275800,0.745,177132400,0.746,94480700,837,100,0
sh513130,14:17:36,1764137858911,5625.71,0.9106,2.781,0.741,0.7427,-0.2289,3100,2298,0.7413,0.741,120808500,0.74,150880600,0.739,95303500,0.738,66493100,0.737,50943000,0.742,52027200,0.743,117553500,0.744,141275800,0.745,176782400,0.746,94480700,377,100,0
sh513130,14:17:39,1764137860901,5626.21,0.9106,2.6337,0.742,0.7427,-0.0943,146000,108286,0.7417,0.741,122822800,0.74,150862100,0.739,94567800,0.738,66493100,0.737,50943000,0.742,48687000,0.743,120859700,0.744,141355800,0.745,176769000,0.746,94480700,443,100,0
sh513130,14:17:42,1764137864925,5626.08,0.9106,2.2382,0.742,0.7427,-0.0943,10000,7420,0.742,0.741,123806800,0.74,150887100,0.739,94567800,0.738,66493100,0.737,50943000,0.742,48692000,0.743,120872200,0.744,141376000,0.745,176772600,0.746,94480700,405,100,0
sh513130,14:17:45,1764137867913,5625.85,0.9106,3.6471,0.742,0.7427,-0.0943,5000,3710,0.742,0.741,124683800,0.74,150886800,0.739,94567800,0.738,66493100,0.737,50943000,0.742,48724600,0.743,121026800,0.744,141376000,0.745,176769600,0.746,94480700,1428,100,0
sh513130,14:17:48,1764137869925,5626.3,0.9106,4.0112,0.741,0.7427,-0.2289,28300,20970,0.741,0.741,125637500,0.74,150886800,0.739,94567800,0.738,66493100,0.737,50958000,0.742,49276000,0.743,121419100,0.744,141326600,0.745,176702400,0.746,94480700,1424,100,0
sh513130,14:17:57,1764137879952,5626.51,0.9106,1.5797,0.741,0.7427,-0.2289,50000,37050,0.741,0.741,126272700,0.74,150914200,0.739,94583600,0.738,66503100,0.737,50958000,0.742,49801000,0.743,121709100,0.744,141083400,0.745,178247100,0.746,94480500,1041,100,0
sh513130,14:18:00,1764137882956,5625.98,0.9106,2.7195,0.741,0.7427,-0.2289,131900,97846,0.7418,0.741,126296700,0.74,150914200,0.739,94583600,0.738,66503100,0.737,50958000,0.742,38451200,0.743,121880900,0.744,142150300,0.745,183902700,0.746,94480500,493,100,0
sh513130,14:18:03,1764137885960,5626.69,0.9106,1.8065,0.742,0.7427,-0.0943,46100,34206,0.742,0.741,126414800,0.74,150927700,0.739,94587400,0.738,66503100,0.737,50958000,0.742,49549400,0.743,122016100,0.744,141175300,0.745,180285600,0.746,94440500,535,100,0
sh513130,14:18:06,1764137887972,5626.13,0.9106,1.8907,0.742,0.7427,-0.0943,660100,489135,0.741,0.741,126915500,0.74,150934200,0.739,94587400,0.738,66503100,0.737,50945000,0.742,49548400,0.743,122016100,0.744,141175300,0.745,181641200,0.746,94440500,377,100,0
sh513130,14:18:09,1764137891992,5626.24,0.9106,3.5675,0.741,0.7427,-0.2289,100,74,0.74,0.741,126919000,0.74,151033200,0.739,94587400,0.738,66503100,0.737,50945000,0.742,52842600,0.743,118719400,0.744,141181500,0.745,183352400,0.746,94440500,57,100,0
sh513130,14:18:12,1764137894975,5626.01,0.9106,2.9158,0.741,0.7427,-0.2289,70200,52019,0.741,0.741,126849000,0.74,151036200,0.739,94587400,0.738,66502100,0.737,50958600,0.742,34213800,0.743,122016100,0.744,141175400,0.745,193940700,0.746,94440500,482,100,0
sh513130,14:18:15,1764137897978,5626.47,0.9106,3.5603,0.742,0.7427,-0.0943,701200,520290,0.742,0.741,126849700,0.74,151006200,0.739,94587400,0.738,66498600,0.737,50958600,0.742,36544300,0.743,122032300,0.744,141987200,0.745,194796300,0.746,94440500,1453,100,0
sh513130,14:18:18,1764137902001,5626.81,0.9106,1.4055,0.741,0.7427,-0.2289,44200,32784,0.7417,0.741,126841800,0.74,151075200,0.739,94587400,0.738,66498600,0.737,50928600,0.742,43868200,0.743,122032300,0.744,142002200,0.745,188894900,0.746,94440500,1401,100,0
sh513130,14:18:24,1764137907006,5626.48,0.9106,5.1662,0.741,0.7427,-0.2289,7800,5780,0.741,0.741,126930900,0.74,151235900,0.739,94587400,0.738,66498600,0.737,50928600,0.742,18708300,0.743,122283600,0.744,142928600,0.745,197091800,0.746,94440500,379,100,0
sh513130,14:18:30,1764137912016,5627.12,0.9106,3.843,0.741,0.7427,-0.2289,1286100,954285,0.742,0.741,128880800,0.74,151243600,0.739,93597400,0.738,66508600,0.737,50928600,0.742,11031600,0.743,122460600,0.744,142929600,0.745,197087800,0.746,94440500,575,100,0
sh513130,14:18:33,1764137916030,5627.46,0.9106,3.1507,0.741,0.7427,-0.2289,407900,302659,0.742,0.741,128702900,0.74,151250200,0.739,93597400,0.738,66508600,0.737,50928600,0.742,13653400,0.743,122455000,0.744,142929600,0.745,197087800,0.746,94440500,211,100,0
sh513130,14:18:36,1764137919042,5627.41,0.9106,2.537,0.742,0.7427,-0.0943,5187500,3849125,0.742,0.742,29598700,0.741,128982900,0.74,151270300,0.739,85610900,0.738,50511800,0.743,122455000,0.744,130932000,0.745,197087800,0.746,94465300,0.747,88341400,578,100,0
sh513130,14:18:39,1764137922035,5626.91,0.9106,2.6945,0.742,0.7427,-0.0943,28100,20851,0.742,0.742,29980700,0.741,130031300,0.74,151106800,0.739,84220900,0.738,50511800,0.743,122184300,0.744,131201000,0.745,197526100,0.746,94460300,0.747,88341400,1559,100,0
sh513130,14:18:42,1764137924045,5626.91,0.9106,3.4065,0.742,0.7427,-0.0943,250900,186167,0.742,0.742,37924800,0.741,130040100,0.74,151338400,0.739,82220900,0.738,50518000,0.743,122249400,0.744,131201000,0.745,197521100,0.746,94435300,0.747,88341400,1577,100,0
sh513130,14:18:45,1764137927055,5627.59,0.9106,6.2465,0.742,0.7427,-0.0943,55400,41152,0.7428,0.742,51529900,0.741,130039100,0.74,151378200,0.739,76840900,0.738,50675300,0.743,122206500,0.744,131201000,0.745,197521100,0.746,94435300,0.747,88341400,372,100,0
sh513130,14:18:48,1764137931065,5627.47,0.9106,4.8414,0.742,0.7427,-0.0943,227700,168954,0.742,0.742,52331800,0.741,130366800,0.74,151473200,0.739,72850300,0.738,50678000,0.743,122203700,0.744,130201000,0.745,197545700,0.746,95435300,0.747,88341400,37,100,0
sh513130,14:19:00,1764137943083,5626.26,0.9106,2.9904,0.742,0.7427,-0.0943,3400,2522,0.7418,0.742,5436000,0.741,129975800,0.74,151500400,0.739,92220300,0.738,66664800,0.743,122446700,0.744,140245600,0.745,197138800,0.746,95435300,0.747,88341400,614,100,0
sh513130,14:19:03,1764137945094,5626.88,0.9106,2.6303,0.742,0.7427,-0.0943,7619200,5653447,0.742,0.741,130057800,0.74,151500400,0.739,92540300,0.738,66667800,0.737,51147600,0.742,10416000,0.743,121411900,0.744,143214600,0.745,198127800,0.746,95160900,601,100,0
sh513130,14:19:06,1764137948097,5627.55,0.9106,2.2706,0.742,0.7427,-0.0943,39300,29160,0.742,0.741,129802500,0.74,151771800,0.739,92540300,0.738,66659200,0.737,51147600,0.742,11668700,0.743,122733600,0.744,142945600,0.745,196737800,0.746,95160900,1636,100,0
sh513130,14:19:09,1764137951105,5626.47,0.9106,1.1722,0.742,0.7427,-0.0943,5600,4156,0.7421,0.741,129810300,0.74,151886300,0.739,92539600,0.738,66659200,0.737,51147600,0.742,17902300,0.743,122857800,0.744,142945800,0.745,196754900,0.746,95160900,559,100,0
sh513130,14:19:12,1764137954117,5626.56,0.9106,1.4808,0.742,0.7427,-0.0943,2825600,2096595,0.742,0.742,3617600,0.741,129830300,0.74,151773100,0.739,92539600,0.738,66654600,0.743,122893200,0.744,142945800,0.745,196704900,0.746,94160900,0.747,88341400,1405,100,0
sh513130,14:19:15,1764137957126,5625.87,0.9106,3.138,0.742,0.7427,-0.0943,20100,14914,0.742,0.742,3400100,0.741,130082500,0.74,151773100,0.739,92139600,0.738,66654600,0.743,122622000,0.744,143289500,0.745,197104900,0.746,94178500,0.747,88341400,73,100,0
sh513130,14:19:18,1764137961125,5625.93,0.9106,0.9536,0.742,0.7427,-0.0943,3410100,2530304,0.742,0.741,130581400,0.74,151773100,0.739,92539600,0.738,66654600,0.737,51094800,0.742,18623200,0.743,122720600,0.744,143292500,0.745,198094900,0.746,94178500,636,100,0
sh513130,14:19:21,1764137963136,5626.16,0.9106,1.0236,0.741,0.7427,-0.2289,36800,27275,0.7412,0.741,130369900,0.74,151673100,0.739,92539600,0.738,66654600,0.737,51094800,0.742,12999100,0.743,124152000,0.744,142953500,0.745,196704900,0.746,94178500,666,100,0
sh513130,14:19:24,1764137966131,5626.28,0.9106,0.8429,0.741,0.7427,-0.2289,45300,33570,0.7411,0.741,130267200,0.74,151673100,0.739,92539600,0.738,66654600,0.737,51094800,0.742,6035500,0.743,124105200,0.744,142988400,0.745,196704900,0.746,94178500,411,100,0
sh513130,14:19:27,1764137970137,5626.53,0.9106,0.3493,0.742,0.7427,-0.0943,778300,577489,0.742,0.741,130368100,0.74,151674000,0.739,92600600,0.738,66654600,0.737,51094800,0.742,5566000,0.743,124228700,0.744,142992700,0.745,196704900,0.746,94172800,87,100,0
sh513130,14:19:30,1764137972138,5626.06,0.9106,0.2985,0.742,0.7427,-0.0943,83000,61536,0.7414,0.741,130325300,0.74,153672600,0.739,92600600,0.738,66654600,0.737,51094800,0.742,874700,0.743,124248700,0.744,142992700,0.745,196704900,0.746,94172800,1639,100,0
sh513130,14:19:33,1764137975149,5627.06,0.9106,1.1743,0.742,0.7427,-0.0943,1098500,815087,0.742,0.742,45544400,0.741,131562100,0.74,153652600,0.739,78220600,0.738,50657800,0.743,124810200,0.744,131264100,0.745,187007600,0.746,94124800,0.747,88376400,679,100,0
sh513130,14:19:36,1764137978166,5627.11,0.9106,2.873,0.742,0.7427,-0.0943,43700,32426,0.742,0.742,46423400,0.741,139822100,0.74,144395200,0.739,82200600,0.738,50657800,0.743,123788000,0.744,123563100,0.745,196987600,0.746,94094800,0.747,88376400,1590,100,0
sh513130,14:19:39,1764137982143,5626.91,0.9106,5.4243,0.742,0.742,0.0,37800,28047,0.742,0.742,47391600,0.741,139900200,0.74,144395700,0.739,81200600,0.738,50657800,0.743,124646000,0.744,123508200,0.745,196994700,0.746,94016600,0.747,88376400,1178,100,0
sh513130,14:19:42,1764137985156,5627.26,0.9106,5.4047,0.742,0.742,0.0,25900,19239,0.7428,0.742,59756200,0.741,139914700,0.74,144385700,0.739,71820600,0.738,50657800,0.743,122251400,0.744,122416200,0.745,197831200,0.746,94016600,0.747,88386300,708,100,0
sh513130,14:19:45,1764137987154,5627.32,0.9106,4.4919,0.743,0.742,0.1348,6000,4452,0.742,0.742,55063100,0.741,131970100,0.74,152378800,0.739,76834100,0.738,50657800,0.743,122211500,0.744,130436200,0.745,190761800,0.746,94016600,0.747,88390300,627,100,0
sh513130,14:19:48,1764137991162,5627.56,0.9106,4.7497,0.742,0.7427,-0.0943,40600,30125,0.742,0.742,42568000,0.741,133978700,0.74,152378800,0.739,82214100,0.738,50657800,0.743,122460500,0.744,131132200,0.745,191594700,0.746,93976600,0.747,88390300,670,100,0
sh513130,14:19:51,1764137993165,5626.22,0.9106,3.6232,0.742,0.7427,-0.0943,18500,13727,0.742,0.742,14258700,0.741,132818000,0.74,152378700,0.739,90214100,0.738,66654600,0.743,122576900,0.744,131132200,0.745,191520400,0.746,93976600,0.747,88390300,686,100,0
sh513130,14:19:54,1764137997163,5626.65,0.9106,4.3646,0.742,0.7427,-0.0943,10000,7420,0.742,0.742,3770400,0.741,132875800,0.74,153365700,0.739,92214100,0.738,66654600,0.743,123525100,0.744,143129800,0.745,192322100,0.746,93978100,0.747,88290300,713,100,0
sh513130,14:19:57,1764137999188,5627.23,0.9106,3.3337,0.742,0.7427,-0.0943,71900,53350,0.742,0.742,25215800,0.741,132610100,0.74,153627700,0.739,92214100,0.738,50657800,0.743,123722400,0.744,131132200,0.745,193160800,0.746,93978100,0.747,88290300,735,100,0
sh513130,14:19:57,1764138001180,5626.55,0.9106,2.5181,0.742,0.7427,-0.0943,71900,53350,0.742,0.742,25215800,0.741,132610100,0.74,153627700,0.739,92214100,0.738,50657800,0.743,123722400,0.744,131132200,0.745,193160800,0.746,93978100,0.747,88290300,635,100,0
sh513130,14:20:00,1764138002205,5626.55,0.9106,3.1218,0.742,0.7427,-0.0943,996100,739106,0.742,0.742,2824300,0.741,132873200,0.74,153247300,0.739,92194100,0.738,66653600,0.743,122772100,0.744,143084700,0.745,194019500,0.746,93978100,0.747,88290300,1660,100,0
sh513130,14:20:03,1764138006192,5627.3,0.9106,3.7641,0.742,0.7427,-0.0943,44500,33019,0.742,0.742,38846600,0.741,133544700,0.74,152527700,0.739,81194100,0.738,50656800,0.743,121922100,0.744,131239500,0.745,195856900,0.746,93978100,0.747,88290300,1320,100,0
sh513130,14:20:06,1764138009193,5627.07,0.9106,3.5214,0.742,0.7427,-0.0943,20000,14840,0.742,0.742,57691400,0.741,133828200,0.74,152467900,0.739,71814100,0.738,50656800,0.743,121975100,0.744,131239500,0.745,196789500,0.746,93978100,0.747,88290300,744,100,0
sh513130,14:20:09,1764138011216,5627.03,0.9106,2.4272,0.742,0.7427,-0.0943,84900,62997,0.742,0.742,35292700,0.741,132812200,0.74,152517900,0.739,82194100,0.738,50657800,0.743,122438900,0.744,131238900,0.745,197645200,0.746,93976600,0.747,88291500,770,100,0
sh513130,14:20:12,1764138015203,5626.86,0.9106,1.5729,0.742,0.7427,-0.0943,1000,742,0.742,0.742,2966200,0.741,132812600,0.74,153407900,0.739,92194100,0.738,66654600,0.743,123428900,0.744,144238600,0.745,197490900,0.746,93971600,0.747,88291500,690,100,0
sh513130,14:20:15,1764138018216,5626.33,0.9106,2.8882,0.742,0.7427,-0.0943,2000100,1484074,0.742,0.742,955800,0.741,132565500,0.74,153676300,0.739,92194100,0.738,66654600,0.743,123429400,0.744,144265600,0.745,198175200,0.746,93971600,0.747,88291500,322,100,0
sh513130,14:20:18,1764138020203,5626.55,0.9106,2.2917,0.742,0.7427,-0.0943,970300,719949,0.742,0.741,132580800,0.74,153699700,0.739,92194100,0.738,66654900,0.737,51095800,0.742,9671400,0.743,124249600,0.744,144312200,0.745,198175200,0.746,93971600,120,100,0
sh513130,14:20:21,1764138023231,5626.67,0.9106,4.4904,0.742,0.7427,-0.0943,65600,48675,0.742,0.741,132620800,0.74,153699700,0.739,92594100,0.738,66654900,0.737,51095800,0.742,11635200,0.743,125544400,0.744,144044700,0.745,197185200,0.746,93971600,710,100,0
sh513130,14:20:24,1764138026215,5626.47,0.9106,4.2117,0.742,0.7427,-0.0943,1000,742,0.742,0.741,132784100,0.74,153526800,0.739,92594100,0.738,66654900,0.737,51095800,0.742,14706500,0.743,125471400,0.744,144045700,0.745,197205100,0.746,93971600,1749,100,0
sh513130,14:20:27,1764138029215,5626.36,0.9106,4.0738,0.742,0.7427,-0.0943,100,75,0.75,0.741,132794100,0.74,153522700,0.739,92594100,0.738,66654900,0.737,51095800,0.742,21711200,0.743,125473700,0.744,144059700,0.745,197204100,0.746,93971600,466,100,0
sh513130,14:20:30,1764138032244,5627.03,0.9106,2.6552,0.742,0.7427,-0.0943,131000,97202,0.742,0.741,132976100,0.74,153539000,0.739,92594100,0.738,66654900,0.737,51095800,0.742,20511900,0.743,125491900,0.744,144059700,0.745,198204100,0.746,93971600,1330,100,0
sh513130,14:20:33,1764138035218,5627.35,0.9106,2.4994,0.742,0.7427,-0.0943,3000,2226,0.742,0.741,132366500,0.74,153363400,0.739,92594100,0.738,66659900,0.737,51095800,0.742,16538900,0.743,125491900,0.744,144073100,0.745,198204100,0.746,93971600,705,100,0
sh513130,14:20:39,1764138041254,5627.41,0.9106,0.7428,0.742,0.7427,-0.0943,189500,140471,0.7413,0.741,132898600,0.74,153360400,0.739,92594100,0.738,66659900,0.737,51095800,0.742,3668800,0.743,125664900,0.744,144073100,0.745,198207700,0.746,93971600,749,100,0
sh513130,14:20:42,1764138044257,5627.52,0.9106,0.7247,0.742,0.7427,-0.0943,267400,198411,0.742,0.741,132898600,0.74,153287400,0.739,92594100,0.738,66659900,0.737,51095800,0.742,3219300,0.743,125255700,0.744,132392300,0.745,198207700,0.746,93971600,308,100,0
sh513130,14:20:45,1764138047237,5627.88,0.9106,1.521,0.742,0.7427,-0.0943,892800,662458,0.742,0.742,24906600,0.741,134168600,0.74,153326600,0.739,90580600,0.738,50663100,0.743,124589900,0.744,132412300,0.745,198172700,0.746,93971600,0.747,88270700,769,100,0
sh513130,14:20:48,1764138050256,5627.71,0.9106,1.3105,0.742,0.7427,-0.0943,654100,485342,0.742,0.742,35656700,0.741,134428600,0.74,153057300,0.739,82180600,0.738,50663100,0.743,123595400,0.744,132416100,0.745,199162700,0.746,93961600,0.747,88270700,1751,100,0
sh513130,14:20:51,1764138053256,5627.59,0.9106,1.1825,0.742,0.7427,-0.0943,20300,15062,0.742,0.742,36050700,0.741,132843200,0.74,153012800,0.739,82180600,0.738,50663100,0.743,124448400,0.744,132416100,0.745,189162700,0.746,94961600,0.747,88270700,627,100,0
sh513130,14:20:57,1764138061251,5631.58,0.9106,7.2462,0.742,0.742,0.0,7600,5640,0.7421,0.742,71387000,0.741,125453200,0.74,150024300,0.739,71500600,0.738,50653100,0.743,97125400,0.744,131436100,0.745,191985000,0.746,118191600,0.747,88270700,725,100,0
sh513130,14:21:00,1764138063261,5629.8,0.9106,5.1874,0.742,0.7427,-0.0943,405800,301103,0.742,0.742,71107300,0.741,125554200,0.74,150024300,0.739,71500600,0.738,50653100,0.743,100127400,0.744,131436100,0.745,192840700,0.746,115191600,0.747,88270700,743,100,0
sh513130,14:21:03,1764138066279,5630.83,0.9106,5.338,0.742,0.7427,-0.0943,44600,33093,0.742,0.742,79064100,0.741,126363600,0.74,131325600,0.739,71500600,0.738,50653100,0.743,87293700,0.744,116743900,0.745,192696400,0.746,133347600,0.747,88270700,629,100,0
sh513130,14:21:06,1764138068283,5631.37,0.9106,4.5635,0.742,0.7427,-0.0943,196000,145432,0.742,0.742,71723200,0.741,126306900,0.74,139355600,0.739,71500600,0.738,50658000,0.743,87307800,0.744,124758300,0.745,193686400,0.746,124947600,0.747,88270700,439,100,0
sh513130,14:21:09,1764138072276,5631.86,0.9106,2.92,0.742,0.7434,-0.1883,36500,27083,0.742,0.742,73691100,0.741,126315200,0.74,139355600,0.739,71500600,0.738,50633000,0.743,87151700,0.744,124718300,0.745,193589200,0.746,124947600,0.747,88270700,55,100,0
sh513130,14:21:12,1764138074296,5631.86,0.9106,2.3209,0.742,0.7434,-0.1883,218000,161756,0.742,0.742,78416100,0.741,134373600,0.74,131375800,0.739,71438400,0.738,50634500,0.743,86989300,0.744,117693400,0.745,201567200,0.746,125347600,0.747,88270700,1858,100,0
sh513130,14:21:15,1764138077297,5632.41,0.9106,2.6919,0.742,0.7434,-0.1883,250300,185923,0.7428,0.742,78226100,0.741,134373600,0.74,131908700,0.739,71403400,0.738,50634500,0.743,90198900,0.744,114528000,0.745,202422900,0.746,121691600,0.747,88270700,769,100,0
sh513130,14:21:18,1764138080304,5631.9,0.9106,2.0465,0.742,0.7434,-0.1883,53400,39623,0.742,0.742,80071400,0.741,134293600,0.74,131917400,0.739,71403400,0.738,50634500,0.743,87211300,0.744,117885800,0.745,203288600,0.746,122146700,0.747,88283800,1601,100,0
sh513130,14:21:21,1764138083296,5632.37,0.9106,1.7851,0.742,0.7434,-0.1883,56000,41553,0.742,0.742,80889800,0.741,134260700,0.74,131919300,0.739,71403400,0.738,50634500,0.743,91586300,0.744,117895800,0.745,204173300,0.746,118656700,0.747,88283800,261,100,0
sh513130,14:21:24,1764138086317,5632.88,0.9106,1.3578,0.743,0.7434,-0.0538,700,520,0.7429,0.742,80999500,0.741,134270700,0.74,131919300,0.739,71403400,0.738,50634500,0.743,90095200,0.744,117895800,0.745,204926200,0.746,120305800,0.747,88283800,1038,100,0
sh513130,14:21:27,1764138089316,5632.96,0.9106,0.5724,0.743,0.7434,-0.0538,20300,15073,0.7425,0.742,81848400,0.741,134300700,0.74,131919300,0.739,71423400,0.738,50634500,0.743,88329100,0.744,117895800,0.745,205762200,0.746,120805800,0.747,88283800,784,100,0
sh513130,14:21:27,1764138091315,5632.34,0.9106,0.7514,0.743,0.7434,-0.0538,20300,15073,0.7425,0.742,81848400,0.741,134300700,0.74,131919300,0.739,71423400,0.738,50634500,0.743,88329100,0.744,117895800,0.745,205762200,0.746,120805800,0.747,88283800,803,100,0
sh513130,14:21:30,1764138092324,5632.34,0.9106,0.502,0.742,0.7434,-0.1883,25000,18550,0.742,0.742,83098100,0.741,134250900,0.74,132019300,0.739,71423400,0.738,50634500,0.743,95306400,0.744,114588000,0.745,206648000,0.746,118805800,0.747,88283800,619,100,0
sh513130,14:21:33,1764138096338,5632.89,0.9106,1.566,0.742,0.7434,-0.1883,10100,7494,0.742,0.742,84047300,0.741,134400900,0.74,132016300,0.739,71423400,0.738,50626500,0.743,98516300,0.744,114587000,0.745,207483700,0.746,115505800,0.747,88283800,308,100,0
sh513130,14:21:42,1764138105331,5631.52,0.9106,1.2572,0.742,0.7434,-0.1883,30100,22364,0.743,0.742,84558300,0.741,134376100,0.74,132946800,0.739,71723400,0.738,50626500,0.743,103287400,0.744,117106200,0.745,208195900,0.746,110500400,0.747,88283800,623,100,0
sh513130,14:21:45,1764138108988,5631.78,0.9106,1.8641,0.742,0.7433,-0.1749,123000,91286,0.7422,0.742,84355300,0.741,134372100,0.74,132946800,0.739,71723400,0.738,50626500,0.743,103375400,0.744,119002200,0.745,208089900,0.746,110500400,0.747,88233800,449,100,0
sh513130,14:21:51,1764138113337,5631.16,0.9106,2.0722,0.742,0.7434,-0.1883,60800,45134,0.7423,0.742,85478600,0.741,134814400,0.74,131880300,0.739,71723400,0.738,50619400,0.743,104185900,0.744,119711800,0.745,208130900,0.746,110500400,0.747,88233800,881,100,0
sh513130,14:21:54,1764138116360,5631.25,0.9106,1.8951,0.742,0.7433,-0.1749,31000,23002,0.742,0.742,84557600,0.741,134750600,0.74,132619300,0.739,71723400,0.738,50619400,0.743,104210900,0.744,120568600,0.745,208150900,0.746,110520400,0.747,88208800,780,100,0
sh513130,14:21:57,1764138119365,5632.18,0.9106,1.9922,0.743,0.7433,-0.0404,22300,16552,0.7422,0.742,85533000,0.741,134499300,0.74,131619300,0.739,71723400,0.738,50559400,0.743,103904900,0.744,121425400,0.745,207955200,0.746,110763400,0.747,88208800,859,100,0
sh513130,14:22:00,1764138122368,5632.41,0.9106,2.2192,0.742,0.7433,-0.1749,118300,87779,0.742,0.742,84431300,0.741,134478300,0.74,132690800,0.739,71723400,0.738,50459400,0.743,103963600,0.744,122282200,0.745,207928500,0.746,110763400,0.747,88208800,294,100,0
sh513130,14:22:03,1764138126354,5631.9,0.9106,0.5623,0.742,0.7433,-0.1749,4100,3042,0.742,0.742,84452800,0.741,134783300,0.74,132627400,0.739,71723400,0.738,50459400,0.743,104007700,0.744,124139000,0.745,207929500,0.746,110763400,0.747,88208800,1853,100,0
sh513130,14:22:06,1764138128396,5632.35,0.9106,0.5645,0.742,0.7433,-0.1749,128600,95421,0.742,0.742,83416100,0.741,134784000,0.74,132569200,0.739,71723400,0.738,50459400,0.743,104035400,0.744,123773800,0.745,207945600,0.746,110764400,0.747,88208800,1877,100,0
sh513130,14:22:09,1764138131391,5632.11,0.9106,0.9941,0.743,0.7433,-0.0404,5800,4304,0.7421,0.742,83431300,0.741,134817600,0.74,132564200,0.739,71723400,0.738,50459400,0.743,104332000,0.744,124298900,0.745,207960600,0.746,110764400,0.747,88208800,645,100,0
sh513130,14:22:12,1764138134383,5632.3,0.9106,0.9672,0.742,0.7433,-0.1749,13800,10240,0.742,0.742,83417500,0.741,134808600,0.74,133578600,0.739,71523400,0.738,50459400,0.743,104303200,0.744,124298900,0.745,209376100,0.746,110864400,0.747,88209800,1456,100,0
sh513130,14:22:15,1764138137375,5631.84,0.9106,1.0923,0.742,0.7433,-0.1749,5000,3710,0.742,0.742,83730600,0.741,134801600,0.74,133588600,0.739,71523400,0.738,50459400,0.743,104283000,0.744,124102600,0.745,210378900,0.746,110859400,0.747,88209800,116,100,0
sh513130,14:22:21,1764138143403,5631.58,0.9106,4.6148,0.743,0.7433,-0.0404,153300,113838,0.7426,0.742,83801600,0.741,134762300,0.74,133587600,0.739,71523400,0.738,50459400,0.743,104204100,0.744,124133600,0.745,210393300,0.746,110749400,0.747,88209800,935,100,0
sh513130,14:22:24,1764138147397,5631.44,0.9106,3.2083,0.743,0.7433,-0.0404,641700,476148,0.742,0.742,84494500,0.741,134825300,0.74,133594000,0.739,71423400,0.738,50459400,0.743,103802400,0.744,124133600,0.745,210385500,0.746,110749400,0.747,88209800,934,100,0
sh513130,14:22:27,1764138150413,5631.43,0.9106,2.3131,0.742,0.7433,-0.1749,101000,75042,0.743,0.742,84523500,0.741,134835300,0.74,133449000,0.739,71423400,0.738,50459400,0.743,104105400,0.744,124120600,0.745,210385500,0.746,110749400,0.747,88209800,121,100,0
sh513130,14:22:30,1764138152415,5631.43,0.9106,3.8998,0.742,0.7433,-0.1749,12700,9423,0.742,0.742,84727700,0.741,134930500,0.74,133401400,0.739,71423400,0.738,50459400,0.743,104162000,0.744,125120600,0.745,210385500,0.746,110749400,0.747,88209800,1978,100,0
sh513130,14:22:33,1764138156414,5631.52,0.9106,2.5913,0.742,0.7433,-0.1749,7000,5194,0.742,0.742,84740700,0.741,134932100,0.74,133409400,0.739,71423400,0.738,50459400,0.743,104202100,0.744,124141000,0.745,210385500,0.746,110694400,0.747,88209800,1807,100,0
sh513130,14:22:36,1764138159428,5632.32,0.9106,2.9332,0.743,0.7433,-0.0404,11400,8471,0.7431,0.742,85519800,0.741,134982100,0.74,133401400,0.739,71265800,0.738,50459400,0.743,106085300,0.744,125141000,0.745,210170700,0.746,110694400,0.747,88209800,392,100,0
sh513130,14:22:39,1764138161414,5633.03,0.9106,2.86,0.742,0.7433,-0.1749,129400,96014,0.742,0.742,85490400,0.741,135018900,0.74,133353400,0.739,71265800,0.738,50459400,0.743,106094800,0.744,124141700,0.745,210155800,0.746,110694400,0.747,88209800,304,100,0
sh513130,14:22:42,1764138164414,5632.53,0.9106,2.0014,0.743,0.7433,-0.0404,200000,148600,0.743,0.742,85490400,0.741,135131900,0.74,133353400,0.739,71265800,0.738,50419400,0.743,105910200,0.744,124194200,0.745,210144700,0.746,110694400,0.747,88209800,1123,100,0
sh513130,14:22:45,1764138167443,5632.2,0.9106,2.911,0.742,0.7433,-0.1749,3000,2226,0.742,0.742,86975100,0.741,135216500,0.74,132363400,0.739,70965800,0.738,50419400,0.743,101080200,0.744,124218600,0.745,210144700,0.746,115694400,0.747,88209800,994,100,0
sh513130,14:22:48,1764138171441,5632.23,0.9106,2.3395,0.743,0.7433,-0.0404,3000,2229,0.743,0.742,87034600,0.741,135197100,0.74,132363400,0.739,70965800,0.738,50419400,0.743,106089300,0.744,124250000,0.745,210162200,0.746,110432500,0.747,88209800,950,100,0
sh513130,14:22:51,1764138174454,5632.76,0.9106,4.6791,0.742,0.7433,-0.1749,687800,510347,0.742,0.742,87411400,0.741,135184100,0.74,132177500,0.739,70965800,0.738,50419400,0.743,106100100,0.744,124250000,0.745,210095600,0.746,110432500,0.747,88209800,44,100,0
sh513130,14:22:54,1764138176440,5631.79,0.9106,4.4786,0.743,0.7433,-0.0404,256000,190208,0.743,0.742,87478000,0.741,135197500,0.74,132187500,0.739,70965800,0.738,50419400,0.743,101781300,0.744,124254500,0.745,210357500,0.746,115452500,0.747,88209800,31,100,0
sh513130,14:22:57,1764138180443,5630.98,0.9106,3.1109,0.742,0.7433,-0.1749,22200,16473,0.742,0.742,87455800,0.741,134715100,0.74,132160500,0.739,70966200,0.738,50419400,0.743,101828900,0.744,123944500,0.745,210357500,0.746,115432500,0.747,88209800,32,100,0
sh513130,14:23:00,1764138181434,5630.98,0.9106,3.1109,0.743,0.7433,-0.0404,249700,185283,0.742,0.742,87288600,0.741,135146700,0.74,132040500,0.739,70966200,0.738,50219400,0.743,102698600,0.744,123944500,0.745,210311600,0.746,115395500,0.747,88209800,783,100,0
sh513130,14:23:00,1764138183436,5632.29,0.9106,3.7912,0.743,0.7433,-0.0404,249700,185283,0.742,0.742,87288600,0.741,135146700,0.74,132040500,0.739,70966200,0.738,50219400,0.743,102698600,0.744,123944500,0.745,210311600,0.746,115395500,0.747,88209800,178,100,0
sh513130,14:23:03,1764138185443,5631.66,0.9106,3.376,0.742,0.7433,-0.1749,74300,55132,0.742,0.742,88219400,0.741,135044700,0.74,132064500,0.739,70966200,0.738,50219400,0.743,100323500,0.744,127282100,0.745,210367600,0.746,115395500,0.747,88199800,395,100,0
sh513130,14:23:06,1764138188464,5632.28,0.9106,2.6645,0.743,0.7433,-0.0404,149300,110913,0.7429,0.742,88208200,0.741,136236800,0.74,132064500,0.739,70966200,0.738,50219400,0.743,103497900,0.744,123974300,0.745,210495200,0.746,115131300,0.747,88199800,34,100,0
sh513130,14:23:09,1764138192467,5631.01,0.9106,1.2767,0.742,0.7433,-0.1749,647400,480371,0.742,0.742,88632200,0.741,136277200,0.74,132059600,0.739,70966200,0.738,50219400,0.743,103509900,0.744,123999700,0.745,210281500,0.746,114847200,0.747,88199800,37,100,0
sh513130,14:23:12,1764138194461,5631.32,0.9106,2.746,0.743,0.7433,-0.0404,77700,57661,0.7421,0.742,88586700,0.741,135922000,0.74,132039600,0.739,70966200,0.738,50219400,0.743,103543300,0.744,123999700,0.745,210281500,0.746,114847200,0.747,88199800,34,100,0
sh513130,14:23:18,1764138201454,5632.03,0.9106,3.7616,0.743,0.7433,-0.0404,610000,452646,0.742,0.742,88316200,0.741,136000800,0.74,131866300,0.739,70966200,0.738,50219400,0.743,100382200,0.744,127359900,0.745,210559000,0.746,114854200,0.747,88199800,932,100,0
sh513130,14:23:24,1764138206511,5631.95,0.9106,3.3994,0.743,0.7433,-0.0404,14500,10771,0.7428,0.742,88550800,0.741,135669300,0.74,131831500,0.739,70966200,0.738,50219400,0.743,97268800,0.744,127426300,0.745,210557700,0.746,117854200,0.747,88172600,1,100,0
sh513130,14:23:27,1764138209480,5632.55,0.9106,2.6831,0.743,0.7433,-0.0404,1000,743,0.743,0.742,88776300,0.741,135619300,0.74,131831500,0.739,70966200,0.738,50219400,0.743,103599300,0.744,124038500,0.745,210534700,0.746,114854200,0.747,88172600,553,100,0
sh513130,14:23:30,1764138212482,5631.91,0.9106,2.4167,0.743,0.7433,-0.0404,100,74,0.74,0.742,89772600,0.741,135644300,0.74,131841500,0.739,70966200,0.738,50219400,0.743,91044900,0.744,127315600,0.745,209553500,0.746,121369200,0.747,88152600,69,100,0
sh513130,14:23:33,1764138216494,5632.45,0.9106,1.903,0.743,0.7433,-0.0404,12800,9511,0.743,0.742,90012700,0.741,135844300,0.74,131891500,0.739,70965200,0.738,50219400,0.743,91308700,0.744,127310600,0.745,209551500,0.746,121369200,0.747,88152600,79,100,0
sh513130,14:23:36,1764138218494,5631.81,0.9106,2.0466,0.743,0.7433,-0.0404,90500,67231,0.7429,0.742,90103700,0.741,135842600,0.74,131832800,0.739,70885200,0.738,50219400,0.743,91160800,0.744,127286600,0.745,209549500,0.746,121369200,0.747,88152600,59,100,0
sh513130,14:23:39,1764138221503,5632.28,0.9106,2.5176,0.742,0.7433,-0.1749,37900,28122,0.742,0.742,90107100,0.741,135792600,0.74,131742800,0.739,70885200,0.738,50219400,0.743,93239400,0.744,127346600,0.745,210549500,0.746,121275200,0.747,88152600,1010,100,0
sh513130,14:23:42,1764138225499,5632.96,0.9106,2.2898,0.742,0.7433,-0.1749,90000,66780,0.742,0.742,90017100,0.741,135436100,0.74,131742800,0.739,70885200,0.738,50219400,0.743,93261800,0.744,127502400,0.745,210549500,0.746,121275200,0.747,88152600,996,100,0
sh513130,14:23:45,1764138226508,5632.96,0.9106,2.222,0.743,0.7433,-0.0404,34200,25386,0.7423,0.742,90009900,0.741,135323500,0.74,131742800,0.739,70885200,0.738,50221400,0.743,101000300,0.744,127497400,0.745,210625200,0.746,114776200,0.747,88152600,49,100,0
sh513130,14:23:45,1764138228504,5631.54,0.9106,1.6414,0.743,0.7433,-0.0404,34200,25386,0.7423,0.742,90009900,0.741,135323500,0.74,131742800,0.739,70885200,0.738,50221400,0.743,101000300,0.744,127497400,0.745,210625200,0.746,114776200,0.747,88152600,12,100,0
sh513130,14:23:48,1764138231533,5631.68,0.9106,1.4932,0.743,0.7433,-0.0404,8600,6389,0.7429,0.742,90635200,0.741,134898100,0.74,131742800,0.739,70865200,0.738,50221400,0.743,101001800,0.744,127510800,0.745,210497300,0.746,114776200,0.747,88225300,868,100,0
sh513130,14:23:54,1764138236537,5631.66,0.9106,1.1913,0.742,0.7433,-0.1749,643400,477403,0.742,0.742,91239200,0.741,135038600,0.74,131743300,0.739,70865200,0.738,50221400,0.743,101197000,0.744,127530800,0.745,210497300,0.746,114776200,0.747,88225300,68,100,0
sh513130,14:23:57,1764138239522,5632.0,0.9106,1.5632,0.743,0.7433,-0.0404,4300,3192,0.7423,0.742,90122000,0.741,135058600,0.74,131743400,0.739,70865200,0.738,50221400,0.743,104452900,0.744,124322000,0.745,210503800,0.746,114937700,0.747,88225300,164,100,0
sh513130,14:24:00,1764138242534,5632.73,0.9106,1.7222,0.742,0.7433,-0.1749,514900,382563,0.743,0.742,90133100,0.741,135053600,0.74,131747100,0.739,70865700,0.738,50221400,0.743,100779600,0.744,127629800,0.745,210504100,0.746,114937700,0.747,88197300,66,100,0
sh513130,14:24:03,1764138246536,5633.09,0.9106,2.9576,0.743,0.7433,-0.0404,6300,4681,0.743,0.742,90130800,0.741,135058600,0.74,131699400,0.739,70865700,0.738,50221400,0.743,109159900,0.744,125275800,0.745,210508100,0.746,109887700,0.747,88197300,57,100,0
sh513130,14:24:09,1764138251548,5632.79,0.9106,2.3841,0.742,0.7433,-0.1749,3000,2227,0.7423,0.742,90411800,0.741,135166500,0.74,131701800,0.739,70865700,0.738,50221900,0.743,104265200,0.744,124275800,0.745,210608100,0.746,114895400,0.747,88197300,1090,100,0
sh513130,14:24:12,1764138254543,5632.69,0.9106,3.0258,0.742,0.7433,-0.1749,30000,22260,0.742,0.742,90381800,0.741,135377100,0.74,131627800,0.739,70865700,0.738,50201900,0.743,109290500,0.744,125375800,0.745,210639400,0.746,109895400,0.747,88197300,2,100,0
sh513130,14:24:15,1764138257568,5632.64,0.9106,3.2751,0.743,0.7433,-0.0404,1700,1263,0.7429,0.742,90591600,0.741,135516600,0.74,131627800,0.739,70584800,0.738,50151900,0.743,108845100,0.744,125362400,0.745,210639400,0.746,109895400,0.747,87903200,858,100,0
sh513130,14:24:18,1764138260559,5632.69,0.9106,5.6823,0.742,0.7433,-0.1749,84800,62921,0.742,0.742,91670400,0.741,135538500,0.74,131605400,0.739,70584800,0.738,50021700,0.743,103838400,0.744,123888100,0.745,210633400,0.746,114895400,0.747,88003200,69,100,0
sh513130,14:24:21,1764138263555,5633.08,0.9106,6.7796,0.743,0.7433,-0.0404,32200,23895,0.7421,0.742,91013900,0.741,135538500,0.74,131605400,0.739,70584800,0.738,50021700,0.743,104205800,0.744,123888100,0.745,210636600,0.746,114895400,0.747,88003200,276,100,0
sh513130,14:24:24,1764138266580,5632.35,0.9106,6.4869,0.742,0.7433,-0.1749,20700,15362,0.7421,0.742,91012100,0.741,135568500,0.74,131555400,0.739,70584800,0.738,50021700,0.743,104047500,0.744,123888100,0.745,210621600,0.746,114895400,0.747,88003200,47,100,0
sh513130,14:24:27,1764138269574,5631.76,0.9106,4.8791,0.742,0.7433,-0.1749,61700,45793,0.7422,0.742,91963800,0.741,135688500,0.74,131541800,0.739,70584800,0.738,50035700,0.743,104054200,0.744,124004100,0.745,210621600,0.746,114895400,0.747,88003200,1100,100,0
sh513130,14:24:30,1764138272570,5632.08,0.9106,5.2559,0.743,0.7433,-0.0404,130400,96840,0.7426,0.742,91038400,0.741,135709300,0.74,131553000,0.739,70584800,0.738,50035700,0.743,104042600,0.744,123894400,0.745,210659700,0.746,114895400,0.747,88003200,52,100,0
sh513130,14:24:33,1764138276573,5632.45,0.9106,5.1911,0.742,0.7433,-0.1749,5000,3710,0.742,0.742,90753600,0.741,135709300,0.74,131550700,0.739,70574000,0.738,50062800,0.743,104250600,0.744,123894400,0.745,210659700,0.746,114895400,0.747,88003200,43,100,0
sh513130,14:24:36,1764138279578,5632.59,0.9106,4.2836,0.743,0.7433,-0.0404,3000,2229,0.743,0.742,91753800,0.741,135752900,0.74,131550700,0.739,70574000,0.738,50062800,0.743,100927200,0.744,126800300,0.745,210697800,0.746,114895400,0.747,88003200,1056,100,0
sh513130,14:24:39,1764138281580,5633.15,0.9106,7.2786,0.743,0.7433,-0.0404,55600,41287,0.7426,0.742,91770200,0.741,135460200,0.74,131430700,0.739,70574000,0.738,50062800,0.743,91180500,0.744,126777300,0.745,210627800,0.746,121395400,0.747,88003200,979,100,0
sh513130,14:24:42,1764138283588,5633.09,0.9106,6.5213,0.742,0.7433,-0.1749,77500,57507,0.742,0.742,91707900,0.741,135528800,0.74,131421300,0.739,70574000,0.738,50062800,0.743,91285800,0.744,126777300,0.745,210430800,0.746,121395400,0.747,88003200,825,100,0
sh513130,14:24:45,1764138288595,5633.43,0.9106,4.9676,0.743,0.7433,-0.0404,343600,255271,0.7429,0.742,92164300,0.741,135526800,0.74,131421300,0.739,70574000,0.738,50062800,0.743,90965800,0.744,126777300,0.745,210430800,0.746,121395400,0.747,88003200,66,100,0
sh513130,14:24:48,1764138289596,5633.43,0.9106,4.5094,0.742,0.7433,-0.1749,32000,23764,0.7426,0.742,91036700,0.741,135508500,0.74,131421300,0.739,70574000,0.738,50062800,0.743,100955900,0.744,126786700,0.745,210430800,0.746,114895400,0.747,88004300,201,100,0
sh513130,14:24:51,1764138292601,5634.17,0.9106,2.8621,0.743,0.7433,-0.0404,12000,8915,0.7429,0.742,92200100,0.741,135508500,0.74,131644400,0.739,70574000,0.738,50062800,0.743,100974300,0.744,126786700,0.745,210309100,0.746,114895400,0.747,88004300,139,100,0
sh513130,14:24:54,1764138296602,5634.78,0.9106,3.0744,0.743,0.7433,-0.0404,117800,87523,0.743,0.742,92366700,0.741,135538500,0.74,131654400,0.739,70574000,0.738,50048900,0.743,92976100,0.744,126769300,0.745,210446100,0.746,121400400,0.747,88004300,49,100,0
sh513130,14:24:57,1764138299600,5634.56,0.9106,2.2314,0.742,0.7433,-0.1749,103800,77023,0.742,0.742,92533200,0.741,135315700,0.74,131653000,0.739,70574000,0.738,50048900,0.743,90998700,0.744,126980700,0.745,210446100,0.746,121400400,0.747,88034300,1133,100,0
sh513130,14:25:00,1764138301611,5634.85,0.9106,3.4793,0.742,0.7433,-0.1749,50300,37323,0.742,0.742,91719400,0.741,132717000,0.74,131653000,0.739,70574000,0.738,49998900,0.743,87992200,0.744,127022100,0.745,213404300,0.746,121400400,0.747,88034300,1049,100,0
sh513130,14:25:00,1764138303612,5634.97,0.9106,2.6367,0.742,0.7433,-0.1749,50300,37323,0.742,0.742,91719400,0.741,132717000,0.74,131653000,0.739,70574000,0.738,49998900,0.743,87992200,0.744,127022100,0.745,213404300,0.746,121400400,0.747,88034300,368,100,0
sh513130,14:25:03,1764138305614,5633.9,0.9106,2.4205,0.743,0.7433,-0.0404,126500,93975,0.7429,0.742,91609400,0.741,132822400,0.74,131658000,0.739,70574000,0.738,49943300,0.743,87836700,0.744,127022100,0.745,213394300,0.746,121800400,0.747,88034300,1061,100,0
sh513130,14:25:06,1764138308843,5633.83,0.9106,2.2661,0.742,0.7433,-0.1749,3983300,2959579,0.743,0.742,91070300,0.741,129433800,0.74,132607000,0.739,70574000,0.738,49943300,0.743,80780300,0.744,127089300,0.745,213395400,0.746,121800400,0.747,91004300,339,100,0
sh513130,14:25:09,1764138311627,5634.53,0.9106,2.1412,0.742,0.7433,-0.1749,50400,37444,0.7429,0.742,91225300,0.741,129433800,0.74,132607000,0.739,70574000,0.738,49943300,0.743,80732900,0.744,127193200,0.745,213397200,0.746,121800400,0.747,91004300,539,100,0
sh513130,14:25:12,1764138314628,5635.02,0.9106,2.518,0.743,0.7433,-0.0404,100,74,0.74,0.742,91045800,0.741,129454700,0.74,132607000,0.739,70574000,0.738,49943300,0.743,81254900,0.744,127193200,0.745,213397200,0.746,121400400,0.747,91004300,110,100,0
sh513130,14:25:15,1764138317631,5634.67,0.9106,2.1959,0.742,0.7433,-0.1749,195900,145362,0.742,0.742,91108300,0.741,129454700,0.74,132619000,0.739,70574000,0.738,49943300,0.743,80342600,0.744,127193200,0.745,213402200,0.746,121400400,0.747,91004300,114,100,0
sh513130,14:25:18,1764138320645,5634.23,0.9106,2.2732,0.742,0.7433,-0.1749,1036700,769231,0.742,0.742,90991500,0.741,128854400,0.74,132620000,0.739,70574000,0.738,49923000,0.743,80123800,0.744,127223200,0.745,213388700,0.746,121358700,0.747,91004300,26,100,0
sh513130,14:25:21,1764138324647,5634.12,0.9106,1.9592,0.743,0.7433,-0.0404,1500,1115,0.7433,0.742,91508200,0.741,128809800,0.74,132480500,0.739,70644500,0.738,49923000,0.743,80122300,0.744,127526600,0.745,213393200,0.746,121358700,0.747,91004300,170,100,0
sh513130,14:25:24,1764138326649,5634.41,0.9106,2.1273,0.743,0.7433,-0.0404,4700,3490,0.7426,0.742,93663200,0.741,128909900,0.74,133471300,0.739,70644500,0.738,49923000,0.743,81089400,0.744,127536600,0.745,212402200,0.746,121358700,0.747,91004300,132,100,0
sh513130,14:25:27,1764138329656,5634.34,0.9106,2.3684,0.742,0.7433,-0.1749,176500,130964,0.742,0.742,94104200,0.741,128878000,0.74,133471300,0.739,70644500,0.738,49923000,0.743,82103100,0.744,127828800,0.745,212441700,0.746,121358700,0.747,91004300,1159,100,0
sh513130,14:25:33,1764138334657,5634.37,0.9106,3.8612,0.743,0.7439,-0.121,1282000,952526,0.743,0.742,95506800,0.741,129167200,0.74,132320400,0.739,70643500,0.738,49912000,0.743,79839100,0.744,117842800,0.745,213477200,0.746,123101300,0.747,90953800,132,100,0
sh513130,14:25:36,1764138338658,5634.94,0.9106,4.4364,0.743,0.7439,-0.121,42100,31241,0.7421,0.742,103310300,0.741,121167200,0.74,132330400,0.739,70643500,0.738,49912000,0.743,80510800,0.744,117852800,0.745,205457200,0.746,131955700,0.747,90953800,155,100,0
sh513130,14:25:42,1764138345680,5633.63,0.9106,3.6196,0.743,0.7439,-0.121,57900,43012,0.7429,0.742,103272200,0.741,121256800,0.74,132403400,0.739,70632700,0.738,49912000,0.743,80660000,0.744,117843300,0.745,205437400,0.746,133665500,0.747,90953800,1213,100,0
sh513130,14:25:45,1764138347673,5633.87,0.9106,2.873,0.742,0.7439,-0.2554,4400,3265,0.742,0.742,108974600,0.741,120536000,0.74,132368400,0.739,70632700,0.738,49912000,0.743,80665500,0.744,117842200,0.745,205432400,0.746,134519900,0.747,90896600,1222,100,0
