symbol,tx_server_time,tx_local_time,index_price,fx_rate,sentiment,price,iopv,premium_rate,tick_vol,tick_amt,tick_vwap,bp1,bv1,bp2,bv2,bp3,bv3,bp4,bv4,bp5,bv5,sp1,sv1,sp2,sv2,sp3,sv3,sp4,sv4,sp5,sv5,idx_delay_ms,fut_delay_ms,data_flags
sh513130,09:30:31,1769045434392,,0.8927,2.2216,0.747,0.7492,-0.2936,0,0,0.747,0.747,27371900,0.746,54603300,0.745,41853800,0.744,27742800,0.743,22159000,0.748,45159700,0.749,62102000,0.750,73510300,0.751,52221500,0.752,28683700,99999,99999,1
sh513130,09:30:34,1769045436381,5798.33,0.8927,8.0211,0.747,0.7492,-0.2936,45480900,34017690,0.748,0.747,31344900,0.746,49979400,0.745,42412800,0.744,31559000,0.743,22414800,0.748,2134900,0.749,64589900,0.750,75440700,0.751,52369700,0.752,29091300,1232,99999,0
sh513130,09:30:36,1769045438390,5800.57,0.8927,7.3183,0.748,0.7492,-0.1602,5702400,4263065,0.7476,0.747,31343300,0.746,65390700,0.745,50136500,0.744,32731500,0.743,22651900,0.748,169800,0.749,62501800,0.750,72350000,0.751,48673900,0.752,33288900,1079,99999,0
sh513130,09:30:39,1769045443379,5801.16,0.8927,4.9998,0.748,0.7492,-0.1602,4557500,3409095,0.748,0.748,690600,0.747,37184800,0.746,65351900,0.745,51210800,0.744,33989500,0.749,68457000,0.750,72888200,0.751,48791600,0.752,33584400,0.753,25201600,571,99999,0
sh513130,09:30:42,1769045445385,5801.36,0.8927,4.5753,0.748,0.7492,-0.1602,11098600,8303559,0.7482,0.748,16371100,0.747,43363300,0.746,63286800,0.745,51983000,0.744,33814700,0.749,61320200,0.750,72342900,0.751,49235300,0.752,31691200,0.753,25378000,590,99999,0
sh513130,09:30:46,1769045448408,5801.06,0.8927,3.0835,0.748,0.7492,-0.1602,5804600,4342405,0.7481,0.748,12080500,0.747,58999900,0.746,63608500,0.745,52592900,0.744,34043600,0.749,62088700,0.750,75063100,0.751,49810400,0.752,31858400,0.753,24541200,204,99999,0
sh513130,09:30:48,1769045452407,5803.01,0.8927,5.8572,0.748,0.7492,-0.1602,4061900,3038422,0.748,0.748,13072200,0.747,66421800,0.746,65737300,0.745,52316600,0.744,35037700,0.749,63387100,0.750,76736600,0.751,49433300,0.752,33229300,0.753,25069700,1584,99999,0
sh513130,09:30:52,1769045454405,5805.01,0.8927,6.8992,0.748,0.7492,-0.1602,3730000,2790138,0.748,0.748,15888400,0.747,52590200,0.746,63158800,0.745,48061800,0.744,27286200,0.749,70504300,0.750,77248800,0.751,49362700,0.752,28244900,0.753,25104400,1580,99999,0
sh513130,09:30:54,1769045457402,5805.46,0.8927,6.7975,0.748,0.7492,-0.1602,2782000,2081478,0.7482,0.748,26131700,0.747,63030400,0.746,63858900,0.745,43898700,0.744,27199600,0.749,48717100,0.750,76580000,0.751,49451400,0.752,33281800,0.753,25167500,483,99999,0
sh513130,09:30:57,1769045460414,5803.36,0.8927,5.9465,0.748,0.7498,-0.2401,3288900,2461155,0.7483,0.748,29077800,0.747,64631900,0.746,55626500,0.745,44036600,0.744,27270400,0.749,54112300,0.750,77204400,0.751,49925000,0.752,33721800,0.753,25162900,1327,99999,0
sh513130,09:31:00,1769045463435,5804.18,0.8927,6.5621,0.748,0.7492,-0.1602,2107800,1577718,0.7485,0.748,21789000,0.747,64470300,0.746,55336600,0.745,47001900,0.744,27158900,0.749,61794800,0.750,79313600,0.751,50113900,0.752,33801500,0.753,25142900,9,99999,0
sh513130,09:31:04,1769045466439,5803.13,0.8927,5.561,0.748,0.7492,-0.1602,3967200,2970992,0.7489,0.748,31875200,0.747,63462700,0.746,54926500,0.745,46138900,0.744,27882100,0.749,53397200,0.750,86528000,0.751,50324600,0.752,33831400,0.753,25240000,834,99999,0
sh513130,09:31:07,1769045469443,5806.78,0.8927,4.0384,0.749,0.7492,-0.0267,48596200,36396010,0.7489,0.749,4526600,0.748,34482600,0.747,63486900,0.746,54889300,0.745,46030700,0.750,91457500,0.751,50343500,0.752,33937400,0.753,25284300,0.754,19679000,614,99999,0
sh513130,09:31:10,1769045471435,5807.16,0.8927,4.2673,0.748,0.7492,-0.1602,9959500,7459345,0.749,0.748,37628200,0.747,63446500,0.746,54918700,0.745,46104900,0.744,27609200,0.749,10204400,0.750,87634600,0.751,50514400,0.752,33945600,0.753,25328300,655,99999,0
sh513130,09:31:12,1769045475438,5804.94,0.8927,3.6572,0.748,0.7498,-0.2401,739800,553497,0.7482,0.748,42021400,0.747,63192400,0.746,53005800,0.745,46171900,0.744,27609200,0.749,20040000,0.750,82281200,0.751,50636500,0.752,34029900,0.753,25781700,613,99999,0
sh513130,09:31:15,1769045478434,5804.66,0.8927,3.5525,0.749,0.7497,-0.0934,1343700,1005883,0.7486,0.748,44811900,0.747,62848700,0.746,53320600,0.745,46139200,0.744,27652200,0.749,27515800,0.750,88235600,0.751,50957700,0.752,34058100,0.753,25831600,1576,99999,0
sh513130,09:31:19,1769045481442,5796.89,0.8927,5.2915,0.747,0.7497,-0.3601,22304800,16685015,0.748,0.747,68830400,0.746,54013900,0.745,49356100,0.744,27460200,0.743,26167200,0.748,12792700,0.749,37643000,0.750,83806500,0.751,51097600,0.752,31269900,577,99999,0
sh513130,09:31:15,1769045482437,5796.89,0.8927,5.2062,0.749,0.7497,-0.0934,0,0,0.749,0.748,44811900,0.747,62848700,0.746,53320600,0.745,46139200,0.744,27652200,0.749,27515800,0.750,88235600,0.751,50957700,0.752,34058100,0.753,25831600,1571,99999,2
sh513130,09:31:19,1769045483447,5798.48,0.8927,8.9374,0.747,0.7497,-0.3601,0,0,0.747,0.747,68830400,0.746,54013900,0.745,49356100,0.744,27460200,0.743,26167200,0.748,12792700,0.749,37643000,0.750,83806500,0.751,51097600,0.752,31269900,414,99999,0
sh513130,09:31:21,1769045484453,5798.48,0.8927,8.878,0.747,0.7497,-0.3601,3304700,2471605,0.7479,0.747,67972500,0.746,57026700,0.745,49256000,0.744,27458800,0.743,26167200,0.748,21264000,0.749,41798300,0.750,85270800,0.751,51849600,0.752,29390900,1422,99999,0
sh513130,09:31:25,1769045487447,5797.35,0.8927,7.1127,0.748,0.7497,-0.2268,1182900,884482,0.7477,0.747,68278100,0.746,57658600,0.745,49367500,0.744,27252500,0.743,26177800,0.748,25371600,0.749,42602800,0.750,86667400,0.751,51873600,0.752,29354100,66,99999,0
sh513130,09:31:27,1769045490468,5797.62,0.8927,5.2211,0.748,0.7484,-0.0534,5882400,4399669,0.7479,0.747,70140000,0.746,57680700,0.745,49202200,0.744,27877200,0.743,25759800,0.748,24430500,0.749,37538200,0.750,87351900,0.751,52983300,0.752,29404100,917,99999,0
sh513130,09:31:30,1769045493462,5797.34,0.8927,2.8866,0.748,0.7478,0.0267,2443900,1826967,0.7476,0.747,71154400,0.746,57860800,0.745,49391900,0.744,27875600,0.743,25759800,0.748,19220800,0.749,44139900,0.750,87545300,0.751,52814600,0.752,29642100,644,99999,0
sh513130,09:31:34,1769045496468,5798.65,0.8927,4.0488,0.748,0.7478,0.0267,5027400,3760467,0.748,0.747,72601400,0.746,58413100,0.745,49479900,0.744,28885600,0.743,26552600,0.748,17177400,0.749,46081000,0.750,87976700,0.751,53000300,0.752,29676500,374,99999,0
sh513130,09:31:36,1769045499476,5796.45,0.8927,4.5439,0.748,0.7491,-0.1468,12335900,9227210,0.748,0.747,73948700,0.746,58671100,0.745,49444900,0.744,28887900,0.743,26444200,0.748,12162400,0.749,41227700,0.750,89655100,0.751,53005500,0.752,29933500,659,99999,0
sh513130,09:31:39,1769045501466,5795.67,0.8927,4.4628,0.748,0.7491,-0.1468,2185500,1634665,0.748,0.747,76099500,0.746,60061100,0.745,50434900,0.744,29887900,0.743,27447200,0.748,12309800,0.749,42814500,0.750,91100100,0.751,54080000,0.752,31292500,659,99999,0
sh513130,09:31:42,1769045505469,5797.43,0.8927,3.7009,0.748,0.7484,-0.0534,3136400,2345871,0.748,0.747,76958300,0.746,60064900,0.745,50730800,0.744,29867900,0.743,27858100,0.748,5241100,0.749,48583100,0.750,92480700,0.751,53970900,0.752,31367700,650,99999,0
sh513130,09:31:39,1769045506473,5797.43,0.8927,3.0495,0.748,0.7491,-0.1468,0,0,0.748,0.747,76099500,0.746,60061100,0.745,50434900,0.744,29887900,0.743,27447200,0.748,12309800,0.749,42814500,0.750,91100100,0.751,54080000,0.752,31292500,1652,99999,2
sh513130,09:31:42,1769045507462,5797.11,0.8927,2.9584,0.748,0.7484,-0.0534,0,0,0.748,0.747,76958300,0.746,60064900,0.745,50730800,0.744,29867900,0.743,27858100,0.748,5241100,0.749,48583100,0.750,92480700,0.751,53970900,0.752,31367700,464,99999,0
sh513130,09:31:45,1769045508469,5797.11,0.8927,1.3906,0.748,0.7491,-0.1468,2417500,1808027,0.7479,0.747,77383200,0.746,60166100,0.745,50734800,0.744,29867900,0.743,28009600,0.748,4312800,0.749,50933100,0.750,92889300,0.751,54055900,0.752,31547700,1474,99999,0
sh513130,09:31:49,1769045510476,5794.69,0.8927,4.1886,0.748,0.7491,-0.1468,2035800,1522485,0.7479,0.747,56863000,0.746,65924800,0.745,51274700,0.744,32891400,0.743,28009600,0.748,17082300,0.749,46338400,0.750,93069400,0.751,54191000,0.752,31581800,1292,99999,0
sh513130,09:31:45,1769045511473,5792.96,0.8927,4.267,0.748,0.7491,-0.1468,0,0,0.748,0.747,77383200,0.746,60166100,0.745,50734800,0.744,29867900,0.743,28009600,0.748,4312800,0.749,50933100,0.750,92889300,0.751,54055900,0.752,31547700,112,99999,2
sh513130,09:31:49,1769045512475,5792.96,0.8927,3.8615,0.748,0.7491,-0.1468,0,0,0.748,0.747,56863000,0.746,65924800,0.745,51274700,0.744,32891400,0.743,28009600,0.748,17082300,0.749,46338400,0.750,93069400,0.751,54191000,0.752,31581800,1114,99999,0
sh513130,09:31:52,1769045514467,5792.57,0.8927,4.1695,0.748,0.7484,-0.0534,1499200,1121059,0.7478,0.747,33559800,0.746,64446900,0.745,51356800,0.744,32827500,0.743,28009600,0.748,18511500,0.749,48233800,0.750,93445000,0.751,54224100,0.752,31665100,929,99999,0
sh513130,09:31:54,1769045517480,5792.39,0.8927,3.7458,0.748,0.7484,-0.0534,1302900,973386,0.7471,0.747,31612400,0.746,65404900,0.745,51448700,0.744,32828500,0.743,28009600,0.748,25642800,0.749,51594000,0.750,93916700,0.751,49224100,0.752,31880800,645,99999,0
sh513130,09:31:57,1769045521488,5790.47,0.8927,4.7143,0.748,0.7484,-0.0534,1418000,1060110,0.7476,0.747,31122400,0.746,66477000,0.745,51454400,0.744,32605500,0.743,28009600,0.748,27244900,0.749,52596000,0.750,96017700,0.751,46545000,0.752,31920800,670,99999,0
sh513130,09:32:01,1769045522490,5790.47,0.8927,4.7068,0.748,0.7478,0.0267,8974700,6705451,0.7472,0.747,23485900,0.746,66558000,0.745,51434400,0.744,32605500,0.743,28009600,0.748,25044700,0.749,53461400,0.750,96293800,0.751,46585000,0.752,31807400,251,99999,0
sh513130,09:32:03,1769045525484,5790.73,0.8927,4.0221,0.747,0.7478,-0.107,1514900,1132751,0.7477,0.747,23250000,0.746,67457100,0.745,51625300,0.744,32612100,0.743,28009600,0.748,27404000,0.749,53887600,0.750,94849000,0.751,46586000,0.752,31828000,693,99999,0
sh513130,09:32:01,1769045527487,5789.02,0.8927,5.0298,0.748,0.7478,0.0267,0,0,0.748,0.747,23485900,0.746,66558000,0.745,51434400,0.744,32605500,0.743,28009600,0.748,25044700,0.749,53461400,0.750,96293800,0.751,46585000,0.752,31807400,641,99999,2
sh513130,09:32:03,1769045528507,5789.02,0.8927,4.9467,0.747,0.7478,-0.107,0,0,0.747,0.747,23250000,0.746,67457100,0.745,51625300,0.744,32612100,0.743,28009600,0.748,27404000,0.749,53887600,0.750,94849000,0.751,46586000,0.752,31828000,1661,99999,0
sh513130,09:32:06,1769045529471,5789.13,0.8927,2.5705,0.747,0.7471,-0.0134,5631100,4206784,0.7471,0.747,18186200,0.746,68373500,0.745,52009400,0.744,32612100,0.743,27947600,0.748,34915500,0.749,51216900,0.750,95232100,0.751,46586200,0.752,31828000,626,99999,0
sh513130,09:32:09,1769045531471,5790.04,0.8927,2.6843,0.747,0.7471,-0.0134,3097600,2314439,0.7472,0.747,17788600,0.746,69338700,0.745,52014400,0.744,32612100,0.743,27947600,0.748,39831800,0.749,51856800,0.750,95381200,0.751,46624300,0.752,32021000,505,99999,0
sh513130,09:32:12,1769045534494,5789.03,0.8927,1.1566,0.747,0.7478,-0.107,4944000,3693290,0.747,0.747,12772600,0.746,70163300,0.745,52114400,0.744,32527100,0.743,27953600,0.748,41731900,0.749,49898000,0.750,95256700,0.751,46630300,0.752,31971000,1343,99999,0
sh513130,09:32:15,1769045538485,5790.41,0.8927,6.6549,0.747,0.7478,-0.107,4511400,3372156,0.7475,0.747,10037000,0.746,70990000,0.745,52114400,0.744,33370400,0.743,27987100,0.748,42046000,0.749,51215600,0.750,95195800,0.751,46712700,0.752,32034900,979,99999,0
sh513130,09:32:19,1769045541475,5788.68,0.8927,5.3995,0.748,0.7478,0.0267,7715500,5763528,0.747,0.747,2582100,0.746,71922000,0.745,51933900,0.744,33371400,0.743,27987100,0.748,43528400,0.749,51207800,0.750,95597300,0.751,46865600,0.752,32044900,678,99999,0
sh513130,09:32:22,1769045544467,5786.0,0.8927,4.6009,0.747,0.7478,-0.107,5841700,4364750,0.7472,0.746,64247200,0.745,51933900,0.744,33371400,0.743,27987400,0.742,19703200,0.747,24084700,0.748,40225400,0.749,51956800,0.750,95480600,0.751,46845600,424,99999,0
sh513130,09:32:24,1769045547464,5785.41,0.8927,1.819,0.747,0.7478,-0.107,1580300,1180400,0.7469,0.746,61926500,0.745,52007500,0.744,33371400,0.743,28987400,0.742,19703300,0.747,24044300,0.748,42917300,0.749,50992500,0.750,95575500,0.751,46543200,639,99999,0
sh513130,09:32:27,1769045549460,5786.73,0.8927,1.3674,0.747,0.7471,-0.0134,1179500,880996,0.7469,0.746,63622700,0.745,52010500,0.744,33471400,0.743,28316600,0.742,19703300,0.747,20705100,0.748,43823300,0.749,50814500,0.750,95794200,0.751,46495100,622,99999,0
sh513130,09:32:30,1769045552452,5787.49,0.8927,3.2655,0.746,0.7478,-0.2407,1877100,1401300,0.7465,0.746,63724000,0.745,51977300,0.744,33471400,0.743,28322400,0.742,19703300,0.747,25022700,0.748,44770700,0.749,50934400,0.750,96509700,0.751,46508400,1644,99999,0
sh513130,09:32:33,1769045556452,5788.44,0.8927,5.5574,0.746,0.7478,-0.2407,1492600,1114195,0.7465,0.746,63512200,0.745,51959800,0.744,33526400,0.743,28465000,0.742,19704300,0.747,16597300,0.748,50816900,0.749,51108900,0.750,93571100,0.751,46600800,1542,99999,0
sh513130,09:32:36,1769045558452,5789.11,0.8927,4.2633,0.747,0.7472,-0.0268,1936100,1445714,0.7467,0.746,64315200,0.745,52839800,0.744,33514400,0.743,28501900,0.742,19704300,0.747,11013300,0.748,51399400,0.749,51532000,0.750,93720100,0.751,46605800,1365,99999,0
sh513130,09:32:40,1769045562461,5790.06,0.8927,4.0368,0.746,0.7472,-0.1606,2891700,2158440,0.7464,0.746,63884500,0.745,52850800,0.744,33744200,0.743,28541900,0.742,19704300,0.747,14327900,0.748,53455500,0.749,51782900,0.750,93752400,0.751,46605800,1039,99999,0
sh513130,09:32:42,1769045565459,5790.92,0.8927,5.7251,0.747,0.7478,-0.107,16994800,12694408,0.747,0.746,64224100,0.745,52837600,0.744,33787600,0.743,28541900,0.742,19804800,0.747,536800,0.748,48904000,0.749,51986600,0.750,93984600,0.751,46455600,647,99999,0
sh513130,09:32:45,1769045567462,5791.14,0.8927,5.1986,0.747,0.7478,-0.107,1494900,1116661,0.747,0.747,15912300,0.746,65252300,0.745,54037900,0.744,34780600,0.743,28541800,0.748,48440900,0.749,53060100,0.750,95389900,0.751,47474500,0.752,31586800,606,99999,0
sh513130,09:32:48,1769045571468,5791.08,0.8927,3.7597,0.747,0.7478,-0.107,2254400,1684037,0.747,0.747,15684900,0.746,66004500,0.745,54218900,0.744,34780600,0.743,28555800,0.748,50728500,0.749,53066800,0.750,95402700,0.751,47474500,0.752,31572600,641,99999,0
sh513130,09:32:51,1769045574471,5791.71,0.8927,2.297,0.747,0.7478,-0.107,2219700,1658256,0.7471,0.747,13132600,0.746,67506500,0.745,54322900,0.744,34667600,0.743,28572300,0.748,49440700,0.749,54288300,0.750,95735000,0.751,49484500,0.752,31577600,1665,99999,0
sh513130,09:32:54,1769045576478,5791.93,0.8927,1.3816,0.747,0.7478,-0.107,2334300,1745768,0.7479,0.747,13720100,0.746,68461300,0.745,54394700,0.744,34630000,0.743,28086700,0.748,48053900,0.749,58381600,0.750,95817700,0.751,49340000,0.752,31643600,1666,99999,0
sh513130,09:32:51,1769045577481,5791.68,0.8927,2.872,0.747,0.7478,-0.107,0,0,0.747,0.747,13132600,0.746,67506500,0.745,54322900,0.744,34667600,0.743,28572300,0.748,49440700,0.749,54288300,0.750,95735000,0.751,49484500,0.752,31577600,660,99999,2
sh513130,09:32:54,1769045578485,5791.68,0.8927,2.846,0.747,0.7478,-0.107,0,0,0.747,0.747,13720100,0.746,68461300,0.745,54394700,0.744,34630000,0.743,28086700,0.748,48053900,0.749,58381600,0.750,95817700,0.751,49340000,0.752,31643600,1663,99999,0
sh513130,09:32:57,1769045579484,5790.32,0.8927,2.5192,0.747,0.7485,-0.2004,3254500,2432675,0.7475,0.747,12510600,0.746,69295300,0.745,54475200,0.744,35157800,0.743,27837600,0.748,47747000,0.749,58667600,0.750,96813800,0.751,46653400,0.752,31663600,607,99999,0
sh513130,09:33:01,1769045584453,5791.25,0.8927,3.7957,0.747,0.7478,-0.107,4936400,3687512,0.747,0.747,8657100,0.746,71545900,0.745,54586100,0.744,35243000,0.743,27837600,0.748,47581400,0.749,60130200,0.750,96991800,0.751,46654400,0.752,31821000,896,99999,0
sh513130,09:33:03,1769045586438,5790.58,0.8927,3.9144,0.747,0.7478,-0.107,1921100,1435062,0.747,0.747,7914300,0.746,71418400,0.745,54684300,0.744,36233000,0.743,27837600,0.748,45021600,0.749,61116000,0.750,97194700,0.751,49727400,0.752,31821000,1018,99999,0
sh513130,09:33:06,1769045588435,5790.75,0.8927,3.2991,0.747,0.7478,-0.107,3042600,2272838,0.747,0.746,73451300,0.745,54664300,0.744,35245000,0.743,27914800,0.742,17529300,0.747,1297800,0.748,48768900,0.749,62018900,0.750,98297800,0.751,46722400,842,99999,0
sh513130,09:33:09,1769045593412,5790.24,0.8927,3.2676,0.747,0.7478,-0.107,10698700,7991929,0.747,0.747,19160900,0.746,74928700,0.745,55510800,0.744,32456800,0.743,27920700,0.748,52060200,0.749,63169800,0.750,98410300,0.751,46757400,0.752,31814700,586,99999,0
sh513130,09:33:12,1769045594410,5790.24,0.8927,2.7078,0.747,0.7478,-0.107,1890700,1412381,0.747,0.746,74782200,0.745,55534600,0.744,36442200,0.743,27922700,0.742,17529300,0.747,6338000,0.748,47536900,0.749,64583700,0.750,98430200,0.751,46779500,254,99999,0
sh513130,09:33:15,1769045598405,5789.0,0.8927,2.726,0.747,0.7478,-0.107,381100,284662,0.7469,0.746,80266600,0.745,60547700,0.744,41442900,0.743,28035600,0.742,17529300,0.747,13458400,0.748,47755200,0.749,64608700,0.750,98849100,0.751,46814900,1575,99999,0
sh513130,09:33:18,1769045601410,5789.49,0.8927,5.7647,0.746,0.7478,-0.2407,654400,488727,0.7468,0.746,80804600,0.745,60636300,0.744,41442900,0.743,28045600,0.742,17535300,0.747,10956000,0.748,47903700,0.749,64824400,0.750,98940800,0.751,46848300,599,99999,0
sh513130,09:33:22,1769045605381,5788.6,0.8927,4.6655,0.746,0.7478,-0.2407,796300,594654,0.7468,0.746,81577400,0.745,60646300,0.744,41457400,0.743,28046100,0.742,17537300,0.747,13972500,0.748,48917900,0.749,65125000,0.750,99191800,0.751,46908200,357,99999,0
sh513130,09:33:24,1769045607359,5787.2,0.8927,3.4972,0.747,0.7478,-0.107,4371300,3261291,0.7461,0.746,79194900,0.745,61166900,0.744,41032100,0.743,28046100,0.742,17532300,0.747,14890200,0.748,48587600,0.749,65366100,0.750,99431100,0.751,46999700,169,99999,0
sh513130,09:33:27,1769045610342,5787.19,0.8927,2.375,0.746,0.7478,-0.2407,143300,106915,0.7461,0.746,79416800,0.745,62020000,0.744,41079100,0.743,28046100,0.742,17452300,0.747,15642700,0.748,47821900,0.749,65546100,0.750,99760700,0.751,47049700,981,99999,0
sh513130,09:33:30,1769045613345,5785.88,0.8927,7.6412,0.746,0.7478,-0.2407,475500,354889,0.7463,0.746,63900400,0.745,62882700,0.744,41314500,0.743,28052700,0.742,17952300,0.747,18183800,0.748,48133900,0.749,65853700,0.750,98991900,0.751,47034800,508,99999,0
sh513130,09:33:33,1769045616323,5786.87,0.8927,5.4739,0.746,0.7478,-0.2407,305400,227864,0.7461,0.746,58019400,0.745,69273000,0.744,41326000,0.743,28052700,0.742,18057300,0.747,19859900,0.748,47859500,0.749,65797700,0.750,99209900,0.751,47051600,433,99999,0
sh513130,09:33:36,1769045620303,5787.74,0.8927,4.2851,0.747,0.7477,-0.0936,1113500,831124,0.7464,0.746,63885400,0.745,64939900,0.744,41326000,0.743,28052700,0.742,18057300,0.747,9841900,0.748,50837600,0.749,66698200,0.750,100176800,0.751,46959200,66,99999,0
sh513130,09:33:40,1769045623292,5787.61,0.8927,2.6002,0.746,0.7477,-0.2274,1199800,896026,0.7468,0.746,63401200,0.745,64897800,0.744,40326000,0.743,28052700,0.742,18057300,0.747,9979400,0.748,50629200,0.749,67062400,0.750,100289200,0.751,46959200,467,99999,0
sh513130,09:33:42,1769045624285,5787.61,0.8927,3.1618,0.746,0.7477,-0.2274,946000,706464,0.7468,0.746,64955000,0.745,64896200,0.744,40327000,0.743,28213700,0.742,18067300,0.747,9759300,0.748,50146800,0.749,67544400,0.750,100399500,0.751,46972300,1462,99999,0
sh513130,09:33:40,1769045625284,5787.33,0.8927,2.8814,0.746,0.7477,-0.2274,0,0,0.746,0.746,63401200,0.745,64897800,0.744,40326000,0.743,28052700,0.742,18057300,0.747,9979400,0.748,50629200,0.749,67062400,0.750,100289200,0.751,46959200,487,99999,2
sh513130,09:33:42,1769045626274,5787.33,0.8927,2.352,0.746,0.7477,-0.2274,0,0,0.746,0.746,64955000,0.745,64896200,0.744,40327000,0.743,28213700,0.742,18067300,0.747,9759300,0.748,50146800,0.749,67544400,0.750,100399500,0.751,46972300,1476,99999,0
sh513130,09:33:45,1769045628263,5788.84,0.8927,2.3139,0.746,0.7477,-0.2274,376900,281219,0.7461,0.746,65550500,0.745,64904600,0.744,40532500,0.743,28205200,0.742,17997700,0.747,11650200,0.748,49790100,0.749,67171000,0.750,101487000,0.751,46830700,1411,99999,0
sh513130,09:33:48,1769045632255,5788.38,0.8927,3.6749,0.747,0.7477,-0.0936,402300,300161,0.7461,0.746,66191500,0.745,64409400,0.744,40531500,0.743,28198600,0.742,17995700,0.747,15559200,0.748,49282800,0.749,67343400,0.750,101914500,0.751,46875700,1141,99999,0
sh513130,09:33:52,1769045634263,5788.65,0.8927,3.682,0.747,0.7477,-0.0936,328400,245026,0.7461,0.746,66882400,0.745,64454600,0.744,40522000,0.743,28248600,0.742,18595100,0.747,21237900,0.748,49712200,0.749,67278400,0.750,101964800,0.751,46905700,983,99999,0
sh513130,09:33:54,1769045636252,5788.05,0.8927,3.0743,0.746,0.7477,-0.2274,294600,219984,0.7467,0.746,70329900,0.745,64388700,0.744,40502300,0.743,27465800,0.742,18631300,0.747,20872000,0.748,50047300,0.749,67300700,0.750,102012800,0.751,46908800,786,99999,0
sh513130,09:33:58,1769045641245,5790.93,0.8927,2.6456,0.747,0.7477,-0.0936,20839700,15567214,0.747,0.747,55740300,0.746,71433800,0.745,64708600,0.744,39526300,0.743,27463800,0.748,47218700,0.749,68352900,0.750,102163500,0.751,51539300,0.752,32432900,413,99999,0
sh513130,09:34:00,1769045643259,5792.31,0.8927,2.1969,0.747,0.7477,-0.0936,2344500,1751846,0.7472,0.747,68898200,0.746,67880100,0.745,65235800,0.744,31535300,0.743,27463800,0.748,47125500,0.749,69148700,0.750,102315500,0.751,53498300,0.752,32492900,447,99999,0
sh513130,09:34:03,1769045646264,5793.27,0.8927,5.2866,0.747,0.7477,-0.0936,742200,554481,0.7471,0.747,71688200,0.746,68027100,0.745,61884800,0.744,31435300,0.743,27457100,0.748,50115600,0.749,69180500,0.750,102453000,0.751,53459200,0.752,32487900,1448,99999,0
sh513130,09:34:06,1769045650258,5794.35,0.8927,4.9167,0.747,0.7484,-0.1871,519600,388171,0.7471,0.747,72231800,0.746,68284000,0.745,61921800,0.744,31535300,0.743,27449300,0.748,50937300,0.749,69244100,0.750,102583800,0.751,53474000,0.752,32493600,1423,99999,0
sh513130,09:34:09,1769045652241,5794.78,0.8927,3.6628,0.747,0.7484,-0.1871,806900,602843,0.7471,0.747,72597600,0.746,68342800,0.745,62250300,0.744,31535300,0.743,27463100,0.748,51404400,0.749,69108800,0.750,102785200,0.751,53474000,0.752,32545600,1435,99999,0
sh513130,09:34:12,1769045656242,5793.99,0.8927,4.6618,0.747,0.7484,-0.1871,709200,529822,0.7471,0.747,62830100,0.746,74155700,0.745,62250300,0.744,31461500,0.743,27463100,0.748,50501300,0.749,70114200,0.750,102935500,0.751,53474400,0.752,32556600,1214,99999,0
sh513130,09:34:15,1769045658231,5796.15,0.8927,1.9822,0.747,0.7484,-0.1871,598900,447381,0.747,0.747,73074300,0.746,67964400,0.745,62420300,0.744,31511500,0.743,27466100,0.748,51023900,0.749,69192900,0.750,105094700,0.751,54464300,0.752,32543600,1024,99999,0
sh513130,09:34:12,1769045659232,5794.54,0.8927,3.3453,0.747,0.7484,-0.1871,0,0,0.747,0.747,62830100,0.746,74155700,0.745,62250300,0.744,31461500,0.743,27463100,0.748,50501300,0.749,70114200,0.750,102935500,0.751,53474400,0.752,32556600,416,99999,2
sh513130,09:34:15,1769045660233,5794.54,0.8927,3.3085,0.747,0.7484,-0.1871,0,0,0.747,0.747,73074300,0.746,67964400,0.745,62420300,0.744,31511500,0.743,27466100,0.748,51023900,0.749,69192900,0.750,105094700,0.751,54464300,0.752,32543600,843,99999,0
sh513130,09:34:18,1769045661227,5792.55,0.8927,3.7448,0.747,0.7484,-0.1871,690500,515960,0.7472,0.747,45100700,0.746,73633700,0.745,62494100,0.744,31511500,0.743,27479300,0.748,51745800,0.749,69386200,0.750,105549700,0.751,54393600,0.752,32712900,433,99999,0
sh513130,09:34:21,1769045665229,5791.93,0.8927,3.3404,0.747,0.7484,-0.1871,457000,341618,0.7475,0.747,19580300,0.746,76125100,0.745,64844100,0.744,34511500,0.743,27479300,0.748,55603700,0.749,72490300,0.750,105834700,0.751,49444700,0.752,33018300,407,99999,0
sh513130,09:34:25,1769045667229,5792.37,0.8927,3.7657,0.747,0.7484,-0.1871,233200,174240,0.7472,0.747,12284200,0.746,78024100,0.745,64731400,0.744,34513000,0.743,27479300,0.748,60725800,0.749,73050100,0.750,106102900,0.751,46498100,0.752,32958300,407,99999,0
sh513130,09:34:27,1769045670235,5791.34,0.8927,3.3211,0.747,0.7477,-0.0936,15718700,11742120,0.747,0.747,2552700,0.746,78856400,0.745,65026800,0.744,39513000,0.743,27500300,0.748,59621600,0.749,73307100,0.750,106213900,0.751,46498100,0.752,33208300,1398,99999,0
sh513130,09:34:30,1769045673234,5790.45,0.8927,5.4235,0.747,0.7477,-0.0936,5127200,3831039,0.7472,0.747,6995500,0.746,78774400,0.745,65023300,0.744,40479700,0.743,27600300,0.748,61277300,0.749,73276500,0.750,106462000,0.751,46508100,0.752,33268300,417,99999,0
sh513130,09:34:33,1769045676228,5789.79,0.8927,3.5212,0.747,0.7477,-0.0936,2032400,1519216,0.7475,0.746,79805200,0.745,65023300,0.744,40479700,0.743,27600300,0.742,18725900,0.747,425300,0.748,61706400,0.749,73768700,0.750,106482000,0.751,46558100,1387,99999,0
sh513130,09:34:36,1769045680215,5790.67,0.8927,5.0501,0.747,0.7484,-0.1871,1836600,1371943,0.747,0.747,1941000,0.746,81016400,0.745,65124100,0.744,40486600,0.743,27600300,0.748,62363200,0.749,73958100,0.750,106505000,0.751,46708400,0.752,33194300,1235,99999,0
sh513130,09:34:39,1769045681214,5790.65,0.8927,5.6221,0.747,0.7484,-0.1871,2782500,2078534,0.747,0.747,1511700,0.746,82950100,0.745,64968700,0.744,40821500,0.743,27724200,0.748,64934100,0.749,73997000,0.750,106546000,0.751,46707000,0.752,33209300,64,99999,0
sh513130,09:34:42,1769045686216,5791.03,0.8927,4.9744,0.747,0.7471,-0.0134,669200,500112,0.7473,0.747,26823500,0.746,84708200,0.745,65067900,0.744,39680300,0.743,27836900,0.748,67016000,0.749,74075600,0.750,106532500,0.751,46707000,0.752,33109300,710,99999,0
sh513130,09:34:45,1769045688199,5789.14,0.8927,3.7161,0.747,0.7484,-0.1871,4414100,3297359,0.747,0.746,84278000,0.745,65067900,0.744,40670300,0.743,28116200,0.742,18744500,0.747,11053500,0.748,67396300,0.749,74080600,0.750,106336200,0.751,46711500,516,99999,0
sh513130,09:34:48,1769045690205,5788.89,0.8927,2.0424,0.747,0.7484,-0.1871,2086000,1558240,0.747,0.746,85030000,0.745,65191800,0.744,40480300,0.743,28116200,0.742,18744500,0.747,7478500,0.748,75665700,0.749,79108700,0.750,111598100,0.751,46839000,353,99999,0
sh513130,09:34:45,1769045691196,5789.44,0.8927,2.0321,0.747,0.7484,-0.1871,0,0,0.747,0.746,84278000,0.745,65067900,0.744,40670300,0.743,28116200,0.742,18744500,0.747,11053500,0.748,67396300,0.749,74080600,0.750,106336200,0.751,46711500,383,99999,2
sh513130,09:34:48,1769045692212,5789.44,0.8927,2.7209,0.747,0.7484,-0.1871,0,0,0.747,0.746,85030000,0.745,65191800,0.744,40480300,0.743,28116200,0.742,18744500,0.747,7478500,0.748,75665700,0.749,79108700,0.750,111598100,0.751,46839000,178,99999,0
sh513130,09:34:51,1769045693221,5789.34,0.8927,2.6692,0.747,0.7477,-0.0936,558700,417258,0.7468,0.746,85243100,0.745,66125900,0.744,40470300,0.743,30114800,0.742,18754500,0.747,30842000,0.748,70232900,0.749,79136500,0.750,106621400,0.751,46841800,428,99999,0
sh513130,09:34:55,1769045697220,5788.36,0.8927,4.5253,0.747,0.7477,-0.0936,518200,386790,0.7464,0.746,78117800,0.745,72815000,0.744,40470300,0.743,30064800,0.742,18772300,0.747,31820500,0.748,71147400,0.749,79121300,0.750,106652000,0.751,46865100,368,99999,0
sh513130,09:34:57,1769045701258,5785.3,0.8927,5.553,0.747,0.7477,-0.0936,486300,363118,0.7467,0.746,57398100,0.745,75804400,0.744,59575000,0.743,33040900,0.742,18772300,0.747,36530100,0.748,73991100,0.749,79169300,0.750,103789800,0.751,46875100,445,99999,0
sh513130,09:35:01,1769045703263,5786.21,0.8927,2.8158,0.746,0.7477,-0.2274,911400,680326,0.7465,0.746,67004100,0.745,77639000,0.744,59675800,0.743,36104800,0.742,18785700,0.747,39679300,0.748,74316600,0.749,79803200,0.750,107144500,0.751,46909100,335,99999,0
sh513130,09:35:03,1769045707264,5786.88,0.8927,3.5014,0.747,0.7477,-0.0936,779200,581980,0.7469,0.746,90073600,0.745,87451100,0.744,59696300,0.743,36104800,0.742,18799700,0.747,61121100,0.748,93134000,0.749,79849700,0.750,105278600,0.751,46915100,424,99999,0
sh513130,09:35:06,1769045710273,5787.13,0.8927,1.5799,0.746,0.7477,-0.2274,243200,181502,0.7463,0.746,96865200,0.745,81778500,0.744,59708300,0.743,36104800,0.742,18799700,0.747,15664300,0.748,97837900,0.749,99012700,0.750,107307500,0.751,47025100,823,99999,0
sh513130,09:35:09,1769045712268,5789.31,0.8927,1.6169,0.747,0.7477,-0.0936,15376900,11486166,0.747,0.747,55195900,0.746,93429200,0.745,81778500,0.744,56708300,0.743,36104800,0.748,99489600,0.749,102207900,0.750,107343400,0.751,47025100,0.752,33316800,641,99999,0
sh513130,09:35:13,1769045715262,5789.99,0.8927,3.4785,0.747,0.7477,-0.0936,1522200,1137083,0.747,0.747,39098900,0.746,95797200,0.745,80778500,0.744,61718300,0.743,36104800,0.748,101341100,0.749,102224600,0.750,113507400,0.751,51025100,0.752,33351800,459,99999,0
sh513130,09:35:15,1769045718274,5790.4,0.8927,4.0655,0.747,0.7483,-0.1737,7637400,5705157,0.747,0.747,7113700,0.746,100504800,0.745,81804500,0.744,61718300,0.743,36142800,0.748,100332200,0.749,102227100,0.750,113259400,0.751,51020100,0.752,33314300,108,99999,0
sh513130,09:35:18,1769045720277,5790.08,0.8927,4.5904,0.747,0.7483,-0.1737,3558600,2658273,0.747,0.746,99068300,0.745,82722300,0.744,61718300,0.743,36742800,0.742,18776500,0.747,27499700,0.748,100230700,0.749,100682200,0.750,112454800,0.751,51020100,1446,99999,0
sh513130,09:35:21,1769045724305,5788.28,0.8927,3.5357,0.746,0.7477,-0.2274,112200,83723,0.7462,0.746,99081400,0.745,83112100,0.744,62708300,0.743,36742800,0.742,18776500,0.747,67681400,0.748,94599600,0.749,100703300,0.750,106915100,0.751,51045600,1479,99999,0
sh513130,09:35:24,1769045728317,5785.16,0.8927,5.2342,0.746,0.7477,-0.2274,417600,311866,0.7468,0.746,89160900,0.745,88408500,0.744,71806600,0.743,36763600,0.742,18751500,0.747,76192600,0.748,96418600,0.749,100640400,0.750,99694600,0.751,50715300,1439,99999,0
sh513130,09:35:27,1769045729314,5785.25,0.8927,5.1494,0.746,0.7477,-0.2274,608400,454247,0.7466,0.746,86157400,0.745,97458600,0.744,71806600,0.743,36963600,0.742,18751500,0.747,80014900,0.748,97343200,0.749,101170400,0.750,99755600,0.751,50787200,273,99999,0
sh513130,09:35:30,1769045734327,5784.27,0.8927,3.3935,0.746,0.747,-0.1339,509700,380404,0.7463,0.746,85919000,0.745,98297900,0.744,72006600,0.743,36963600,0.742,18751500,0.747,81109100,0.748,98620700,0.749,100961000,0.750,99870700,0.751,50806700,941,99999,0
sh513130,09:35:33,1769045736323,5785.27,0.8927,2.6374,0.746,0.747,-0.1339,324200,241853,0.746,0.746,86504000,0.745,99118300,0.744,72040200,0.743,36963600,0.742,18751500,0.747,81336200,0.748,98422300,0.749,100924900,0.750,99900100,0.751,50809700,741,99999,0
sh513130,09:35:36,1769045739327,5784.72,0.8927,5.3691,0.746,0.747,-0.1339,819300,611201,0.746,0.746,62132300,0.745,100240100,0.744,72540200,0.743,36963600,0.742,18906800,0.747,83309800,0.748,100262500,0.749,100327400,0.750,100271500,0.751,50828900,520,99999,0
sh513130,09:35:39,1769045742323,5783.12,0.8927,4.0234,0.746,0.747,-0.1339,2710700,2022740,0.7462,0.746,42393200,0.745,102983000,0.744,72540200,0.743,37029600,0.742,18906800,0.747,85018300,0.748,100068500,0.749,100297400,0.750,99859800,0.751,50829000,201,99999,0
sh513130,09:35:42,1769045745333,5781.58,0.8927,4.3277,0.746,0.747,-0.1339,31984600,23860692,0.746,0.745,102903200,0.744,75970500,0.743,43144500,0.742,18906800,0.741,31310400,0.746,3511000,0.747,90626100,0.748,97218400,0.749,99285400,0.750,98699400,509,99999,0
sh513130,09:35:46,1769045747333,5781.16,0.8927,6.7983,0.745,0.747,-0.2677,655400,488347,0.7451,0.745,108378200,0.744,76970500,0.743,42077200,0.742,18927800,0.741,31310500,0.746,11682400,0.747,89651400,0.748,96116300,0.749,97249800,0.750,98833400,472,99999,0
sh513130,09:35:48,1769045751328,5781.45,0.8927,7.2564,0.745,0.747,-0.2677,296100,220758,0.7456,0.745,109090700,0.744,76973000,0.743,42077200,0.742,18927800,0.741,31349800,0.746,11442900,0.747,92442700,0.748,96329600,0.749,97225400,0.750,98801100,479,99999,0
sh513130,09:35:51,1769045754326,5780.09,0.8927,4.6833,0.745,0.747,-0.2677,811600,605017,0.7455,0.745,107475200,0.744,76993500,0.743,43887200,0.742,24927800,0.741,31487300,0.746,18434500,0.747,94549300,0.748,94519800,0.749,94117400,0.750,98831100,1303,99999,0
sh513130,09:35:54,1769045757323,5781.9,0.8927,6.2907,0.745,0.747,-0.2677,481300,358832,0.7455,0.745,109090500,0.744,76993500,0.743,42968400,0.742,24937800,0.741,31487300,0.746,22096500,0.747,91318200,0.748,94542100,0.749,94376000,0.750,98985200,499,99999,0
sh513130,09:35:57,1769045760320,5780.76,0.8927,4.524,0.745,0.747,-0.2677,1036200,772290,0.7453,0.745,108375400,0.744,76759400,0.743,42861200,0.742,24907800,0.741,31487300,0.746,38214700,0.747,91500300,0.748,94069600,0.749,94343300,0.750,99228800,786,99999,0
sh513130,09:36:00,1769045763313,5780.78,0.8927,2.292,0.745,0.7464,-0.1876,1365700,1017558,0.7451,0.745,108042300,0.744,76869800,0.743,42880400,0.742,24907800,0.741,31517300,0.746,52810600,0.747,89339400,0.748,95711200,0.749,94431300,0.750,99582800,490,99999,0
sh513130,09:36:03,1769045766313,5780.01,0.8927,4.5608,0.745,0.7464,-0.1876,1146500,854466,0.7453,0.745,109187100,0.744,76817800,0.743,45824400,0.742,25207800,0.741,31517300,0.746,61280200,0.747,87652200,0.748,95824500,0.749,89444600,0.750,99818600,223,99999,0
sh513130,09:36:06,1769045769287,5779.44,0.8927,6.3572,0.745,0.7464,-0.1876,732000,545542,0.7453,0.745,110529400,0.744,77797200,0.743,45834400,0.742,25232800,0.741,31517300,0.746,62147600,0.747,87253000,0.748,94969500,0.749,76534200,0.750,99959300,481,99999,0
sh513130,09:36:10,1769045771284,5779.39,0.8927,4.6425,0.746,0.7464,-0.0536,1388600,1035403,0.7456,0.745,110983600,0.744,77687200,0.743,45862100,0.742,25232800,0.741,31520300,0.746,55962000,0.747,86343500,0.748,94973000,0.749,76036300,0.750,100038300,454,99999,0
sh513130,09:36:12,1769045775287,5779.37,0.8927,6.0555,0.745,0.7464,-0.1876,1097300,818238,0.7457,0.745,111374700,0.744,78609800,0.743,45782100,0.742,25232800,0.741,31570300,0.746,42579600,0.747,86409700,0.748,95139200,0.749,80988500,0.750,100392800,471,99999,0
sh513130,09:36:16,1769045777286,5779.82,0.8927,7.152,0.746,0.7464,-0.0536,631100,470552,0.7456,0.745,111560700,0.744,79398700,0.743,45967200,0.742,25092800,0.741,31597200,0.746,33486000,0.747,86401300,0.748,95114200,0.749,81028500,0.750,100797800,292,99999,0
sh513130,09:36:18,1769045781271,5779.71,0.8927,6.9531,0.746,0.7464,-0.0536,621400,463483,0.7459,0.745,111714400,0.744,80401400,0.743,45967200,0.742,25056600,0.741,31597200,0.746,26851100,0.747,81327300,0.748,95126200,0.749,81052200,0.750,100788400,461,99999,0
sh513130,09:36:22,1769045785266,5781.14,0.8927,5.5457,0.746,0.7464,-0.0536,2838500,2117303,0.7459,0.745,111473500,0.744,82166600,0.743,45969200,0.742,25071600,0.741,31770200,0.746,21978500,0.747,81060400,0.748,94914500,0.749,81814000,0.750,100774000,456,99999,0
sh513130,09:36:25,1769045788270,5781.87,0.8927,6.2107,0.746,0.7464,-0.0536,22384000,16698340,0.746,0.746,25356300,0.745,111591900,0.744,82121500,0.743,43152700,0.742,25111600,0.747,85759500,0.748,95911500,0.749,81840900,0.750,100876000,0.751,48960000,334,99999,0
sh513130,09:36:27,1769045789258,5780.6,0.8927,6.1454,0.746,0.747,-0.1339,1949800,1454523,0.746,0.746,28763000,0.745,111075500,0.744,82971700,0.743,43224100,0.742,25263100,0.747,86029100,0.748,96063100,0.749,81782500,0.750,101078400,0.751,49291300,432,99999,0
sh513130,09:36:30,1769045793258,5782.03,0.8927,4.5529,0.746,0.747,-0.1339,557300,415914,0.7463,0.746,66766000,0.745,110610400,0.744,83943000,0.743,43337700,0.742,25268600,0.747,86308000,0.748,95349000,0.749,81883800,0.750,101602800,0.751,49291300,456,99999,0
sh513130,09:36:33,1769045795243,5783.69,0.8927,3.9757,0.746,0.747,-0.1339,346800,258719,0.746,0.746,72202700,0.745,109738100,0.744,84803200,0.743,38369100,0.742,25394600,0.747,88840600,0.748,95400900,0.749,82011300,0.750,101605500,0.751,49341300,424,99999,0
sh513130,09:36:37,1769045799226,5783.29,0.8927,4.6269,0.746,0.747,-0.1339,393500,293551,0.746,0.746,71831500,0.745,109806500,0.744,85652100,0.743,38881100,0.742,25394600,0.747,89492400,0.748,95388700,0.749,81959300,0.750,101908400,0.751,49338300,411,99999,0
sh513130,09:36:39,1769045801223,5783.18,0.8927,1.9287,0.746,0.747,-0.1339,152900,114064,0.746,0.746,60317600,0.745,110013500,0.744,86492300,0.743,38901100,0.742,25400200,0.747,90333100,0.748,95368700,0.749,81977500,0.750,101313700,0.751,49339700,244,99999,0
sh513130,09:36:42,1769045805222,5784.18,0.8927,2.1743,0.746,0.747,-0.1339,729200,544265,0.7464,0.746,60041300,0.745,110204900,0.744,87332500,0.743,38906100,0.742,25400200,0.747,92562400,0.748,95568200,0.749,82160200,0.750,101351900,0.751,49425300,423,99999,0
sh513130,09:36:45,1769045809210,5784.58,0.8927,6.348,0.746,0.747,-0.1339,203200,151620,0.7462,0.746,63053700,0.745,110270500,0.744,88172700,0.743,39090300,0.742,25507200,0.747,92994000,0.748,96261100,0.749,82169900,0.750,101255400,0.751,49425300,388,99999,0
sh513130,09:36:48,1769045812197,5783.47,0.8927,3.3444,0.747,0.747,0.0,1023200,763354,0.746,0.746,71206400,0.745,110998300,0.744,88199800,0.743,39190300,0.742,25517200,0.747,94413000,0.748,96193300,0.749,82326800,0.750,101321400,0.751,49428300,311,99999,0
sh513130,09:36:51,1769045815197,5784.34,0.8927,3.1675,0.746,0.747,-0.1339,722000,539084,0.7467,0.746,44248600,0.745,111252600,0.744,88226200,0.743,39176500,0.742,25567300,0.747,95646000,0.748,96513900,0.749,83367300,0.750,101540600,0.751,49488500,375,99999,0
sh513130,09:36:54,1769045817183,5783.54,0.8927,5.0624,0.746,0.747,-0.1339,1013200,755856,0.746,0.746,42589300,0.745,111296500,0.744,88226000,0.743,39196500,0.742,25567300,0.747,100514700,0.748,96485100,0.749,82440100,0.750,102308100,0.751,49488500,377,99999,0
sh513130,09:36:57,1769045821178,5781.82,0.8927,3.874,0.745,0.747,-0.2677,17347000,12940861,0.746,0.745,112806700,0.744,89212500,0.743,44182500,0.742,25572100,0.741,31914900,0.746,28485700,0.747,91066200,0.748,95639900,0.749,82996600,0.750,102740100,377,99999,0
sh513130,09:37:01,1769045823169,5780.91,0.8927,2.9688,0.746,0.747,-0.1339,771500,575497,0.7459,0.745,113129100,0.744,89109000,0.743,44182500,0.742,25572100,0.741,31914900,0.746,12437800,0.747,91546800,0.748,95746800,0.749,82963800,0.750,102865100,345,99999,0
sh513130,09:37:03,1769045826156,5780.41,0.8927,2.3479,0.745,0.747,-0.2677,1266400,944715,0.746,0.745,113304000,0.744,89119000,0.743,44185400,0.742,25594500,0.741,31936100,0.746,43996100,0.747,91674900,0.748,95240500,0.749,82963400,0.750,102847500,1155,99999,0
sh513130,09:37:06,1769045829145,5779.14,0.8927,4.4008,0.745,0.7464,-0.1876,359700,268240,0.7457,0.745,107206700,0.744,94769100,0.743,44185400,0.742,25594500,0.741,31946100,0.746,60843800,0.747,92097400,0.748,95246400,0.749,69237800,0.750,102764400,314,99999,0
sh513130,09:37:09,1769045832139,5778.96,0.8927,2.0492,0.745,0.7464,-0.1876,228000,169938,0.7453,0.745,114107100,0.744,89179100,0.743,44205400,0.742,25598000,0.741,31986100,0.746,58986600,0.747,91305700,0.748,95254100,0.749,72308100,0.750,102807000,612,99999,0
sh513130,09:37:12,1769045835137,5778.2,0.8927,2.4206,0.745,0.7464,-0.1876,125500,93587,0.7457,0.745,108914100,0.744,94801100,0.743,44205400,0.742,25598000,0.741,31986100,0.746,62990900,0.747,92790300,0.748,95592200,0.749,69481800,0.750,102795100,333,99999,0
sh513130,09:37:15,1769045837147,5778.7,0.8927,1.5588,0.745,0.7464,-0.1876,1457900,1087443,0.7459,0.745,108016900,0.744,94899700,0.743,45200400,0.742,25598000,0.741,31986100,0.746,62960700,0.747,93661700,0.748,95636100,0.749,69362500,0.750,102786100,316,99999,0
sh513130,09:37:18,1769045840133,5778.83,0.8927,3.2568,0.746,0.7464,-0.0536,369400,275337,0.7454,0.745,114285900,0.744,90410200,0.743,44201800,0.742,25598500,0.741,32088800,0.746,62387300,0.747,93697700,0.748,94719900,0.749,72373500,0.750,102855300,1332,99999,0
sh513130,09:37:21,1769045845121,5779.19,0.8927,5.3507,0.745,0.7464,-0.1876,264500,197197,0.7455,0.745,114630400,0.744,90400100,0.743,44233600,0.742,25598500,0.741,31932600,0.746,56590500,0.747,94046300,0.748,95691700,0.749,79302200,0.750,103060900,282,99999,0
sh513130,09:37:25,1769045847114,5778.61,0.8927,4.1912,0.746,0.7464,-0.0536,439300,327367,0.7452,0.745,115014600,0.744,91397100,0.743,44239600,0.742,25753300,0.741,31958600,0.746,63198300,0.747,95318000,0.748,95771700,0.749,69883300,0.750,103680700,286,99999,0
sh513130,09:37:27,1769045850109,5777.99,0.8927,3.1731,0.745,0.7464,-0.1876,1150100,857766,0.7458,0.745,109642300,0.744,97007100,0.743,44176600,0.742,25753300,0.741,31959600,0.746,65206100,0.747,96206200,0.748,95019100,0.749,69993300,0.750,103920900,1139,99999,0
sh513130,09:37:30,1769045854109,5778.53,0.8927,3.6245,0.745,0.7464,-0.1876,255200,190369,0.746,0.745,112815500,0.744,91476600,0.743,44401200,0.742,25770400,0.741,32002100,0.746,65296000,0.747,96950600,0.748,94735600,0.749,70045200,0.750,104070600,784,99999,0
sh513130,09:37:33,1769045856111,5778.36,0.8927,3.2858,0.746,0.7464,-0.0536,1392600,1038718,0.7459,0.745,114742600,0.744,91530600,0.743,44442700,0.742,25770400,0.741,32002100,0.746,64548300,0.747,97085000,0.748,94754400,0.749,70141600,0.750,104264300,607,99999,0
sh513130,09:37:36,1769045859107,5778.2,0.8927,4.2986,0.746,0.7464,-0.0536,139100,103763,0.746,0.745,109596200,0.744,97139600,0.743,44482900,0.742,25770400,0.741,32109900,0.746,65255100,0.747,97005600,0.748,94696100,0.749,70131600,0.750,104357600,297,99999,0
sh513130,09:37:39,1769045861088,5777.71,0.8927,4.6304,0.745,0.7464,-0.1876,943200,703268,0.7456,0.745,108980400,0.744,97496300,0.743,45523900,0.742,25773900,0.741,32109900,0.746,67113700,0.747,96700600,0.748,94823200,0.749,70199700,0.750,104461600,264,99999,0
sh513130,09:37:43,1769045865086,5776.97,0.8927,3.5384,0.746,0.7464,-0.0536,1298400,968378,0.7458,0.745,108839000,0.744,97536300,0.743,45533900,0.742,25801300,0.741,32199900,0.746,66401800,0.747,97257700,0.748,94847100,0.749,70319100,0.750,104521600,279,99999,0
sh513130,09:37:45,1769045868099,5777.33,0.8927,3.3482,0.746,0.7457,0.0402,212900,158724,0.7455,0.745,92500700,0.744,109568100,0.743,72531200,0.742,25808300,0.741,33209900,0.746,66815600,0.747,97282800,0.748,95047100,0.749,70341100,0.750,104679500,1272,99999,0
sh513130,09:37:49,1769045871067,5777.08,0.8927,5.6553,0.745,0.7457,-0.0939,1913000,1426286,0.7456,0.745,94460000,0.744,104813200,0.743,74752500,0.742,25803900,0.741,33209900,0.746,60546600,0.747,97339300,0.748,95956600,0.749,73693700,0.750,104742900,189,99999,0
sh513130,09:37:45,1769045872059,5777.08,0.8927,5.9464,0.746,0.7457,0.0402,0,0,0.746,0.745,92500700,0.744,109568100,0.743,72531200,0.742,25808300,0.741,33209900,0.746,66815600,0.747,97282800,0.748,95047100,0.749,70341100,0.750,104679500,1181,99999,2
sh513130,09:37:51,1769045873069,5777.75,0.8927,5.4648,0.745,0.7457,-0.0939,626700,467458,0.7459,0.745,89676600,0.744,111363400,0.743,74849700,0.742,25803900,0.741,33373600,0.746,63201400,0.747,98275100,0.748,95967500,0.749,70341100,0.750,104772900,145,99999,0
sh513130,09:37:49,1769045875066,5777.17,0.8927,4.7087,0.745,0.7457,-0.0939,0,0,0.745,0.745,94460000,0.744,104813200,0.743,74752500,0.742,25803900,0.741,33209900,0.746,60546600,0.747,97339300,0.748,95956600,0.749,73693700,0.750,104742900,247,99999,2
sh513130,09:37:51,1769045876067,5777.17,0.8927,3.9227,0.745,0.7457,-0.0939,0,0,0.745,0.745,89676600,0.744,111363400,0.743,74849700,0.742,25803900,0.741,33373600,0.746,63201400,0.747,98275100,0.748,95967500,0.749,70341100,0.750,104772900,969,99999,0
sh513130,09:37:54,1769045877065,5777.4,0.8927,4.9787,0.745,0.7457,-0.0939,961700,716682,0.7452,0.745,89655000,0.744,112190500,0.743,74901000,0.742,25816900,0.741,33413600,0.746,63680000,0.747,98242700,0.748,94985800,0.749,70381100,0.750,104741600,235,99999,0
sh513130,09:37:57,1769045881062,5776.14,0.8927,1.8859,0.746,0.7457,0.0402,435800,324736,0.7451,0.745,80067400,0.744,112982600,0.743,74901000,0.742,25887400,0.741,33457100,0.746,64247900,0.747,98449100,0.748,94858100,0.749,70604100,0.750,104766400,247,99999,0
sh513130,09:38:00,1769045883055,5775.62,0.8927,1.3916,0.745,0.7457,-0.0939,106400,79336,0.7456,0.745,46894100,0.744,114393900,0.743,75903000,0.742,25887400,0.741,33467100,0.746,65200500,0.747,93400700,0.748,88174200,0.749,70604500,0.750,105606400,226,99999,0
sh513130,09:38:04,1769045887026,5775.2,0.8927,1.881,0.745,0.7457,-0.0939,1023500,762702,0.7452,0.745,88769700,0.744,116249300,0.743,75953000,0.742,30887300,0.741,33467100,0.746,66868000,0.747,93438200,0.748,84861700,0.749,70606500,0.750,105639700,189,99999,0
sh513130,09:38:06,1769045890038,5775.2,0.8927,1.1944,0.745,0.7457,-0.0939,2144500,1597735,0.745,0.745,42413700,0.744,116259300,0.743,76894300,0.742,30894400,0.741,33467100,0.746,67333000,0.747,93268500,0.748,84805200,0.749,70614500,0.750,105659700,1223,99999,0
sh513130,09:38:09,1769045892023,5775.35,0.8927,2.1687,0.745,0.7457,-0.0939,233900,174316,0.7453,0.745,43784300,0.744,116325400,0.743,77803300,0.742,30908800,0.741,33472700,0.746,68536000,0.747,93613800,0.748,84805300,0.749,70654500,0.750,106707200,1196,99999,0
sh513130,09:38:12,1769045894017,5775.15,0.8927,2.1072,0.745,0.7456,-0.0805,565400,421335,0.7452,0.745,75034200,0.744,116337100,0.743,79624100,0.742,30997500,0.741,33472700,0.746,68824600,0.747,93369400,0.748,84798400,0.749,70554500,0.750,106712200,1199,99999,0
sh513130,09:38:15,1769045898016,5775.93,0.8927,1.1464,0.746,0.7456,0.0536,335900,250344,0.7453,0.745,87201500,0.744,116307100,0.743,80111400,0.742,31150200,0.741,33474200,0.746,69825600,0.747,93369400,0.748,84838500,0.749,70554500,0.750,106766300,1116,99999,0
sh513130,09:38:18,1769045901025,5774.91,0.8927,1.0649,0.745,0.7456,-0.0805,561700,418526,0.7451,0.745,63024000,0.744,116352100,0.743,80979600,0.742,26143100,0.741,33474200,0.746,70747800,0.747,93370600,0.748,84838500,0.749,70574500,0.750,107776300,227,99999,0
sh513130,09:38:21,1769045904031,5774.03,0.8927,5.6061,0.745,0.7456,-0.0805,279000,208004,0.7455,0.745,43712200,0.744,116313400,0.743,81820900,0.742,26156600,0.741,33524200,0.746,71120400,0.747,93367900,0.748,84783300,0.749,70324500,0.750,107809700,597,99999,0
sh513130,09:38:25,1769045907026,5773.33,0.8927,4.3995,0.745,0.7456,-0.0805,35196200,26221209,0.745,0.744,112624600,0.743,83717500,0.742,31373500,0.741,33565300,0.740,29807400,0.745,6316100,0.746,73341200,0.747,92000600,0.748,84999700,0.749,70322400,215,99999,0
sh513130,09:38:27,1769045910043,5773.05,0.8927,3.68,0.745,0.7457,-0.0939,2956300,2202431,0.745,0.744,114885200,0.743,84547400,0.742,31373500,0.741,33565300,0.740,29907400,0.745,713500,0.746,73105700,0.747,91904600,0.748,85053100,0.749,70615700,101,99999,0
sh513130,09:38:30,1769045913043,5774.04,0.8927,3.6844,0.745,0.7457,-0.0939,1040700,775372,0.745,0.745,61733100,0.744,115229200,0.743,85400100,0.742,31373500,0.741,32569200,0.746,72360700,0.747,92903200,0.748,84914900,0.749,70583100,0.750,104764600,237,99999,0
sh513130,09:38:33,1769045915042,5773.89,0.8927,4.9652,0.745,0.7457,-0.0939,2310600,1721488,0.745,0.745,4257200,0.744,115369600,0.743,86249400,0.742,31376500,0.741,32571700,0.746,75615900,0.747,92417700,0.748,84496800,0.749,70614000,0.750,104892900,45,99999,0
sh513130,09:38:37,1769045919029,5774.52,0.8927,3.2303,0.745,0.7457,-0.0939,4628000,3448975,0.7452,0.745,3402100,0.744,114983000,0.743,86110700,0.742,31376500,0.741,32671700,0.746,75354600,0.747,92894200,0.748,84596800,0.749,70714000,0.750,104934700,238,99999,0
sh513130,09:38:39,1769045922033,5772.9,0.8927,1.3393,0.745,0.7457,-0.0939,865400,644766,0.745,0.745,15787300,0.744,115960300,0.743,86952000,0.742,34396500,0.741,32671700,0.746,79718700,0.747,92538400,0.748,85633100,0.749,70704000,0.750,105002700,1168,99999,0
sh513130,09:38:42,1769045925033,5772.71,0.8927,1.3476,0.746,0.7457,0.0402,1436600,1071136,0.7456,0.745,9942500,0.744,116105000,0.743,87002000,0.742,34496000,0.741,32674700,0.746,80414500,0.747,93047600,0.748,85664700,0.749,70775500,0.750,104788200,244,99999,0
sh513130,09:38:45,1769045929027,5772.95,0.8927,2.5395,0.745,0.7457,-0.0939,209000,155743,0.7452,0.745,11441300,0.744,116215100,0.743,87002000,0.742,34506000,0.741,32664700,0.746,82685800,0.747,93282600,0.748,85659300,0.749,70775500,0.750,104910200,226,99999,0
sh513130,09:38:48,1769045931027,5773.23,0.8927,6.0232,0.745,0.7457,-0.0939,8947500,6665320,0.7449,0.744,115035000,0.743,88004700,0.742,34507300,0.741,32664700,0.740,30751800,0.745,32826000,0.746,83343000,0.747,92289600,0.748,85659300,0.749,68761900,194,99999,0
sh513130,09:38:52,1769045935029,5771.36,0.8927,5.4664,0.745,0.7457,-0.0939,154800,115325,0.745,0.744,115056100,0.743,88504700,0.742,34510300,0.741,38680300,0.740,30600200,0.745,19317000,0.746,86266300,0.747,92451800,0.748,85625700,0.749,69033500,222,99999,0
sh513130,09:38:55,1769045938039,5771.66,0.8927,4.3643,0.745,0.7457,-0.0939,591100,440184,0.7447,0.744,115005300,0.743,88484700,0.742,34510300,0.741,38680500,0.740,30600200,0.745,49160700,0.746,83122900,0.747,91734200,0.748,77464400,0.749,69071000,1242,99999,0
sh513130,09:38:57,1769045940042,5770.24,0.8927,3.1504,0.745,0.7457,-0.0939,302600,225326,0.7446,0.744,114911400,0.743,88711100,0.742,34513300,0.741,38680500,0.740,30717400,0.745,62922500,0.746,76904000,0.747,91724200,0.748,73464400,0.749,69091000,1221,99999,0
sh513130,09:39:00,1769045945039,5768.49,0.8927,3.6078,0.744,0.745,-0.1342,296100,220572,0.7449,0.744,114888200,0.743,89002100,0.742,34513300,0.741,38680500,0.740,30727900,0.745,63028000,0.746,76526700,0.747,91754500,0.748,73484400,0.749,69091000,85,99999,0
sh513130,09:39:03,1769045946046,5768.49,0.8927,4.7045,0.745,0.745,0.0,635400,472913,0.7443,0.744,46495900,0.743,107443200,0.742,66512300,0.741,38680500,0.740,30727900,0.745,66286600,0.746,76838600,0.747,91133200,0.748,61583500,0.749,68648100,1092,99999,0
sh513130,09:39:00,1769045947043,5768.93,0.8927,4.6288,0.744,0.745,-0.1342,0,0,0.744,0.744,114888200,0.743,89002100,0.742,34513300,0.741,38680500,0.740,30727900,0.745,63028000,0.746,76526700,0.747,91754500,0.748,73484400,0.749,69091000,236,99999,2
sh513130,09:39:03,1769045948041,5768.93,0.8927,5.19,0.745,0.745,0.0,0,0,0.745,0.744,46495900,0.743,107443200,0.742,66512300,0.741,38680500,0.740,30727900,0.745,66286600,0.746,76838600,0.747,91133200,0.748,61583500,0.749,68648100,910,99999,0
sh513130,09:39:06,1769045949047,5767.75,0.8927,5.1869,0.744,0.745,-0.1342,786700,585491,0.7442,0.744,46650000,0.743,108304500,0.742,66522000,0.741,38681000,0.740,30749400,0.745,67302100,0.746,74722700,0.747,91182200,0.748,61776500,0.749,68627700,247,99999,0
sh513130,09:39:03,1769045950054,5767.75,0.8927,4.761,0.745,0.745,0.0,0,0,0.745,0.744,46495900,0.743,107443200,0.742,66512300,0.741,38680500,0.740,30727900,0.745,66286600,0.746,76838600,0.747,91133200,0.748,61583500,0.749,68648100,751,99999,2
sh513130,09:39:06,1769045951050,5766.26,0.8927,4.4893,0.744,0.745,-0.1342,0,0,0.744,0.744,46650000,0.743,108304500,0.742,66522000,0.741,38681000,0.740,30749400,0.745,67302100,0.746,74722700,0.747,91182200,0.748,61776500,0.749,68627700,206,99999,0
sh513130,09:39:09,1769045953040,5765.94,0.8927,4.7656,0.745,0.745,0.0,1185500,882048,0.744,0.744,34948300,0.743,109219400,0.742,66512000,0.741,39681000,0.740,30769800,0.745,66776400,0.746,74494400,0.747,90280700,0.748,61579900,0.749,68607700,236,99999,0
sh513130,09:39:12,1769045955048,5765.42,0.8927,3.8823,0.745,0.745,0.0,3730400,2775592,0.744,0.744,40805600,0.743,111570700,0.742,66512000,0.741,41691000,0.740,30866800,0.745,67919300,0.746,74514200,0.747,90517900,0.748,60589900,0.749,68656300,239,99999,0
sh513130,09:39:15,1769045958047,5765.41,0.8927,6.1302,0.744,0.7444,-0.0537,65300,48607,0.7444,0.744,94027300,0.743,106013000,0.742,66522000,0.741,38701000,0.740,30890300,0.745,69177700,0.746,74075000,0.747,90500500,0.748,60726100,0.749,68244300,34,99999,0
sh513130,09:39:18,1769045961049,5766.96,0.8927,5.329,0.744,0.7444,-0.0537,220900,164469,0.7445,0.744,96681400,0.743,107270000,0.742,66644200,0.741,38708600,0.740,31063900,0.745,72562800,0.746,73475900,0.747,81240900,0.748,61228600,0.749,68342700,237,99999,0
sh513130,09:39:21,1769045964042,5766.72,0.8927,6.0372,0.744,0.745,-0.1342,743100,552870,0.744,0.744,92006800,0.743,113647500,0.742,66644200,0.741,38722100,0.740,31051200,0.745,74180900,0.746,73325600,0.747,81377000,0.748,63297400,0.749,68342300,1208,99999,0
sh513130,09:39:18,1769045965040,5767.11,0.8927,5.3258,0.744,0.7444,-0.0537,0,0,0.744,0.744,96681400,0.743,107270000,0.742,66644200,0.741,38708600,0.740,31063900,0.745,72562800,0.746,73475900,0.747,81240900,0.748,61228600,0.749,68342700,244,99999,2
sh513130,09:39:21,1769045966038,5767.11,0.8927,5.2509,0.744,0.745,-0.1342,0,0,0.744,0.744,92006800,0.743,113647500,0.742,66644200,0.741,38722100,0.740,31051200,0.745,74180900,0.746,73325600,0.747,81377000,0.748,63297400,0.749,68342300,1242,99999,0
sh513130,09:39:24,1769045968038,5767.44,0.8927,2.9407,0.744,0.745,-0.1342,1236400,920929,0.7448,0.744,99561100,0.743,108017600,0.742,67472800,0.741,38722100,0.740,31085500,0.745,74913600,0.746,72873900,0.747,81394000,0.748,64387400,0.749,68353700,1234,99999,0
sh513130,09:39:28,1769045970034,5767.93,0.8927,2.7341,0.744,0.745,-0.1342,1165800,867375,0.744,0.744,98623900,0.743,108018900,0.742,68332400,0.741,38789000,0.740,31105000,0.745,73917600,0.746,71953200,0.747,81486500,0.748,64343400,0.749,68408200,1090,99999,0
sh513130,09:39:30,1769045973047,5768.04,0.8927,5.1942,0.744,0.745,-0.1342,512300,381156,0.744,0.744,100291400,0.743,103136100,0.742,66647300,0.741,38855500,0.740,31114000,0.745,68711000,0.746,76941200,0.747,81474000,0.748,64323200,0.749,68408200,213,99999,0
sh513130,09:39:33,1769045976039,5769.25,0.8927,3.8692,0.744,0.745,-0.1342,1864400,1388124,0.7445,0.744,101296700,0.743,103200100,0.742,66697300,0.741,38894600,0.740,31167900,0.745,75463000,0.746,72628000,0.747,81480400,0.748,64359600,0.749,68591700,567,99999,0
sh513130,09:39:36,1769045980036,5769.75,0.8927,-0.5004,0.744,0.745,-0.1342,730100,543202,0.744,0.744,102627100,0.743,103653500,0.742,65722900,0.741,38901800,0.740,31154400,0.745,67641100,0.746,78867700,0.747,81480400,0.748,64527100,0.749,68608700,206,99999,0
sh513130,09:39:39,1769045982036,5769.92,0.8927,1.6926,0.744,0.745,-0.1342,1406300,1046813,0.7444,0.744,101696300,0.743,103602100,0.742,66705900,0.741,38865800,0.740,31209400,0.745,67465100,0.746,74295600,0.747,81556800,0.748,64470300,0.749,68632200,15,99999,0
sh513130,09:39:42,1769045985030,5769.04,0.8927,4.1951,0.744,0.745,-0.1342,392100,291749,0.7441,0.744,102996300,0.743,103608900,0.742,65716900,0.741,38880800,0.740,31236400,0.745,71774900,0.746,75175600,0.747,81617800,0.748,66863700,0.749,68685700,236,99999,0
sh513130,09:39:39,1769045986029,5769.04,0.8927,2.4212,0.744,0.745,-0.1342,0,0,0.744,0.744,101696300,0.743,103602100,0.742,66705900,0.741,38865800,0.740,31209400,0.745,67465100,0.746,74295600,0.747,81556800,0.748,64470300,0.749,68632200,1236,99999,2
sh513130,09:39:42,1769045987029,5769.53,0.8927,2.4205,0.744,0.745,-0.1342,0,0,0.744,0.744,102996300,0.743,103608900,0.742,65716900,0.741,38880800,0.740,31236400,0.745,71774900,0.746,75175600,0.747,81617800,0.748,66863700,0.749,68685700,169,99999,0
sh513130,09:39:45,1769045988029,5769.53,0.8927,1.9669,0.744,0.7457,-0.228,1846400,1374303,0.7443,0.744,103276200,0.743,103781100,0.742,66706900,0.741,38882800,0.740,31408900,0.745,74090200,0.746,75031500,0.747,81971700,0.748,63890600,0.749,68776500,1170,99999,0
sh513130,09:39:48,1769045990036,5770.03,0.8927,2.8154,0.744,0.7457,-0.228,219000,162986,0.7442,0.744,105115500,0.743,103967500,0.742,65717900,0.741,38980500,0.740,31099500,0.745,69293900,0.746,81379600,0.747,82182400,0.748,63920700,0.749,68938500,1208,99999,0
sh513130,09:39:51,1769045995015,5769.06,0.8927,3.449,0.744,0.745,-0.1342,637700,474506,0.7441,0.744,104511900,0.743,104102500,0.742,65745000,0.741,38984500,0.740,31123500,0.745,74429700,0.746,77609100,0.747,82218600,0.748,63926700,0.749,68943700,211,99999,0
sh513130,09:39:54,1769045997011,5769.42,0.8927,4.1141,0.745,0.745,0.0,499300,371500,0.744,0.744,105253900,0.743,104158200,0.742,66730000,0.741,38987500,0.740,31134000,0.745,75655100,0.746,77697000,0.747,82417200,0.748,64194200,0.749,69034300,207,99999,0
sh513130,09:39:57,1769046000019,5769.38,0.8927,4.2345,0.744,0.745,-0.1342,114800,85433,0.7442,0.744,105299700,0.743,104243300,0.742,66760000,0.741,39013500,0.740,31134000,0.745,76608300,0.746,79047100,0.747,82489900,0.748,64194600,0.749,68984400,590,99999,0
sh513130,09:40:00,1769046005007,5768.43,0.8927,6.6343,0.744,0.745,-0.1342,189200,140900,0.7447,0.744,106357100,0.743,104296900,0.742,66747600,0.741,39045500,0.740,31157400,0.745,77592500,0.746,78793100,0.747,82519900,0.748,64170700,0.749,69022600,177,99999,0
sh513130,09:40:03,1769046005997,5768.43,0.8927,5.3162,0.745,0.745,0.0,199500,148468,0.7442,0.744,66132500,0.743,109926900,0.742,66757600,0.741,39045500,0.740,31157400,0.745,77816200,0.746,74716800,0.747,82519900,0.748,64249700,0.749,69035600,1168,99999,0
sh513130,09:40:06,1769046009996,5766.18,0.8927,4.5659,0.744,0.745,-0.1342,655500,487870,0.7443,0.744,45046900,0.743,109960000,0.742,66757600,0.741,39045500,0.740,31240200,0.745,78940600,0.746,74692700,0.747,82553800,0.748,64639700,0.749,69006600,1173,99999,0
sh513130,09:40:09,1769046010998,5765.58,0.8927,3.3453,0.744,0.745,-0.1342,120000,89305,0.7442,0.744,27870700,0.743,110801300,0.742,66757600,0.741,47060500,0.740,31246600,0.745,79510400,0.746,74544700,0.747,82381900,0.748,64510600,0.749,68493100,182,99999,0
sh513130,09:40:06,1769046012001,5765.58,0.8927,2.9948,0.744,0.745,-0.1342,0,0,0.744,0.744,45046900,0.743,109960000,0.742,66757600,0.741,39045500,0.740,31240200,0.745,78940600,0.746,74692700,0.747,82553800,0.748,64639700,0.749,69006600,1187,99999,2
sh513130,09:40:09,1769046013006,5764.06,0.8927,1.4861,0.744,0.745,-0.1342,0,0,0.744,0.744,27870700,0.743,110801300,0.742,66757600,0.741,47060500,0.740,31246600,0.745,79510400,0.746,74544700,0.747,82381900,0.748,64510600,0.749,68493100,189,99999,0
sh513130,09:40:12,1769046014992,5765.05,0.8927,2.286,0.744,0.745,-0.1342,27428600,20406921,0.744,0.743,114123200,0.742,67821100,0.741,47284000,0.740,31269600,0.739,20810000,0.744,11905600,0.745,81163500,0.746,69607200,0.747,74527700,0.748,65404400,175,99999,0
sh513130,09:40:16,1769046018995,5766.85,0.8927,2.0366,0.744,0.7444,-0.0537,5773000,4295132,0.744,0.744,47196500,0.743,118389900,0.742,68529300,0.741,44884000,0.740,31962400,0.745,79929400,0.746,72427000,0.747,75127700,0.748,66047400,0.749,69224900,172,99999,0
sh513130,09:40:18,1769046021999,5767.23,0.8927,1.9995,0.744,0.7444,-0.0537,376900,280449,0.7441,0.744,79885400,0.743,113616900,0.742,68434800,0.741,40212200,0.740,32081500,0.745,79470300,0.746,72183800,0.747,75041400,0.748,65997400,0.749,69115100,741,99999,0
sh513130,09:40:22,1769046024994,5767.73,0.8927,1.7213,0.745,0.7444,0.0806,2786500,2074168,0.7444,0.744,81605200,0.743,113603400,0.742,68458200,0.741,40330300,0.740,32084700,0.745,80505800,0.746,71093500,0.747,75051400,0.748,66041600,0.749,69165100,186,99999,0
sh513130,09:40:24,1769046027982,5768.34,0.8927,2.0705,0.745,0.7444,0.0806,2509400,1867056,0.744,0.744,81403900,0.743,109402100,0.742,67368400,0.741,40330300,0.740,32112100,0.745,79398000,0.746,71502200,0.747,74783100,0.748,66051600,0.749,69181900,179,99999,0
sh513130,09:40:27,1769046030993,5768.21,0.8927,1.7452,0.745,0.745,0.0,194900,145163,0.7448,0.744,82525200,0.743,109721600,0.742,67469600,0.741,40330300,0.740,32372900,0.745,80437400,0.746,71551200,0.747,74803100,0.748,65658500,0.749,69059300,158,99999,0
sh513130,09:40:31,1769046031998,5768.21,0.8927,1.6745,0.744,0.745,-0.1342,2704900,2012885,0.7442,0.744,80628800,0.743,109791700,0.742,67249600,0.741,40228400,0.740,32407200,0.745,81131900,0.746,71869200,0.747,74773100,0.748,65959000,0.749,69079300,1163,99999,0
sh513130,09:40:33,1769046035993,5766.0,0.8927,1.1781,0.745,0.745,0.0,306300,228094,0.7447,0.744,79452400,0.743,110101700,0.742,67691400,0.741,40316800,0.740,32417200,0.745,82061900,0.746,73797400,0.747,75286500,0.748,65959000,0.749,69129300,1182,99999,0
sh513130,09:40:36,1769046039005,5766.78,0.8927,4.2988,0.745,0.745,0.0,242400,180560,0.7449,0.744,15845300,0.743,116556400,0.742,67775600,0.741,41316800,0.740,32557900,0.745,84725200,0.746,73231200,0.747,75327900,0.748,65914200,0.749,69169300,182,99999,0
sh513130,09:40:40,1769046041995,5766.56,0.8927,4.6356,0.744,0.745,-0.1342,2624200,1952694,0.7441,0.744,18381700,0.743,117451700,0.742,67775600,0.741,40451800,0.740,32560200,0.745,85408900,0.746,73264100,0.747,75301100,0.748,66085200,0.749,69069200,1144,99999,0
sh513130,09:40:42,1769046045979,5766.21,0.8927,4.0317,0.745,0.745,0.0,1429900,1064948,0.7448,0.744,43254400,0.743,116654600,0.742,67890600,0.741,40531800,0.740,32557700,0.745,85781400,0.746,73371500,0.747,75301100,0.748,66135200,0.749,69062200,765,99999,0
sh513130,09:40:46,1769046047984,5766.19,0.8927,5.0194,0.744,0.745,-0.1342,151600,112877,0.7446,0.744,60848900,0.743,117806800,0.742,68091900,0.741,40536000,0.740,32547700,0.745,85497900,0.746,73766800,0.747,75391100,0.748,66123200,0.749,68379400,590,99999,0
sh513130,09:40:48,1769046051991,5766.6,0.8927,2.8378,0.744,0.745,-0.1342,1328000,988071,0.744,0.744,78031200,0.743,113610400,0.742,68311900,0.741,40536000,0.740,32355000,0.745,86416300,0.746,73153500,0.747,75691100,0.748,66025200,0.749,68461800,191,99999,0
sh513130,09:40:51,1769046053983,5766.83,0.8927,4.334,0.745,0.745,0.0,68900,51264,0.744,0.744,73266800,0.743,120008300,0.742,68442900,0.741,40564900,0.740,32205200,0.745,87795400,0.746,73012900,0.747,75839900,0.748,66025200,0.749,68561800,1175,99999,0
sh513130,09:40:54,1769046057971,5766.54,0.8927,5.363,0.745,0.745,0.0,185500,138027,0.7441,0.744,79240500,0.743,114847300,0.742,69285300,0.741,40582000,0.740,32254900,0.745,88690900,0.746,73264500,0.747,75734900,0.748,66305900,0.749,67651800,1161,99999,0
sh513130,09:40:57,1769046059967,5767.39,0.8927,4.027,0.745,0.745,0.0,938100,698877,0.745,0.744,76252600,0.743,114858600,0.742,70395100,0.741,40582000,0.740,32254900,0.745,89717700,0.746,73414600,0.747,75734900,0.748,66305900,0.749,67651800,1172,99999,0
sh513130,09:41:00,1769046063952,5765.68,0.8927,4.2708,0.745,0.745,0.0,223600,166488,0.7446,0.744,51699400,0.743,120522000,0.742,72237500,0.741,41611700,0.740,44211300,0.745,89919400,0.746,73451900,0.747,75745400,0.748,66425900,0.749,67809300,393,99999,0
sh513130,09:41:03,1769046065958,5765.89,0.8927,5.0002,0.745,0.745,0.0,675600,503322,0.745,0.744,31195800,0.743,120525700,0.742,73079900,0.741,40611700,0.740,44163000,0.745,89402200,0.746,73504300,0.747,75862200,0.748,66421000,0.749,67886800,1046,99999,0
sh513130,09:41:06,1769046069943,5764.68,0.8927,3.7707,0.744,0.745,-0.1342,10213200,7598730,0.744,0.744,2741000,0.743,120532600,0.742,74241900,0.741,42546400,0.740,44282700,0.745,89594500,0.746,74075500,0.747,75862200,0.748,66421000,0.749,67946800,687,99999,0
sh513130,09:41:09,1769046071945,5763.81,0.8927,2.4133,0.744,0.745,-0.1342,3055900,2273590,0.744,0.743,121504100,0.742,76098800,0.741,48046400,0.740,44292500,0.739,22811200,0.744,66721900,0.745,84096000,0.746,72484900,0.747,67111500,0.748,66421000,520,99999,0
sh513130,09:41:12,1769046075944,5763.32,0.8927,3.0179,0.744,0.7444,-0.0537,144800,107731,0.744,0.743,121524300,0.742,76961600,0.741,48046400,0.740,50248500,0.739,22811300,0.744,60092000,0.745,82481700,0.746,72501900,0.747,69811500,0.748,66431000,159,99999,0
sh513130,09:41:16,1769046078945,5758.27,0.8927,3.9423,0.744,0.7443,-0.0403,444300,330393,0.7436,0.743,90162300,0.742,83504000,0.741,61035900,0.740,50484900,0.739,22811300,0.744,71978900,0.745,82067900,0.746,71689300,0.747,62752600,0.748,66437000,124,99999,0
sh513130,09:41:18,1769046080958,5758.78,0.8927,5.6825,0.744,0.7443,-0.0403,1162400,864692,0.7439,0.743,53864400,0.742,95502800,0.741,80054000,0.740,51684900,0.739,22811300,0.744,72262900,0.745,80357800,0.746,62556100,0.747,50553800,0.748,66437000,160,99999,0
sh513130,09:41:21,1769046083961,5758.64,0.8927,4.4817,0.744,0.7437,0.0403,615100,457421,0.7437,0.743,44745000,0.742,96551000,0.741,79982700,0.740,53653900,0.739,22811300,0.744,72752800,0.745,79000100,0.746,62556100,0.747,50563800,0.748,66469300,1152,99999,0
sh513130,09:41:24,1769046086953,5758.19,0.8927,4.1654,0.743,0.7437,-0.0941,215400,160095,0.7432,0.743,49875100,0.742,97393600,0.741,80013000,0.740,53654500,0.739,22811300,0.744,76496400,0.745,77665600,0.746,61807500,0.747,50563800,0.748,66463300,132,99999,0
sh513130,09:41:27,1769046089936,5756.62,0.8927,2.8649,0.743,0.7437,-0.0941,6313200,4690819,0.743,0.743,28756000,0.742,99847000,0.741,80295700,0.740,53714500,0.739,22849300,0.744,74916400,0.745,76316000,0.746,61448700,0.747,50573800,0.748,64238300,1058,99999,0
sh513130,09:41:30,1769046093943,5755.27,0.8927,4.302,0.743,0.7437,-0.0941,5168000,3839897,0.743,0.743,21932600,0.742,100656400,0.741,80317200,0.740,58772100,0.739,22861500,0.744,83113600,0.745,71813200,0.746,61448100,0.747,50590900,0.748,64239300,705,99999,0
sh513130,09:41:33,1769046095939,5754.76,0.8927,2.0714,0.743,0.7437,-0.0941,17987500,13364764,0.743,0.743,7478900,0.742,101526100,0.741,80439200,0.740,58942000,0.739,22984700,0.744,85905100,0.745,70827100,0.746,61684500,0.747,50603800,0.748,64232800,519,99999,0
sh513130,09:41:36,1769046098916,5754.95,0.8927,1.1625,0.743,0.7437,-0.0941,1790800,1330619,0.743,0.743,23268800,0.742,102828200,0.741,80439200,0.740,58924200,0.739,23126700,0.744,90499800,0.745,70284200,0.746,61037100,0.747,50657200,0.748,63476700,102,99999,0
sh513130,09:41:33,1769046099915,5754.95,0.8927,1.1366,0.743,0.7437,-0.0941,0,0,0.743,0.743,7478900,0.742,101526100,0.741,80439200,0.740,58942000,0.739,22984700,0.744,85905100,0.745,70827100,0.746,61684500,0.747,50603800,0.748,64232800,136,99999,2
sh513130,09:41:36,1769046100921,5755.87,0.8927,3.1365,0.743,0.7437,-0.0941,0,0,0.743,0.743,23268800,0.742,102828200,0.741,80439200,0.740,58924200,0.739,23126700,0.744,90499800,0.745,70284200,0.746,61037100,0.747,50657200,0.748,63476700,103,99999,0
sh513130,09:41:39,1769046102912,5755.51,0.8927,1.545,0.743,0.7437,-0.0941,688600,511681,0.7431,0.743,51729900,0.742,104718000,0.741,80520600,0.740,56174200,0.739,23126700,0.744,92463700,0.745,69422000,0.746,60859000,0.747,50627200,0.748,63466600,105,99999,0
sh513130,09:41:42,1769046105904,5755.96,0.8927,2.0283,0.743,0.7437,-0.0941,705300,524099,0.7431,0.743,27055500,0.742,105641500,0.741,80540800,0.740,59210700,0.739,23264700,0.744,93680600,0.745,69180100,0.746,60949800,0.747,50622200,0.748,63446600,1096,99999,0
sh513130,09:41:45,1769046107901,5757.24,0.8927,1.7637,0.743,0.7437,-0.0941,521300,387401,0.7431,0.743,27710300,0.742,106595000,0.741,80701300,0.740,59246800,0.739,23281100,0.744,95348500,0.745,69082300,0.746,60991800,0.747,50633700,0.748,63415100,1048,99999,0
sh513130,09:41:48,1769046110910,5756.14,0.8927,1.4769,0.743,0.7437,-0.0941,306000,227416,0.7432,0.743,28211700,0.742,107283800,0.741,80691300,0.740,59247800,0.739,23286100,0.744,97647100,0.745,68502900,0.746,60982000,0.747,50674800,0.748,63269300,96,99999,0
sh513130,09:41:51,1769046114919,5756.12,0.8927,2.3677,0.743,0.7437,-0.0941,400900,297920,0.7431,0.743,28410400,0.742,107289000,0.741,81396200,0.740,59267800,0.739,23286100,0.744,101757600,0.745,68501600,0.746,60982000,0.747,50736300,0.748,63171800,88,99999,0
sh513130,09:41:55,1769046116930,5756.5,0.8927,1.5582,0.743,0.7437,-0.0941,1091300,810849,0.743,0.743,80276600,0.742,101897600,0.741,82240700,0.740,56382600,0.739,23295100,0.744,104474900,0.745,68289800,0.746,61002000,0.747,50615700,0.748,62657300,66,99999,0
sh513130,09:41:58,1769046119937,5756.69,0.8927,3.7233,0.744,0.7437,0.0403,614900,456878,0.743,0.743,54558100,0.742,107988800,0.741,84343500,0.740,56443200,0.739,23295100,0.744,106270900,0.745,68364000,0.746,61025900,0.747,50110800,0.748,62660500,520,99999,0
sh513130,09:42:00,1769046123930,5755.67,0.8927,1.4234,0.743,0.743,0.0,177200,131759,0.7436,0.743,31389000,0.742,108209800,0.741,85214700,0.740,59544900,0.739,23295100,0.744,107712000,0.745,68214400,0.746,61002000,0.747,50111400,0.748,62775500,120,99999,0
sh513130,09:42:03,1769046126947,5753.88,0.8927,2.3333,0.743,0.743,0.0,7479700,5557599,0.743,0.743,18631100,0.742,108302200,0.741,86823800,0.740,59570600,0.739,23305100,0.744,109387500,0.745,68176400,0.746,61003700,0.747,48131400,0.748,62805900,124,99999,0
sh513130,09:42:06,1769046128961,5754.89,0.8927,4.6352,0.743,0.7437,-0.0941,16263500,12083780,0.743,0.742,112816400,0.741,88869700,0.740,59529500,0.739,23327100,0.738,21670800,0.743,16046300,0.744,102215600,0.745,63269000,0.746,52006600,0.747,48626400,126,99999,0
sh513130,09:42:09,1769046132961,5755.3,0.8927,4.5366,0.743,0.7437,-0.0941,14596600,10845384,0.743,0.743,52998600,0.742,112819100,0.741,89713200,0.740,59831700,0.739,23391500,0.744,102949800,0.745,64277300,0.746,57639700,0.747,48446400,0.748,57853300,414,99999,0
sh513130,09:42:12,1769046135975,5755.07,0.8927,2.9171,0.743,0.743,0.0,1055200,784013,0.743,0.743,36387900,0.742,113185100,0.741,90729500,0.740,59438000,0.739,23392500,0.744,101468800,0.745,64674500,0.746,57636300,0.747,48447900,0.748,57873300,1123,99999,0
sh513130,09:42:15,1769046136975,5754.44,0.8927,3.522,0.743,0.743,0.0,867300,644405,0.743,0.743,28744600,0.742,113285400,0.741,90579000,0.740,59473500,0.739,23519600,0.744,100778800,0.745,64938200,0.746,57750300,0.747,48434200,0.748,57506500,51,99999,0
sh513130,09:42:12,1769046137971,5754.44,0.8927,3.4888,0.743,0.743,0.0,0,0,0.743,0.743,36387900,0.742,113185100,0.741,90729500,0.740,59438000,0.739,23392500,0.744,101468800,0.745,64674500,0.746,57636300,0.747,48447900,0.748,57873300,1049,99999,2
sh513130,09:42:15,1769046138963,5754.76,0.8927,2.9085,0.743,0.743,0.0,0,0,0.743,0.743,28744600,0.742,113285400,0.741,90579000,0.740,59473500,0.739,23519600,0.744,100778800,0.745,64938200,0.746,57750300,0.747,48434200,0.748,57506500,134,99999,0
sh513130,09:42:18,1769046141964,5754.41,0.8927,5.1015,0.743,0.743,0.0,554400,412020,0.7432,0.743,25523700,0.742,113324300,0.741,91407500,0.740,59623100,0.739,23526600,0.744,102024800,0.745,63903200,0.746,57765800,0.747,48835200,0.748,57632000,690,99999,0
sh513130,09:42:21,1769046144958,5752.87,0.8927,2.6612,0.743,0.743,0.0,14770800,10974704,0.743,0.742,113521200,0.741,93253000,0.740,60078300,0.739,23529600,0.738,24433300,0.743,41439800,0.744,104712100,0.745,62844500,0.746,54747200,0.747,47788000,142,99999,0
sh513130,09:42:24,1769046147948,5753.05,0.8927,3.4702,0.743,0.743,0.0,2206800,1639629,0.743,0.742,97687100,0.741,94106500,0.740,61508400,0.739,23551600,0.738,24933100,0.743,56744100,0.744,98405200,0.745,63794700,0.746,49268100,0.747,48251100,164,99999,0
sh513130,09:42:27,1769046149948,5752.44,0.8927,2.6594,0.743,0.743,0.0,1408000,1046084,0.743,0.742,98014800,0.741,94956700,0.740,61551400,0.739,23565100,0.738,25261400,0.743,51529700,0.744,96731700,0.745,62953900,0.746,48938400,0.747,48264500,1148,99999,0
sh513130,09:42:30,1769046152937,5751.7,0.8927,2.6971,0.743,0.743,0.0,371300,275844,0.7429,0.742,99212500,0.741,94111600,0.740,61633000,0.739,23573700,0.738,25296200,0.743,44916300,0.744,100054400,0.745,62944100,0.746,48975500,0.747,48267500,98,99999,0
sh513130,09:42:34,1769046154943,5752.89,0.8927,2.606,0.742,0.743,-0.1346,538100,399609,0.7426,0.742,99905400,0.741,93915000,0.740,61385800,0.739,29557700,0.738,25296200,0.743,45361700,0.744,98148300,0.745,62876000,0.746,43018500,0.747,48265800,125,99999,0
sh513130,09:42:36,1769046158930,5752.37,0.8927,1.7509,0.743,0.743,0.0,366500,272262,0.7429,0.742,100083400,0.741,93979400,0.740,61907100,0.739,29627100,0.738,25354200,0.743,56271200,0.744,91067900,0.745,62647600,0.746,42907000,0.747,48359100,120,99999,0
sh513130,09:42:39,1769046161920,5751.15,0.8927,0.3788,0.742,0.743,-0.1346,1822800,1353738,0.7427,0.742,97819500,0.741,93979500,0.740,65621800,0.739,30185400,0.738,25790200,0.743,56610100,0.744,89043500,0.745,62609100,0.746,42847000,0.747,48332400,1092,99999,0
sh513130,09:42:42,1769046164915,5751.63,0.8927,1.6712,0.743,0.743,0.0,296700,220229,0.7423,0.742,98204200,0.741,94033400,0.740,65848900,0.739,30212400,0.738,26000700,0.743,59561700,0.744,87395300,0.745,62585000,0.746,42847000,0.747,48302400,115,99999,0
sh513130,09:42:45,1769046168919,5752.06,0.8927,5.5263,0.743,0.743,0.0,375200,278590,0.7425,0.742,98133300,0.741,94970900,0.740,65874200,0.739,30213400,0.738,26015700,0.743,57531500,0.744,87385300,0.745,62686000,0.746,45847000,0.747,48453800,86,99999,0
sh513130,09:42:48,1769046171929,5750.85,0.8927,6.0435,0.743,0.743,0.0,42600,31618,0.7422,0.742,98981700,0.741,96186400,0.740,65981500,0.739,30047200,0.738,26035700,0.743,63824300,0.744,86892100,0.745,62796000,0.746,42847000,0.747,48453800,179,99999,0
sh513130,09:42:52,1769046174918,5751.73,0.8927,4.4053,0.742,0.743,-0.1346,452900,336132,0.7422,0.742,99568700,0.741,98246200,0.740,66465400,0.739,30067200,0.738,26052200,0.743,67828600,0.744,86578700,0.745,63328600,0.746,42857400,0.747,48493800,100,99999,0
sh513130,09:42:55,1769046177900,5752.41,0.8927,4.022,0.742,0.743,-0.1346,695800,516386,0.7421,0.742,99173400,0.741,95736400,0.740,66692600,0.739,30172200,0.738,26280200,0.743,65791600,0.744,86150800,0.745,63372300,0.746,42852400,0.747,48493800,1081,99999,0
sh513130,09:42:57,1769046179903,5754.0,0.8927,3.5135,0.742,0.743,-0.1346,2292200,1703026,0.743,0.742,102327600,0.741,95891400,0.740,66673900,0.739,31480100,0.738,26283300,0.743,19089900,0.744,89062700,0.745,64149400,0.746,45852400,0.747,48493800,1092,99999,0
sh513130,09:43:00,1769046184899,5754.69,0.8927,2.3959,0.743,0.743,0.0,19112200,14200364,0.743,0.743,28095900,0.742,104111500,0.741,94981000,0.740,66841500,0.739,31480100,0.744,88995800,0.745,66494600,0.746,51255400,0.747,48493800,0.748,58521900,48,99999,0
sh513130,09:43:04,1769046186902,5755.35,0.8927,1.5303,0.743,0.743,0.0,314600,233747,0.743,0.743,26881900,0.742,104467700,0.741,95151800,0.740,66587000,0.739,31707300,0.744,89835100,0.745,66458100,0.746,51159400,0.747,48493800,0.748,58521900,95,99999,0
sh513130,09:43:06,1769046188900,5755.3,0.8927,1.9574,0.743,0.743,0.0,270300,200834,0.743,0.743,24714500,0.742,106208100,0.741,96713500,0.740,66586000,0.739,31610200,0.744,91964700,0.745,66408100,0.746,51659500,0.747,48493800,0.748,58521900,99,99999,0
sh513130,09:43:09,1769046191906,5755.35,0.8927,1.9179,0.743,0.743,0.0,3048400,2264961,0.743,0.742,107097700,0.741,97820200,0.740,68209000,0.739,31618200,0.738,26949900,0.743,41380900,0.744,95326000,0.745,65512700,0.746,48728500,0.747,48531800,523,99999,0
sh513130,09:43:06,1769046192901,5755.42,0.8927,2.0903,0.743,0.743,0.0,0,0,0.743,0.743,24714500,0.742,106208100,0.741,96713500,0.740,66586000,0.739,31610200,0.744,91964700,0.745,66408100,0.746,51659500,0.747,48493800,0.748,58521900,98,99999,2
sh513130,09:43:09,1769046193903,5755.42,0.8927,1.9233,0.743,0.743,0.0,0,0,0.743,0.742,107097700,0.741,97820200,0.740,68209000,0.739,31618200,0.738,26949900,0.743,41380900,0.744,95326000,0.745,65512700,0.746,48728500,0.747,48531800,317,99999,0
sh513130,09:43:12,1769046195913,5755.17,0.8927,2.6963,0.743,0.743,0.0,594600,441788,0.743,0.742,107439300,0.741,98190600,0.740,68625200,0.739,31621700,0.738,26949900,0.743,50888700,0.744,91566100,0.745,65560700,0.746,49278600,0.747,48531800,133,99999,0
sh513130,09:43:16,1769046198900,5752.24,0.8927,3.4497,0.743,0.743,0.0,734200,545380,0.7428,0.742,109606600,0.741,98262200,0.740,68689400,0.739,31671700,0.738,26679900,0.743,58500900,0.744,91466100,0.745,64475400,0.746,44121600,0.747,48531900,88,99999,0
sh513130,09:43:18,1769046202887,5752.01,0.8927,3.9863,0.742,0.743,-0.1346,1056200,783846,0.7421,0.742,109883700,0.741,97750300,0.740,68712800,0.739,31671700,0.738,26714900,0.743,61726000,0.744,91448100,0.745,64588800,0.746,44131600,0.747,48820100,96,99999,0
sh513130,09:43:21,1769046203888,5752.01,0.8927,3.5475,0.743,0.743,0.0,291400,216298,0.7423,0.742,110777800,0.741,97774800,0.740,68768200,0.739,31780800,0.738,26726000,0.743,62585800,0.744,91959100,0.745,64248800,0.746,45022800,0.747,48420400,870,99999,0
sh513130,09:43:24,1769046206879,5753.33,0.8927,2.855,0.742,0.743,-0.1346,665000,493881,0.7427,0.742,111998500,0.741,97878500,0.740,68837200,0.739,31838000,0.738,26748000,0.743,63877700,0.744,91956100,0.745,64391600,0.746,44972800,0.747,48420400,65,99999,0
sh513130,09:43:27,1769046210885,5752.69,0.8927,2.6384,0.743,0.743,0.0,217700,161734,0.7429,0.742,113071100,0.741,98302200,0.740,68846700,0.739,31840600,0.738,26739500,0.743,65764400,0.744,92125700,0.745,64394600,0.746,44982800,0.747,48420400,44,99999,0
sh513130,09:43:30,1769046213876,5752.7,0.8927,2.5542,0.742,0.743,-0.1346,780600,579978,0.743,0.742,115364500,0.741,98749500,0.740,68844900,0.739,31845600,0.738,26839800,0.743,65634200,0.744,92125700,0.745,64391400,0.746,44982800,0.747,48904500,651,99999,0
sh513130,09:43:33,1769046216874,5752.99,0.8927,2.9448,0.743,0.743,0.0,264800,196553,0.7423,0.742,117174800,0.741,98742100,0.740,68893000,0.739,31870700,0.738,26839800,0.743,55273100,0.744,91235700,0.745,65371400,0.746,44982800,0.747,48944500,48,99999,0
sh513130,09:43:36,1769046218888,5753.21,0.8927,1.399,0.743,0.743,0.0,410500,304883,0.7427,0.742,120832200,0.741,98752100,0.740,68960000,0.739,31970800,0.738,26880000,0.743,56388700,0.744,96844400,0.745,65388000,0.746,44982800,0.747,48697900,73,99999,0
sh513130,09:43:39,1769046221873,5753.43,0.8927,3.429,0.743,0.743,0.0,634500,471276,0.7428,0.742,120924800,0.741,98765100,0.740,68975000,0.739,32000800,0.738,26880000,0.743,64057500,0.744,92372800,0.745,64329800,0.746,44969200,0.747,49097900,1054,99999,0
sh513130,09:43:42,1769046224869,5754.36,0.8927,5.2914,0.743,0.743,0.0,56600,42053,0.743,0.742,123189500,0.741,99015100,0.740,69032800,0.739,32010800,0.738,27171200,0.743,26151500,0.744,96472800,0.745,65524800,0.746,44969200,0.747,49048100,13,99999,0
sh513130,09:43:45,1769046228916,5752.67,0.8927,4.2763,0.743,0.743,0.0,1048600,778857,0.7428,0.742,124206300,0.741,99117200,0.740,69625200,0.739,32036800,0.738,27173200,0.743,59993400,0.744,95490300,0.745,66500800,0.746,44919200,0.747,49048100,75,99999,0
sh513130,09:43:48,1769046231901,5753.35,0.8927,2.6262,0.743,0.743,0.0,728300,541112,0.743,0.742,125086300,0.741,99247100,0.740,69655400,0.739,32036800,0.738,27173200,0.743,66889300,0.744,89281900,0.745,66074000,0.746,44999700,0.747,49048100,1087,99999,0
sh513130,09:43:51,1769046233917,5753.11,0.8927,3.4484,0.742,0.743,-0.1346,354800,263610,0.743,0.742,125183300,0.741,99737100,0.740,69858400,0.739,31973800,0.738,27173200,0.743,67071200,0.744,89589300,0.745,66090000,0.746,45007700,0.747,49058100,1058,99999,0
sh513130,09:43:54,1769046236905,5752.24,0.8927,2.6141,0.743,0.743,0.0,134200,99711,0.743,0.742,125075200,0.741,99773200,0.740,70560100,0.739,32020400,0.738,27343200,0.743,61157900,0.744,95987600,0.745,66050500,0.746,45007700,0.747,49068100,101,99999,0
sh513130,09:43:58,1769046239916,5752.89,0.8927,1.8358,0.743,0.743,0.0,718100,533298,0.7427,0.742,125884500,0.741,99793400,0.740,70776300,0.739,32020400,0.738,27953600,0.743,60708200,0.744,94987600,0.745,66124100,0.746,44537700,0.747,49068100,540,99999,0
sh513130,09:44:00,1769046243911,5751.03,0.8927,1.2082,0.743,0.743,0.0,80400,59737,0.743,0.742,110117200,0.741,99703400,0.740,70850000,0.739,32020400,0.738,28008400,0.743,67244500,0.744,90387600,0.745,66126500,0.746,44487700,0.747,47432900,173,99999,0
sh513130,09:44:03,1769046246893,5749.24,0.8927,2.4547,0.743,0.743,0.0,155900,115688,0.7421,0.742,69516400,0.741,117362600,0.740,102856900,0.739,35020400,0.738,28008400,0.743,70878300,0.744,89751800,0.745,66226600,0.746,44487700,0.747,48432900,57,99999,0
sh513130,09:44:06,1769046248900,5748.99,0.8927,6.0556,0.743,0.743,0.0,454200,337468,0.743,0.742,83774500,0.741,118286100,0.740,102944800,0.739,35126400,0.738,28058500,0.743,74795100,0.744,89751800,0.745,66793900,0.746,44544500,0.747,48526900,96,99999,0
sh513130,09:44:09,1769046252883,5748.02,0.8927,4.0415,0.743,0.743,0.0,2205600,1636767,0.7421,0.742,48485000,0.741,119130600,0.740,103049600,0.739,39950100,0.738,28058500,0.743,76624700,0.744,89778400,0.745,65875500,0.746,42064400,0.747,48526900,71,99999,0
sh513130,09:44:12,1769046255876,5748.57,0.8927,3.2483,0.742,0.7423,-0.0404,345800,256809,0.7427,0.742,48260000,0.741,121024100,0.740,103079500,0.739,39953100,0.738,28058500,0.743,77825300,0.744,89778400,0.745,65895500,0.746,42264400,0.747,48526900,865,99999,0
sh513130,09:44:15,1769046258876,5748.94,0.8927,3.6223,0.742,0.7423,-0.0404,358000,265823,0.7425,0.742,100604700,0.741,121891600,0.740,103120600,0.739,35063100,0.738,28068500,0.743,77883700,0.744,89856000,0.745,65915500,0.746,42039700,0.747,48866900,64,99999,0
sh513130,09:44:18,1769046260865,5748.83,0.8927,4.797,0.743,0.7423,0.0943,467200,346676,0.742,0.742,54565700,0.741,123735100,0.740,103286800,0.739,34966000,0.738,28068500,0.743,79154100,0.744,90045300,0.745,65915000,0.746,42039700,0.747,48894000,63,99999,0
sh513130,09:44:21,1769046263858,5746.85,0.8927,2.3401,0.743,0.7423,0.0943,23400,17384,0.7429,0.742,52953200,0.741,124389100,0.740,103414900,0.739,40385400,0.738,28090500,0.743,80819600,0.744,90073400,0.745,65915600,0.746,42039700,0.747,48894000,427,99999,0
sh513130,09:44:24,1769046267823,5747.92,0.8927,1.8332,0.743,0.7423,0.0943,752900,558795,0.7422,0.742,53531000,0.741,124505800,0.740,104385600,0.739,42351000,0.738,28090500,0.743,80761400,0.744,90073400,0.745,67985700,0.746,41467500,0.747,48894000,51,99999,0
sh513130,09:44:27,1769046270808,5746.76,0.8927,2.1253,0.742,0.7423,-0.0404,2083800,1546231,0.742,0.742,49546100,0.741,125182800,0.740,105464900,0.739,42351000,0.738,28100500,0.743,81322300,0.744,90085400,0.745,68001400,0.746,41419500,0.747,48944000,7,99999,0
sh513130,09:44:31,1769046272801,5746.76,0.8927,2.0012,0.743,0.7423,0.0943,94600,70204,0.7421,0.742,54860700,0.741,125282800,0.740,106319600,0.739,41961000,0.738,28129000,0.743,81497300,0.744,90084700,0.745,68044900,0.746,41109500,0.747,48944000,669,99999,0
sh513130,09:44:27,1769046273792,5746.55,0.8927,1.9412,0.742,0.7423,-0.0404,0,0,0.742,0.742,49546100,0.741,125182800,0.740,105464900,0.739,42351000,0.738,28100500,0.743,81322300,0.744,90085400,0.745,68001400,0.746,41419500,0.747,48944000,954,99999,2
sh513130,09:44:31,1769046274786,5745.93,0.8927,1.9412,0.743,0.7423,0.0943,0,0,0.743,0.742,54860700,0.741,125282800,0.740,106319600,0.739,41961000,0.738,28129000,0.743,81497300,0.744,90084700,0.745,68044900,0.746,41109500,0.747,48944000,69,99999,0
sh513130,09:44:33,1769046275782,5745.93,0.8927,1.9478,0.743,0.7423,0.0943,3200,2377,0.7428,0.742,55022400,0.741,125445700,0.740,108039000,0.739,41977000,0.738,28129000,0.743,83127900,0.744,90084700,0.745,68026700,0.746,40995500,0.747,48944000,947,99999,0
sh513130,09:44:36,1769046279801,5746.51,0.8927,2.6168,0.743,0.7423,0.0943,12600,9360,0.7429,0.742,55741300,0.741,125507500,0.740,108134700,0.739,41998000,0.738,28107000,0.743,86260200,0.744,90274000,0.745,68482700,0.746,41010500,0.747,48966800,981,99999,0
sh513130,09:44:39,1769046282774,5746.91,0.8927,3.3737,0.743,0.7423,0.0943,260600,193495,0.7425,0.742,55330900,0.741,125781100,0.740,109063300,0.739,42095100,0.738,28272500,0.743,87006900,0.744,90284300,0.745,68385700,0.746,41119300,0.747,49059600,1942,99999,0
sh513130,09:44:42,1769046285760,5746.79,0.8927,6.1494,0.742,0.7424,-0.0539,443000,329086,0.7429,0.742,55289800,0.741,125741100,0.740,109942000,0.739,42095100,0.738,28293800,0.743,87105800,0.744,90289300,0.745,68385700,0.746,41193700,0.747,49269600,551,99999,0
sh513130,09:44:45,1769046288749,5746.94,0.8927,4.9584,0.743,0.7423,0.0943,193000,143336,0.7427,0.742,56246000,0.741,125993000,0.740,111637500,0.739,42105100,0.738,28294800,0.743,87018400,0.744,90292500,0.745,68325600,0.746,41213700,0.747,49269600,15,99999,0
sh513130,09:44:48,1769046290743,5746.01,0.8927,4.5231,0.742,0.7423,-0.0404,177900,132060,0.7423,0.742,56386000,0.741,126254200,0.740,113779900,0.739,42105200,0.738,28294800,0.743,86983200,0.744,90272500,0.745,67919900,0.746,41390400,0.747,48969200,17,99999,0
sh513130,09:44:51,1769046295729,5746.21,0.8927,1.7968,0.742,0.7423,-0.0404,1169200,867576,0.742,0.742,55326100,0.741,126220500,0.740,114734200,0.739,42116200,0.738,28352600,0.743,87400300,0.744,90272500,0.745,66931000,0.746,41433000,0.747,48969600,923,99999,0
sh513130,09:44:54,1769046297738,5745.57,0.8927,1.6898,0.743,0.7423,0.0943,80500,59754,0.7423,0.742,55874700,0.741,126222800,0.740,115486400,0.739,42116300,0.738,28366200,0.743,88338700,0.744,90272500,0.745,66931000,0.746,41433000,0.747,48997600,941,99999,0
sh513130,09:44:57,1769046300730,5746.38,0.8927,2.1706,0.743,0.7423,0.0943,1091400,810837,0.7429,0.742,56079900,0.741,126356500,0.740,115669400,0.739,42126300,0.738,28509700,0.743,88222800,0.744,90272500,0.745,67822200,0.746,41447100,0.747,49002600,17,99999,0
sh513130,09:45:00,1769046303728,5746.25,0.8927,1.461,0.743,0.7423,0.0943,561600,416784,0.7421,0.742,51509300,0.741,126496500,0.740,115744500,0.739,42529300,0.738,28548200,0.743,89251100,0.744,90242900,0.745,67967500,0.746,41447100,0.747,49278100,169,99999,0
sh513130,09:45:03,1769046306696,5746.33,0.8927,5.1806,0.742,0.7423,-0.0404,2238400,1660921,0.742,0.742,73780500,0.741,126527300,0.740,115584600,0.739,42199300,0.738,28553100,0.743,89258100,0.744,90257900,0.745,67867500,0.746,41448400,0.747,49228100,1813,99999,0
sh513130,09:45:06,1769046309703,5745.51,0.8927,3.5217,0.742,0.7423,-0.0404,388800,288748,0.7427,0.742,55369000,0.741,126725200,0.740,115584700,0.739,42250300,0.738,28556100,0.743,89916100,0.744,90173000,0.745,67872500,0.746,41498400,0.747,49242200,458,99999,0
sh513130,09:45:10,1769046312707,5745.51,0.8927,2.0912,0.742,0.7423,-0.0404,984700,730685,0.742,0.742,50314000,0.741,126728200,0.740,115607700,0.739,42260300,0.738,28560100,0.743,90837800,0.744,90176000,0.745,67835200,0.746,41498400,0.747,49242200,1289,99999,0
sh513130,09:45:12,1769046315699,5743.07,0.8927,2.6368,0.743,0.7423,0.0943,10867700,8063958,0.742,0.742,35006400,0.741,127285500,0.740,115737800,0.739,42777200,0.738,28560100,0.743,93371500,0.744,88263900,0.745,67963100,0.746,41242700,0.747,49315500,844,99999,0
sh513130,09:45:15,1769046317683,5742.56,0.8927,2.5731,0.742,0.7423,-0.0404,35092900,26038932,0.742,0.741,116296500,0.740,116741300,0.739,42909700,0.738,28583000,0.737,22029800,0.742,61383800,0.743,86561800,0.744,74766500,0.745,57309600,0.746,33239100,848,99999,0
sh513130,09:45:18,1769046321661,5742.97,0.8927,3.1214,0.742,0.7423,-0.0404,18476200,13709340,0.742,0.741,116357600,0.740,118335700,0.739,42909700,0.738,28583000,0.737,22029900,0.742,48082500,0.743,83311600,0.744,74772700,0.745,56709600,0.746,33238100,847,99999,0
sh513130,09:45:22,1769046324662,5743.35,0.8927,4.0174,0.742,0.7417,0.0404,18999200,14097352,0.742,0.742,2576100,0.741,117026600,0.740,117629700,0.739,42924700,0.738,28583000,0.743,88078800,0.744,74006800,0.745,51709600,0.746,33264100,0.747,37022000,87,99999,0
sh513130,09:45:25,1769046327653,5743.69,0.8927,3.0264,0.742,0.7417,0.0404,3287800,2439572,0.742,0.742,9500100,0.741,118982800,0.740,116672700,0.739,42524700,0.738,28653000,0.743,89261500,0.744,75997800,0.745,57064700,0.746,33269100,0.747,37642000,851,99999,0
sh513130,09:45:27,1769046329651,5743.16,0.8927,2.3064,0.742,0.7417,0.0404,7037900,5222122,0.742,0.741,116039700,0.740,118549200,0.739,42524700,0.738,28605000,0.737,22033900,0.742,36536300,0.743,92686900,0.744,76005200,0.745,57064700,0.746,33243900,710,99999,0
sh513130,09:45:30,1769046334638,5742.16,0.8927,2.6442,0.742,0.7417,0.0404,630500,467761,0.7419,0.741,120422000,0.740,123965300,0.739,47344700,0.738,28605000,0.737,22034400,0.742,36286000,0.743,92665500,0.744,75929500,0.745,56439800,0.746,33414900,1339,99999,0
sh513130,09:45:33,1769046335631,5741.98,0.8927,2.1263,0.742,0.7417,0.0404,777800,577089,0.742,0.741,119719100,0.740,126214000,0.739,47344700,0.738,28615000,0.737,22034400,0.742,38781200,0.743,91934800,0.744,75081000,0.745,56439800,0.746,33374900,146,99999,0
sh513130,09:45:36,1769046340602,5742.65,0.8927,3.105,0.741,0.7417,-0.0944,1599100,1185985,0.7417,0.741,119346500,0.740,112727700,0.739,47344700,0.738,28579000,0.737,22074400,0.742,35501700,0.743,92153500,0.744,77109300,0.745,56440600,0.746,33468100,742,99999,0
sh513130,09:45:39,1769046342607,5743.11,0.8927,3.9912,0.742,0.7417,0.0404,2660100,1973754,0.742,0.741,120722500,0.740,110966300,0.739,47355700,0.738,28967600,0.737,22398600,0.742,7917100,0.743,91193600,0.744,77119500,0.745,56508200,0.746,33694800,568,99999,0
sh513130,09:45:42,1769046344607,5743.45,0.8927,1.8958,0.743,0.7423,0.0943,9550600,7086392,0.742,0.742,10865000,0.741,121617000,0.740,110063100,0.739,47305700,0.738,28967600,0.743,89675900,0.744,78520000,0.745,56945100,0.746,33736800,0.747,38339300,385,99999,0
sh513130,09:45:45,1769046348587,5744.22,0.8927,1.9605,0.742,0.7417,0.0404,2246900,1667200,0.742,0.742,14341000,0.741,122665900,0.740,110336900,0.739,46925700,0.738,29084800,0.743,90706000,0.744,78518700,0.745,57143600,0.746,33783700,0.747,38641400,9,99999,0
sh513130,09:45:48,1769046351595,5745.74,0.8927,1.9659,0.742,0.7417,0.0404,416000,308673,0.742,0.742,61698500,0.741,122771100,0.740,110437100,0.739,47141100,0.738,29099800,0.743,92205400,0.744,78561700,0.745,57290100,0.746,33803700,0.747,38641400,777,99999,0
sh513130,09:45:51,1769046353591,5745.69,0.8927,1.4177,0.742,0.7417,0.0404,303600,225535,0.7429,0.742,21076200,0.741,123851700,0.740,109907700,0.739,42143100,0.738,29094800,0.743,93033800,0.744,78561700,0.745,57290100,0.746,33786200,0.747,38641400,654,99999,0
sh513130,09:45:54,1769046357584,5746.45,0.8927,1.4981,0.742,0.7417,0.0404,270900,201016,0.742,0.742,23117300,0.741,125354500,0.740,109098200,0.739,42364900,0.738,29354800,0.743,94787500,0.744,78899200,0.745,57176700,0.746,33286200,0.747,38641400,299,99999,0
sh513130,09:45:57,1769046360565,5746.99,0.8927,2.9049,0.742,0.7423,-0.0404,502500,372880,0.742,0.742,59680400,0.741,126578900,0.740,109097200,0.739,42396900,0.738,29458700,0.743,95753200,0.744,79448200,0.745,62238100,0.746,33386200,0.747,38590100,1081,99999,0
sh513130,09:46:00,1769046364558,5746.63,0.8927,5.8595,0.742,0.7423,-0.0404,148500,110249,0.7424,0.742,23953500,0.741,128333500,0.740,109099600,0.739,42896700,0.738,29495500,0.743,96383500,0.744,79548200,0.745,62391800,0.746,33386200,0.747,38590100,712,99999,0
sh513130,09:46:03,1769046365556,5749.2,0.8927,7.1124,0.742,0.7423,-0.0404,77500,57505,0.742,0.742,82187100,0.741,123909000,0.740,109735700,0.739,35695800,0.738,29518900,0.743,96704400,0.744,79814700,0.745,62398800,0.746,33786200,0.747,38640100,716,99999,0
sh513130,09:46:06,1769046369546,5748.5,0.8927,3.2794,0.742,0.7423,-0.0404,100800,74803,0.7421,0.742,88959500,0.741,124894600,0.740,109909300,0.739,35814000,0.738,29540000,0.743,95604400,0.744,80139400,0.745,63488800,0.746,33786200,0.747,39590200,729,99999,0
sh513130,09:46:10,1769046371545,5748.48,0.8927,2.7449,0.742,0.7423,-0.0404,682900,507284,0.7428,0.742,89376300,0.741,125965600,0.740,109939300,0.739,35814000,0.738,29540000,0.743,96316300,0.744,80255100,0.745,62628200,0.746,33786200,0.747,39724200,717,99999,0
sh513130,09:46:12,1769046374528,5747.93,0.8927,3.3209,0.742,0.7423,-0.0404,421800,313029,0.7421,0.742,48086100,0.741,126919900,0.740,110041100,0.739,43214000,0.738,29540000,0.743,97252400,0.744,80455100,0.745,62629600,0.746,33786200,0.747,38825000,1708,99999,0
sh513130,09:46:15,1769046378528,5748.79,0.8927,2.7872,0.742,0.7423,-0.0404,283300,210250,0.7421,0.742,53313900,0.741,133666500,0.740,110102100,0.739,43223900,0.738,29916300,0.743,97723300,0.744,80355100,0.745,62634600,0.746,33386200,0.747,38838500,1597,99999,0
sh513130,09:46:18,1769046380515,5747.74,0.8927,2.1634,0.742,0.7423,-0.0404,23401700,17364312,0.742,0.741,135650000,0.740,111199900,0.739,42723900,0.738,29996900,0.737,22444500,0.742,26940500,0.743,98850800,0.744,79560900,0.745,60646500,0.746,33386200,1398,99999,0
sh513130,09:46:21,1769046385513,5745.76,0.8927,4.6394,0.742,0.7423,-0.0404,886600,657847,0.742,0.741,136361800,0.740,111519300,0.739,48129900,0.738,30021200,0.737,22444500,0.742,59013300,0.743,97937700,0.744,79291900,0.745,57773800,0.746,33366200,706,99999,0
sh513130,09:46:24,1769046387509,5746.08,0.8927,4.4819,0.742,0.7423,-0.0404,1308700,970896,0.7419,0.741,137224300,0.740,111605200,0.739,48135100,0.738,36027200,0.737,22444500,0.742,64554700,0.743,89686900,0.744,79329500,0.745,57788600,0.746,33061900,689,99999,0
sh513130,09:46:27,1769046389512,5746.26,0.8927,4.0806,0.742,0.7417,0.0404,2845800,2111455,0.742,0.741,138002800,0.740,112103800,0.739,48145100,0.738,35987200,0.737,22444500,0.742,60833900,0.743,94256900,0.744,79241800,0.745,52769100,0.746,33061900,669,99999,0
sh513130,09:46:31,1769046394500,5744.41,0.8927,2.552,0.742,0.7417,0.0404,1792300,1328873,0.7414,0.741,138041300,0.740,112174700,0.739,48855900,0.738,37985000,0.737,22444500,0.742,61525300,0.743,95411200,0.744,79210200,0.745,45891600,0.746,33061900,141,99999,0
sh513130,09:46:33,1769046395496,5743.6,0.8927,3.2649,0.742,0.7417,0.0404,529100,392451,0.7417,0.741,122882200,0.740,111349900,0.739,49734100,0.738,38485000,0.737,22444500,0.742,68331300,0.743,89507700,0.744,79107900,0.745,43906600,0.746,33061900,689,99999,0
sh513130,09:46:36,1769046399492,5741.87,0.8927,1.8503,0.742,0.7417,0.0404,722300,535946,0.742,0.741,102944300,0.740,112456100,0.739,54732300,0.738,44865000,0.737,22454500,0.742,69801700,0.743,89042400,0.744,79664600,0.745,44125600,0.746,33068900,660,99999,0
sh513130,09:46:39,1769046401498,5740.2,0.8927,1.1976,0.741,0.7417,-0.0944,1309300,970500,0.7412,0.741,95711800,0.740,130091500,0.739,82440600,0.738,46120000,0.737,22454500,0.742,70557800,0.743,87910100,0.744,79684600,0.745,44140600,0.746,33118900,593,99999,0
sh513130,09:46:42,1769046404504,5740.53,0.8927,1.9116,0.741,0.7417,-0.0944,3047600,2259023,0.7412,0.741,54297300,0.740,131168500,0.739,82940700,0.738,46135000,0.737,22454500,0.742,72561600,0.743,88032300,0.744,77748100,0.745,44190600,0.746,33048700,1410,99999,0
sh513130,09:46:45,1769046408506,5739.09,0.8927,5.9247,0.741,0.741,0.0,102700,76151,0.7415,0.741,53620700,0.740,132722500,0.739,82940700,0.738,51233700,0.737,22463700,0.742,74822500,0.743,86518600,0.744,77847300,0.745,44190600,0.746,33050700,1055,99999,0
sh513130,09:46:48,1769046411496,5737.57,0.8927,3.5676,0.741,0.741,0.0,2492800,1848403,0.7415,0.741,51506100,0.740,133582500,0.739,82901500,0.738,51338300,0.737,22463700,0.742,76130800,0.743,85589600,0.744,78090200,0.745,44190600,0.746,33050700,686,99999,0
sh513130,09:46:51,1769046414502,5736.67,0.8927,4.1819,0.741,0.741,0.0,8847500,6556105,0.741,0.741,40114000,0.740,122816700,0.739,82872000,0.738,51338300,0.737,22664700,0.742,75126600,0.743,86583800,0.744,77841900,0.745,44094000,0.746,33050700,501,99999,0
sh513130,09:46:54,1769046417506,5735.24,0.8927,5.1173,0.741,0.741,0.0,41268800,30580195,0.741,0.740,124198900,0.739,83899900,0.738,51449200,0.737,23106800,0.736,21209300,0.741,71418000,0.742,63105700,0.743,71929100,0.744,44552700,0.745,38206600,707,99999,0
sh513130,09:46:57,1769046420506,5734.93,0.8927,6.0297,0.74,0.741,-0.135,1707100,1264919,0.741,0.740,124694500,0.739,86068100,0.738,51461700,0.737,22651300,0.736,21209400,0.741,44168800,0.742,68165000,0.743,79370200,0.744,39562700,0.745,38199600,1685,99999,0
sh513130,09:47:00,1769046423500,5735.63,0.8927,5.4196,0.741,0.7403,0.0946,912000,675492,0.7407,0.740,125024300,0.739,86858400,0.738,51707800,0.737,22415300,0.736,21243400,0.741,51645100,0.742,67565200,0.743,78292300,0.744,44554100,0.745,37520100,583,99999,0
sh513130,09:47:03,1769046427495,5735.31,0.8927,4.3864,0.741,0.7403,0.0946,1108300,820757,0.7406,0.740,124412000,0.739,87654200,0.738,51752400,0.737,22445500,0.736,21243400,0.741,73479500,0.742,62427100,0.743,77952600,0.744,44563800,0.745,37545500,377,99999,0
sh513130,09:47:06,1769046428504,5735.31,0.8927,4.3334,0.741,0.7403,0.0946,646800,479203,0.7409,0.740,124774500,0.739,88598000,0.738,51752400,0.737,22445500,0.736,21279400,0.741,81014100,0.742,63096800,0.743,78031300,0.744,39588600,0.745,37555500,1387,99999,0
sh513130,09:47:09,1769046431490,5735.49,0.8927,5.4261,0.741,0.7403,0.0946,769100,569762,0.7408,0.740,123838300,0.739,89448500,0.738,51813900,0.737,22440000,0.736,21349400,0.741,75666700,0.742,68811900,0.743,78045300,0.744,39591600,0.745,37659500,32,99999,0
sh513130,09:47:12,1769046434480,5736.4,0.8927,4.0483,0.74,0.7403,-0.0405,1866200,1382801,0.741,0.740,124305900,0.739,90544300,0.738,51826200,0.737,22440100,0.736,21369400,0.741,45813900,0.742,69289800,0.743,78422500,0.744,39588600,0.745,37693500,838,99999,0
sh513130,09:47:15,1769046438466,5735.97,0.8927,3.1653,0.741,0.7403,0.0946,2991200,2216474,0.741,0.740,124470800,0.739,91447100,0.738,52121700,0.737,22440100,0.736,21395700,0.741,41787000,0.742,70732200,0.743,79300900,0.744,44604400,0.745,37747100,444,99999,0
sh513130,09:47:19,1769046441447,5735.78,0.8927,2.0543,0.741,0.7403,0.0946,390300,289212,0.741,0.740,125223300,0.739,92414700,0.738,52191700,0.737,22446900,0.736,21395700,0.741,41947500,0.742,71385400,0.743,79124900,0.744,44604400,0.745,38057700,617,99999,0
sh513130,09:47:21,1769046444439,5736.46,0.8927,1.7604,0.741,0.7403,0.0946,4394800,3255433,0.7407,0.740,124360300,0.739,93682300,0.738,52250800,0.737,22446900,0.736,21410400,0.741,36118800,0.742,72691000,0.743,79099600,0.744,47604400,0.745,38239600,1633,99999,0
sh513130,09:47:24,1769046447423,5737.79,0.8927,2.4258,0.74,0.7403,-0.0405,655700,485738,0.7408,0.740,125429300,0.739,93815300,0.738,52332000,0.737,28635400,0.736,21350400,0.741,40078200,0.742,73717000,0.743,78763100,0.744,48606400,0.745,38249600,623,99999,0
sh513130,09:47:27,1769046449416,5738.54,0.8927,2.2197,0.741,0.7403,0.0946,1018400,754634,0.741,0.740,126940400,0.739,94368800,0.738,52341100,0.737,28685400,0.736,21350400,0.741,38279400,0.742,88610400,0.743,93764700,0.744,51606400,0.745,38249600,457,99999,0
sh513130,09:47:31,1769046454414,5738.03,0.8927,2.9255,0.74,0.7403,-0.0405,1606700,1190462,0.7409,0.740,127280400,0.739,94334000,0.738,52392100,0.737,28685400,0.736,21353800,0.741,34020600,0.742,88990200,0.743,93686000,0.744,48528600,0.745,38249600,1105,99999,0
sh513130,09:47:33,1769046456412,5737.13,0.8927,3.4641,0.741,0.7403,0.0946,784300,580978,0.7408,0.740,126501000,0.739,94603600,0.738,52507100,0.737,28685400,0.736,21412500,0.741,71730200,0.742,90141300,0.743,78704300,0.744,48528600,0.745,38620300,923,99999,0
sh513130,09:47:36,1769046458412,5736.65,0.8927,2.7226,0.741,0.741,0.0,503600,373078,0.7408,0.740,126793300,0.739,95579800,0.738,52851500,0.737,28777900,0.736,21444400,0.741,32414800,0.742,94982700,0.743,93960700,0.744,48548600,0.745,38650300,741,99999,0
sh513130,09:47:39,1769046462401,5736.64,0.8927,3.325,0.741,0.741,0.0,435500,322573,0.7407,0.740,127368400,0.739,96411500,0.738,53111500,0.737,28801300,0.736,21409100,0.741,32548300,0.742,96901400,0.743,93950100,0.744,48548600,0.745,38650300,350,99999,0
sh513130,09:47:43,1769046464368,5736.53,0.8927,2.7501,0.741,0.741,0.0,2032800,1505519,0.7406,0.740,129286100,0.739,97154100,0.738,53201500,0.737,28801300,0.736,21409100,0.741,33226700,0.742,97012600,0.743,93950100,0.744,48563600,0.745,38645300,142,99999,0
sh513130,09:47:45,1769046469372,5737.18,0.8927,5.5291,0.741,0.741,0.0,571700,423525,0.7408,0.740,130647200,0.739,98032900,0.738,53758700,0.737,28811300,0.736,21446400,0.741,32928200,0.742,97473300,0.743,93918500,0.744,48563600,0.745,38645300,558,99999,0
sh513130,09:47:48,1769046472367,5737.47,0.8927,3.8036,0.741,0.741,0.0,3934700,2915163,0.7409,0.740,132426700,0.739,98947600,0.738,54308700,0.737,28847700,0.736,21447900,0.741,30280400,0.742,97073400,0.743,93957100,0.744,48665800,0.745,38666600,1567,99999,0
sh513130,09:47:51,1769046474362,5736.97,0.8927,2.9367,0.741,0.741,0.0,743700,551082,0.741,0.740,133041900,0.739,99794900,0.738,54228700,0.737,28887700,0.736,22633000,0.741,30053100,0.742,97073400,0.743,93810400,0.744,48665800,0.745,38676600,1428,99999,0
sh513130,09:47:54,1769046477366,5737.03,0.8927,2.5489,0.741,0.741,0.0,14577400,10801853,0.741,0.741,9892700,0.740,135213300,0.739,97653300,0.738,54419800,0.737,29029700,0.742,97103400,0.743,94407400,0.744,51975800,0.745,38703700,0.746,31502600,85,99999,0
sh513130,09:47:57,1769046479344,5738.04,0.8927,3.4047,0.741,0.741,0.0,322200,238750,0.741,0.741,58229400,0.740,136548600,0.739,96794400,0.738,54531900,0.737,29059700,0.742,99448800,0.743,95789600,0.744,52375800,0.745,38702700,0.746,32120000,523,99999,0
