symbol,tx_server_time,tx_local_time,index_price,fx_rate,sentiment,price,iopv,premium_rate,tick_vol,tick_amt,tick_vwap,bp1,bv1,bp2,bv2,bp3,bv3,bp4,bv4,bp5,bv5,sp1,sv1,sp2,sv2,sp3,sv3,sp4,sv4,sp5,sv5,idx_delay_ms,fut_delay_ms,data_flags
sh513130,09:29:48,1768181390527,,0.8948,0.0,0.742,0.7429,-0.1211,0,0,0.742,0.742,26540700,0.741,34591300,0.740,30689500,0.739,25100200,0.738,26992200,0.743,8884600,0.744,15049900,0.745,27656900,0.746,24177400,0.747,23093200,99999,99999,1
sh513130,09:29:51,1768181393517,,0.8948,0.0,0.742,0.7429,-0.1211,0,0,0.742,0.742,26540700,0.741,34591300,0.740,30689500,0.739,25100200,0.738,26992200,0.743,8884600,0.744,15049900,0.745,27656900,0.746,24177400,0.747,23093200,99999,99999,0
sh513130,09:29:54,1768181395520,,0.8948,0.0,0.742,0.7429,-0.1211,0,0,0.742,0.742,26540700,0.741,34591300,0.740,30689500,0.739,25100200,0.738,26992200,0.743,8884600,0.744,15049900,0.745,27656900,0.746,24177400,0.747,23093200,99999,99999,0
sh513130,09:29:57,1768181399522,,0.8948,0.0,0.742,0.7429,-0.1211,0,0,0.742,0.742,26540700,0.741,34591300,0.740,30689500,0.739,25100200,0.738,26992200,0.743,8884600,0.744,15049900,0.745,27656900,0.746,24177400,0.747,23093200,99999,99999,0
sh513130,09:30:00,1768181402519,,0.8948,0.0,0.742,0.7429,-0.1211,0,0,0.742,0.742,26540700,0.741,34591300,0.740,30689500,0.739,25100200,0.738,26992200,0.743,8884600,0.744,15049900,0.745,27656900,0.746,24177400,0.747,23093200,99999,99999,0
sh513130,09:30:03,1768181405529,,0.8948,3.9898,0.742,0.7429,-0.1211,2712600,2014108,0.7425,0.742,40618000,0.741,44504000,0.740,36620000,0.739,32891300,0.738,27471000,0.743,12319900,0.744,15164400,0.745,28308200,0.746,24180500,0.747,23183100,99999,99999,0
sh513130,09:30:06,1768181407543,5734.83,0.8948,4.8906,0.742,0.7429,-0.1211,10283000,7638789,0.7429,0.742,47175400,0.741,58465700,0.740,49059700,0.739,35138700,0.738,27730300,0.743,7800800,0.744,17515800,0.745,29176600,0.746,24579700,0.747,23854100,833,99999,0
sh513130,09:30:09,1768181411535,5734.13,0.8948,4.0952,0.742,0.7429,-0.1211,5464800,4059999,0.7429,0.742,49443900,0.741,64618000,0.740,53314000,0.739,34812700,0.738,28197600,0.743,5632000,0.744,19982400,0.745,30448600,0.746,25017600,0.747,26879300,863,99999,0
sh513130,09:30:12,1768181413538,5735.11,0.8948,6.7268,0.743,0.7429,0.0135,2951600,2192593,0.7428,0.742,40364700,0.741,65135500,0.740,53779000,0.739,34925300,0.738,28455100,0.743,4617600,0.744,21802000,0.745,30591200,0.746,25051100,0.747,28101400,723,99999,0
sh513130,09:30:15,1768181417546,5733.28,0.8948,5.5101,0.743,0.7423,0.0943,6868200,5101138,0.7427,0.742,37627400,0.741,68317600,0.740,54682300,0.739,35371800,0.738,29552400,0.743,32700,0.744,22434300,0.745,32154300,0.746,25374200,0.747,28230900,423,99999,0
sh513130,09:30:18,1768181420541,5730.53,0.8948,3.8588,0.743,0.7423,0.0943,2375400,1766588,0.7437,0.743,4344600,0.742,39554900,0.741,63817800,0.740,55164800,0.739,35421100,0.744,21363300,0.745,32558200,0.746,26137100,0.747,28355000,0.748,23514300,1236,99999,0
sh513130,09:30:21,1768181422539,5729.61,0.8948,1.8248,0.743,0.7423,0.0943,3995000,2970522,0.7436,0.743,6110300,0.742,40328900,0.741,60871900,0.740,57063000,0.739,40052400,0.744,20165300,0.745,32831200,0.746,26550100,0.747,28539500,0.748,24708000,1079,99999,0
sh513130,09:30:18,1768181423548,5731.42,0.8948,1.8039,0.743,0.7423,0.0943,0,0,0.743,0.743,4344600,0.742,39554900,0.741,63817800,0.740,55164800,0.739,35421100,0.744,21363300,0.745,32558200,0.746,26137100,0.747,28355000,0.748,23514300,876,99999,2
sh513130,09:30:21,1768181424556,5731.42,0.8948,-0.5527,0.743,0.7423,0.0943,0,0,0.743,0.743,6110300,0.742,40328900,0.741,60871900,0.740,57063000,0.739,40052400,0.744,20165300,0.745,32831200,0.746,26550100,0.747,28539500,0.748,24708000,943,99999,0
sh513130,09:30:24,1768181426560,5729.18,0.8948,0.169,0.743,0.7416,0.1888,3499400,2601705,0.7435,0.743,6894400,0.742,41637600,0.741,60939000,0.740,59600500,0.739,40617700,0.744,18962000,0.745,33085400,0.746,26651100,0.747,28956600,0.748,24887700,792,99999,0
sh513130,09:30:27,1768181429555,5730.47,0.8948,-0.7827,0.743,0.7416,0.1888,8049900,5981329,0.743,0.743,414000,0.742,46463500,0.741,55090300,0.740,61894300,0.739,41313600,0.744,18936500,0.745,34065800,0.746,27605400,0.747,30153100,0.748,25108700,822,99999,0
sh513130,09:30:30,1768181432553,5729.06,0.8948,-0.1328,0.743,0.7416,0.1888,5361800,3983979,0.743,0.742,46229100,0.741,58149000,0.740,71401900,0.739,46231800,0.738,38204900,0.744,19786100,0.745,40968000,0.746,33538100,0.747,31123300,0.748,25763300,314,99999,0
sh513130,09:30:33,1768181435548,5729.6,0.8948,5.9107,0.743,0.7416,0.1888,1668700,1239894,0.743,0.743,154300,0.742,46634400,0.741,56231300,0.740,73617900,0.739,47357800,0.744,24493700,0.745,42246300,0.746,33652300,0.747,31978300,0.748,27056500,821,99999,0
sh513130,09:30:36,1768181438560,5727.57,0.8948,6.7432,0.743,0.7416,0.1888,3409700,2535172,0.7435,0.743,528700,0.742,45764500,0.741,59069300,0.740,74601000,0.739,50898000,0.744,23878300,0.745,42957700,0.746,33793900,0.747,31999300,0.748,28331500,1737,99999,0
sh513130,09:30:39,1768181441564,5731.45,0.8948,4.6122,0.743,0.7416,0.1888,3629900,2695752,0.7427,0.742,45033400,0.741,62332000,0.740,75234500,0.739,52023300,0.738,39265100,0.743,195200,0.744,25689100,0.745,43217800,0.746,33877000,0.747,33140400,725,99999,0
sh513130,09:30:42,1768181444576,5730.28,0.8948,5.7346,0.743,0.7416,0.1888,3637000,2703803,0.7434,0.743,70600,0.742,45749100,0.741,64211500,0.740,76009000,0.739,52257700,0.744,22310000,0.745,44172900,0.746,33892700,0.747,32804600,0.748,28765600,1586,99999,0
sh513130,09:30:45,1768181447558,5729.32,0.8948,3.8082,0.742,0.7416,0.0539,3193600,2373517,0.7432,0.742,46628500,0.741,58195600,0.740,88864300,0.739,51344300,0.738,41417500,0.743,243300,0.744,18780500,0.745,39923700,0.746,31109700,0.747,34214100,262,99999,0
sh513130,09:30:48,1768181450555,5729.89,0.8948,8.1838,0.743,0.7416,0.1888,4033500,2996672,0.7429,0.743,35500,0.742,46399000,0.741,48153800,0.740,89539000,0.739,55774600,0.744,19907400,0.745,40405200,0.746,31217700,0.747,34598700,0.748,30478600,1102,99999,0
sh513130,09:30:51,1768181453545,5729.43,0.8948,7.0778,0.743,0.7416,0.1888,1766100,1312047,0.7429,0.743,47200,0.742,45920400,0.741,45483800,0.740,92033800,0.739,60133900,0.744,20264200,0.745,40808900,0.746,31300200,0.747,35668200,0.748,30925200,786,99999,0
sh513130,09:30:54,1768181456547,5729.21,0.8948,6.934,0.743,0.7416,0.1888,2409900,1790508,0.743,0.743,78700,0.742,46072500,0.741,50716900,0.740,91946200,0.739,61136400,0.744,20959900,0.745,44066700,0.746,31500100,0.747,35769200,0.748,30942400,618,99999,0
sh513130,09:30:57,1768181459541,5728.83,0.8948,5.062,0.743,0.7416,0.1888,3105500,2307828,0.7431,0.742,46568900,0.741,55213200,0.740,91953800,0.739,61164500,0.738,38949500,0.743,442700,0.744,21495500,0.745,44175000,0.746,31587100,0.747,36797300,881,99999,0
sh513130,09:31:00,1768181462539,5728.97,0.8948,4.9881,0.743,0.7416,0.1888,4654200,3458405,0.7431,0.743,255000,0.742,45813600,0.741,52484000,0.740,91756900,0.739,61212000,0.744,24426500,0.745,44632100,0.746,32110200,0.747,36854300,0.748,30580400,142,99999,0
sh513130,09:31:03,1768181464521,5728.7,0.8948,3.7133,0.743,0.7416,0.1888,3034100,2254291,0.743,0.742,45717500,0.741,53522800,0.740,91903900,0.739,61181000,0.738,38531200,0.743,45200,0.744,26073500,0.745,44581800,0.746,32133500,0.747,36944300,1804,99999,0
sh513130,09:31:06,1768181468506,5732.66,0.8948,7.1488,0.743,0.7416,0.1888,1464500,1088044,0.7429,0.743,859800,0.742,45044300,0.741,46734500,0.740,91892500,0.739,60339400,0.744,24623600,0.745,44610800,0.746,32241300,0.747,37134800,0.748,30989200,1800,99999,0
sh513130,09:31:09,1768181471508,5730.61,0.8948,5.5383,0.743,0.7423,0.0943,2801900,2082967,0.7434,0.743,377100,0.742,51340800,0.741,48094000,0.740,89024600,0.739,60432600,0.744,25175200,0.745,44686800,0.746,32581900,0.747,37209600,0.748,31002700,503,99999,0
sh513130,09:31:12,1768181473504,5730.98,0.8948,4.7256,0.744,0.7423,0.229,2160500,1606516,0.7436,0.743,822700,0.742,52086700,0.741,56165800,0.740,89092000,0.739,55709700,0.744,31972400,0.745,45939800,0.746,32593900,0.747,37214600,0.748,31008700,349,99999,0
sh513130,09:31:15,1768181477507,5725.85,0.8948,3.0813,0.743,0.7416,0.1888,2038500,1514768,0.7431,0.743,2178000,0.742,53634000,0.741,59125100,0.740,90061000,0.739,56916700,0.744,31833800,0.745,45984300,0.746,32965700,0.747,37229600,0.748,31079500,46,99999,0
sh513130,09:31:18,1768181479513,5726.09,0.8948,2.2717,0.743,0.7416,0.1888,3194700,2373575,0.743,0.742,44944200,0.741,58637300,0.740,90212700,0.739,56059000,0.738,35223400,0.743,3962500,0.744,33242300,0.745,47194600,0.746,33052200,0.747,37225800,828,99999,0
sh513130,09:31:21,1768181482502,5726.78,0.8948,5.2823,0.743,0.7416,0.1888,5891800,4375611,0.7427,0.742,42825400,0.741,59286900,0.740,85747700,0.739,56059000,0.738,34234400,0.743,6159600,0.744,33575200,0.745,47313100,0.746,33073800,0.747,37201400,727,99999,0
sh513130,09:31:24,1768181486493,5726.19,0.8948,4.1223,0.743,0.7416,0.1888,2442800,1814875,0.7429,0.742,43143100,0.741,51957900,0.740,85810800,0.739,51907000,0.738,42631500,0.743,7957500,0.744,34925800,0.745,48577300,0.746,33230700,0.747,37981600,428,99999,0
sh513130,09:31:27,1768181488481,5726.3,0.8948,3.6532,0.743,0.7416,0.1888,2486000,1846909,0.7429,0.742,43852000,0.741,52056900,0.740,85827900,0.739,53702800,0.738,42636500,0.743,7208500,0.744,39320500,0.745,48795300,0.746,33565700,0.747,37996600,257,99999,0
sh513130,09:31:30,1768181491485,5727.0,0.8948,6.0677,0.743,0.741,0.2699,1193000,886074,0.7427,0.742,48895000,0.741,52107000,0.740,85662700,0.739,54565600,0.738,42636500,0.743,11877300,0.744,40800800,0.745,48921700,0.746,33565700,0.747,38000100,814,99999,0
sh513130,09:31:27,1768181492486,5727.0,0.8948,7.6476,0.743,0.7416,0.1888,0,0,0.743,0.742,43852000,0.741,52056900,0.740,85827900,0.739,53702800,0.738,42636500,0.743,7208500,0.744,39320500,0.745,48795300,0.746,33565700,0.747,37996600,1814,99999,2
sh513130,09:31:30,1768181493489,5727.19,0.8948,7.0583,0.743,0.741,0.2699,0,0,0.743,0.742,48895000,0.741,52107000,0.740,85662700,0.739,54565600,0.738,42636500,0.743,11877300,0.744,40800800,0.745,48921700,0.746,33565700,0.747,38000100,744,99999,0
sh513130,09:31:33,1768181495485,5727.18,0.8948,7.0033,0.742,0.741,0.135,3870300,2873576,0.7425,0.742,49996500,0.741,44492800,0.740,85693700,0.739,56413400,0.738,38287500,0.743,11652100,0.744,42498500,0.745,49165200,0.746,33595700,0.747,38000100,769,99999,0
sh513130,09:31:36,1768181498473,5729.22,0.8948,6.5136,0.743,0.7415,0.2023,1707100,1267436,0.7424,0.742,49329500,0.741,48457300,0.740,85709200,0.739,56413400,0.738,35252100,0.743,9484000,0.744,42867100,0.745,49215500,0.746,33670700,0.747,38000100,1602,99999,0
sh513130,09:31:39,1768181501466,5730.37,0.8948,4.6644,0.743,0.7415,0.2023,2548600,1893153,0.7428,0.742,49308400,0.741,49342800,0.740,85701600,0.739,56609100,0.738,35252100,0.743,9580000,0.744,42986100,0.745,49345300,0.746,33806800,0.747,37990100,303,99999,0
sh513130,09:31:42,1768181504441,5730.81,0.8948,5.9006,0.743,0.7415,0.2023,757100,562053,0.7424,0.742,54326200,0.741,50189400,0.740,85843700,0.739,56610500,0.738,35252100,0.743,9080700,0.744,43586100,0.745,48611000,0.746,33807500,0.747,37990100,1128,99999,0
sh513130,09:31:45,1768181507414,5730.29,0.8948,4.5432,0.743,0.7421,0.1213,602800,447844,0.7429,0.742,57314400,0.741,51453600,0.740,85863700,0.739,56580500,0.738,35752100,0.743,11741000,0.744,42358400,0.745,48494800,0.746,33766400,0.747,37989500,650,99999,0
sh513130,09:31:48,1768181511416,5731.6,0.8948,2.5494,0.742,0.7421,-0.0135,1198800,890502,0.7428,0.742,60603800,0.741,62349100,0.740,95865100,0.739,66580500,0.738,35738400,0.743,11759500,0.744,43766900,0.745,48724400,0.746,34228500,0.747,38658800,735,99999,0
sh513130,09:31:51,1768181513411,5729.28,0.8948,3.5223,0.742,0.7415,0.0674,361500,268424,0.7425,0.742,58182800,0.741,61312400,0.740,95865000,0.739,66583500,0.738,37748400,0.743,12877700,0.744,44902000,0.745,48453800,0.746,34268500,0.747,39233500,749,99999,0
sh513130,09:31:54,1768181516410,5731.63,0.8948,2.9683,0.742,0.7415,0.0674,873800,649105,0.7429,0.742,61068800,0.741,64347300,0.740,95874000,0.739,66684000,0.738,35788600,0.743,11501400,0.744,48029100,0.745,48649900,0.746,34521900,0.747,39296000,179,99999,0
sh513130,09:31:57,1768181520420,5732.29,0.8948,3.4476,0.743,0.7415,0.2023,862400,640377,0.7426,0.742,61739600,0.741,65212800,0.740,95865000,0.739,56684000,0.738,35790600,0.743,12242100,0.744,49691200,0.745,48987900,0.746,34511900,0.747,39296000,1681,99999,0
sh513130,09:32:00,1768181523437,5733.0,0.8948,3.7428,0.743,0.7415,0.2023,2065000,1533700,0.7427,0.742,73082700,0.741,66113500,0.740,95858000,0.739,55738700,0.738,35790600,0.743,11095900,0.744,49695900,0.745,49041300,0.746,34522400,0.747,39340000,699,99999,0
sh513130,09:32:03,1768181524428,5733.0,0.8948,2.6194,0.742,0.7415,0.0674,1996300,1482834,0.7428,0.742,73033800,0.741,66987000,0.740,95908600,0.739,56739300,0.738,35795200,0.743,10975600,0.744,49067900,0.745,49069700,0.746,34518900,0.747,39343000,832,99999,0
sh513130,09:32:06,1768181528454,5733.62,0.8948,6.5067,0.743,0.7421,0.1213,658600,489231,0.7428,0.742,73708900,0.741,68571700,0.740,96658500,0.739,56739300,0.738,35795200,0.743,11524200,0.744,49084900,0.745,49128500,0.746,34534900,0.747,39356000,1433,99999,0
sh513130,09:32:09,1768181531407,5732.8,0.8948,7.056,0.743,0.7421,0.1213,1068200,793647,0.743,0.742,74794400,0.741,68706200,0.740,95703300,0.739,57587000,0.738,35799800,0.743,11865300,0.744,49344800,0.745,48714900,0.746,34566900,0.747,39356000,84,99999,0
sh513130,09:32:12,1768181534410,5731.41,0.8948,5.9722,0.743,0.7421,0.1213,1682600,1248901,0.7422,0.742,63562000,0.741,69206200,0.740,95770000,0.739,67587000,0.738,35816500,0.743,15476200,0.744,48650000,0.745,48956200,0.746,34701900,0.747,39356000,934,99999,0
sh513130,09:32:15,1768181537420,5730.65,0.8948,2.5041,0.743,0.7421,0.1213,2385200,1771464,0.7427,0.742,73315900,0.741,69384000,0.740,95831000,0.739,57372900,0.738,35866500,0.743,16975500,0.744,48644500,0.745,48911700,0.746,34716900,0.747,39367900,705,99999,0
sh513130,09:32:18,1768181540419,5730.06,0.8948,5.431,0.743,0.7421,0.1213,982100,729516,0.7428,0.742,62606900,0.741,59370600,0.740,86664200,0.739,57376500,0.738,35894500,0.743,17367400,0.744,48956100,0.745,49057100,0.746,34748700,0.747,39368200,461,99999,0
sh513130,09:32:21,1768181544414,5728.47,0.8948,4.126,0.743,0.7421,0.1213,612300,454809,0.7428,0.742,63306600,0.741,59440100,0.740,86656700,0.739,57376500,0.738,35894500,0.743,18134800,0.744,49432400,0.745,49133100,0.746,34748700,0.747,39419200,161,99999,0
sh513130,09:32:24,1768181545411,5728.63,0.8948,3.9747,0.743,0.7421,0.1213,1511700,1122688,0.7427,0.742,61646800,0.741,49468600,0.740,86729800,0.739,57267000,0.738,35896000,0.743,18695300,0.744,49598000,0.745,49154100,0.746,34880000,0.747,39569000,720,99999,0
sh513130,09:32:27,1768181548398,5728.57,0.8948,3.3483,0.743,0.7421,0.1213,1247400,926390,0.7427,0.742,55995400,0.741,42088600,0.740,87152800,0.739,58114700,0.738,43260100,0.743,18497700,0.744,49822300,0.745,49248300,0.746,35328500,0.747,39589000,1728,99999,0
sh513130,09:32:30,1768181552365,5728.42,0.8948,2.9371,0.743,0.7414,0.2158,1404300,1042405,0.7423,0.742,64429700,0.741,42100800,0.740,87155300,0.739,59354800,0.738,43260100,0.743,18434500,0.744,48721700,0.745,49331600,0.746,35328500,0.747,39650000,1627,99999,0
sh513130,09:32:33,1768181555369,5722.4,0.8948,4.6302,0.742,0.7414,0.0809,2326000,1727575,0.7427,0.742,47466200,0.741,42123900,0.740,87135300,0.739,60217500,0.738,43300100,0.743,17568200,0.744,48685100,0.745,49351600,0.746,35356900,0.747,39650000,330,99999,0
sh513130,09:32:36,1768181559376,5721.78,0.8948,3.6181,0.743,0.7414,0.2158,2081000,1544449,0.7422,0.742,45416400,0.741,42123900,0.740,87157300,0.739,61304900,0.738,43316100,0.743,21811200,0.744,48855600,0.745,49434200,0.746,35475700,0.747,39650000,34,99999,0
sh513130,09:32:39,1768181561372,5721.64,0.8948,4.5001,0.742,0.7408,0.162,500900,371882,0.7424,0.742,47119400,0.741,42147500,0.740,87174800,0.739,61979300,0.738,43346100,0.743,25575400,0.744,49424600,0.745,49485700,0.746,35487900,0.747,39650000,667,99999,0
sh513130,09:32:42,1768181564383,5722.58,0.8948,3.6259,0.742,0.7408,0.162,1569700,1165867,0.7427,0.742,47062000,0.741,42147500,0.740,87374800,0.739,61979300,0.738,43346400,0.743,27512200,0.744,49456400,0.745,49472200,0.746,35487900,0.747,39672200,716,99999,0
sh513130,09:32:45,1768181568374,5720.02,0.8948,2.701,0.742,0.7408,0.162,5677300,4213681,0.7422,0.742,45808900,0.741,42325900,0.740,77367700,0.739,61986100,0.738,43346400,0.743,25595300,0.744,49766900,0.745,48227000,0.746,35469300,0.747,39672200,393,99999,0
sh513130,09:32:48,1768181570366,5721.41,0.8948,4.0756,0.743,0.7408,0.297,4139400,3071696,0.7421,0.742,42242800,0.741,42328900,0.740,77379400,0.739,62000100,0.738,43347400,0.743,27748300,0.744,50132800,0.745,48240100,0.746,36039300,0.747,39672200,228,99999,0
sh513130,09:32:51,1768181573366,5720.57,0.8948,4.9851,0.742,0.7408,0.162,890800,661178,0.7422,0.742,41486800,0.741,42305200,0.740,77366100,0.739,62000100,0.738,43402400,0.743,29161100,0.744,50323100,0.745,48387600,0.746,36182900,0.747,40372200,675,99999,0
sh513130,09:32:54,1768181575369,5722.61,0.8948,4.4767,0.743,0.7408,0.297,922800,684776,0.7421,0.742,40606400,0.741,43441800,0.740,77455700,0.739,62020100,0.738,42402900,0.743,33005800,0.744,49930300,0.745,49013500,0.746,36224900,0.747,39390300,634,99999,0
sh513130,09:32:57,1768181579362,5721.95,0.8948,4.6426,0.742,0.7408,0.162,1315300,977023,0.7428,0.742,39907900,0.741,43253900,0.740,77456000,0.739,62041300,0.738,42404400,0.743,33049800,0.744,50215000,0.745,49039500,0.746,36176100,0.747,39390300,597,99999,0
sh513130,09:33:00,1768181582363,5721.47,0.8948,3.822,0.742,0.7408,0.162,2449400,1818638,0.7425,0.742,38731100,0.741,43015400,0.740,77484000,0.739,62041300,0.738,43404400,0.743,33081900,0.744,50251900,0.745,49269200,0.746,35734700,0.747,39390300,1437,99999,0
sh513130,09:33:03,1768181585362,5720.91,0.8948,3.6239,0.742,0.7408,0.162,571200,423883,0.7421,0.742,39196500,0.741,42953500,0.740,79060500,0.739,62141300,0.738,42404400,0.743,34480700,0.744,49835400,0.745,49290300,0.746,35727400,0.747,39383100,124,99999,0
sh513130,09:33:06,1768181589365,5718.69,0.8948,5.1608,0.742,0.7408,0.162,310500,230533,0.7425,0.742,38904700,0.741,40611600,0.740,78119700,0.739,62141200,0.738,42404400,0.743,36915400,0.744,50005400,0.745,48305900,0.746,35747400,0.747,40073100,627,99999,0
sh513130,09:33:09,1768181591367,5717.09,0.8948,5.4404,0.742,0.7407,0.1755,408100,302927,0.7423,0.742,38946000,0.741,41341400,0.740,78148500,0.739,62139200,0.738,43404400,0.743,39215500,0.744,49562000,0.745,48437800,0.746,35747400,0.747,40088100,671,99999,0
sh513130,09:33:12,1768181593372,5716.76,0.8948,4.5227,0.742,0.7407,0.1755,39952700,29645009,0.742,0.741,32447700,0.740,80546600,0.739,76130100,0.738,42424400,0.737,33165200,0.742,4438200,0.743,44674600,0.744,50003700,0.745,48721000,0.746,35745200,674,99999,0
sh513130,09:33:15,1768181596362,5715.91,0.8948,4.1884,0.742,0.7401,0.2567,298400,221339,0.7418,0.741,31277600,0.740,73236600,0.739,76143100,0.738,43278500,0.737,40545200,0.742,9900300,0.743,45258400,0.744,52184900,0.745,49011000,0.746,35745200,329,99999,0
sh513130,09:33:18,1768181600371,5715.87,0.8948,4.9376,0.742,0.7401,0.2567,830300,615973,0.7419,0.741,31170800,0.740,73161600,0.739,76390400,0.738,44034100,0.737,40838400,0.742,12041900,0.743,44891700,0.744,52362800,0.745,49011000,0.746,35728200,15,99999,0
sh513130,09:33:21,1768181602362,5712.6,0.8948,1.8777,0.741,0.7401,0.1216,1874600,1390800,0.7419,0.741,30995800,0.740,73879700,0.739,76390400,0.738,44882900,0.737,40850900,0.742,13607800,0.743,44687100,0.744,52216000,0.745,49080300,0.746,35737200,1675,99999,0
sh513130,09:33:18,1768181603367,5713.85,0.8948,3.6415,0.742,0.7401,0.2567,0,0,0.742,0.741,31170800,0.740,73161600,0.739,76390400,0.738,44034100,0.737,40838400,0.742,12041900,0.743,44891700,0.744,52362800,0.745,49011000,0.746,35728200,670,99999,2
sh513130,09:33:21,1768181604373,5713.85,0.8948,3.8504,0.741,0.7401,0.1216,0,0,0.741,0.741,30995800,0.740,73879700,0.739,76390400,0.738,44882900,0.737,40850900,0.742,13607800,0.743,44687100,0.744,52216000,0.745,49080300,0.746,35737200,1674,99999,0
sh513130,09:33:24,1768181607366,5715.68,0.8948,5.6547,0.741,0.7401,0.1216,386500,286502,0.7413,0.741,28563100,0.740,56037000,0.739,52391800,0.738,45729300,0.737,40850900,0.742,16453800,0.743,46170000,0.744,52844500,0.745,49320500,0.746,35741400,559,99999,0
sh513130,09:33:27,1768181608366,5715.68,0.8948,5.5718,0.742,0.7401,0.2567,857800,635802,0.7412,0.741,27981900,0.740,56151400,0.739,53239500,0.738,45711800,0.737,40852900,0.742,17871600,0.743,46425700,0.744,53063100,0.745,49517000,0.746,35768500,1556,99999,0
sh513130,09:33:24,1768181609363,5713.78,0.8948,3.4936,0.741,0.7401,0.1216,0,0,0.741,0.741,28563100,0.740,56037000,0.739,52391800,0.738,45729300,0.737,40850900,0.742,16453800,0.743,46170000,0.744,52844500,0.745,49320500,0.746,35741400,402,99999,2
sh513130,09:33:27,1768181610374,5713.78,0.8948,2.7287,0.742,0.7401,0.2567,0,0,0.742,0.741,27981900,0.740,56151400,0.739,53239500,0.738,45711800,0.737,40852900,0.742,17871600,0.743,46425700,0.744,53063100,0.745,49517000,0.746,35768500,1415,99999,0
sh513130,09:33:30,1768181612353,5713.97,0.8948,5.1223,0.741,0.7394,0.2164,2192100,1625823,0.7417,0.741,28002500,0.740,56446300,0.739,54089000,0.738,45731800,0.737,40852900,0.742,16221900,0.743,45881900,0.744,53054400,0.745,49523000,0.746,35771500,1229,99999,0
sh513130,09:33:33,1768181615362,5715.3,0.8948,3.4679,0.742,0.7394,0.3516,2406700,1783414,0.741,0.741,28622900,0.740,56470800,0.739,54946700,0.738,45714700,0.737,40852900,0.742,20277000,0.743,45962700,0.744,52520200,0.745,49523000,0.746,35859400,604,99999,0
sh513130,09:33:36,1768181619364,5715.65,0.8948,3.1374,0.742,0.7394,0.3516,1029000,763188,0.7417,0.741,25567400,0.740,56496000,0.739,55794400,0.738,45728800,0.737,40863400,0.742,21846600,0.743,45729000,0.744,52522900,0.745,49340400,0.746,36012700,647,99999,0
sh513130,09:33:39,1768181621362,5715.15,0.8948,2.5107,0.742,0.7394,0.3516,5115000,3791952,0.7413,0.741,22648200,0.740,56548900,0.739,56667200,0.738,45732800,0.737,40872600,0.742,20941100,0.743,45130700,0.744,52403600,0.745,49562300,0.746,36052700,674,99999,0
sh513130,09:33:42,1768181624369,5715.06,0.8948,1.3268,0.741,0.7394,0.2164,1333600,989311,0.7418,0.741,24166100,0.740,56611600,0.739,57669900,0.738,45732800,0.737,40872600,0.742,21219000,0.743,45831600,0.744,52064200,0.745,49636500,0.746,36052700,295,99999,0
sh513130,09:33:45,1768181627369,5714.83,0.8948,1.3158,0.741,0.7394,0.2164,267000,197949,0.7414,0.741,24047600,0.740,56768400,0.739,58532600,0.738,45729400,0.737,40862600,0.742,23029100,0.743,46011500,0.744,52349000,0.745,49672500,0.746,36677000,699,99999,0
sh513130,09:33:48,1768181630366,5714.59,0.8948,4.4183,0.741,0.7394,0.2164,379300,281256,0.7415,0.741,25512900,0.740,56814200,0.739,52676300,0.738,45757800,0.737,40862600,0.742,23360400,0.743,43850500,0.744,52923200,0.745,49684300,0.746,36689700,1628,99999,0
sh513130,09:33:51,1768181633373,5713.62,0.8948,3.9893,0.742,0.7401,0.2567,2245000,1663782,0.7411,0.741,24022200,0.740,56779200,0.739,52656300,0.738,46609600,0.737,40862600,0.742,25450800,0.743,43674900,0.744,53156800,0.745,50530600,0.746,36789700,662,99999,0
sh513130,09:33:54,1768181637378,5712.54,0.8948,1.7805,0.742,0.7401,0.2567,1131800,838682,0.741,0.741,23902900,0.740,56868700,0.739,52659900,0.738,47466400,0.737,40904100,0.742,25285300,0.743,44082300,0.744,53198300,0.745,50337000,0.746,36820700,361,99999,0
sh513130,09:33:57,1768181640390,5712.01,0.8948,2.2657,0.742,0.7401,0.2567,3436300,2546542,0.7411,0.741,20786100,0.740,56871100,0.739,52659900,0.738,48361700,0.737,40930300,0.742,30015900,0.743,44122600,0.744,53239700,0.745,50294000,0.746,36820700,1220,99999,0
sh513130,09:34:00,1768181642390,5712.35,0.8948,5.0246,0.741,0.7401,0.1216,1485300,1100719,0.7411,0.741,19856000,0.740,56894800,0.739,52659900,0.738,49325900,0.737,40930300,0.742,40875300,0.743,44142800,0.744,53355700,0.745,50274000,0.746,36820700,1056,99999,0
sh513130,09:34:03,1768181645383,5714.51,0.8948,5.6328,0.741,0.7401,0.1216,838300,621357,0.7412,0.741,19527000,0.740,56812700,0.739,52677400,0.738,50204700,0.737,40930300,0.742,42170100,0.743,44376000,0.744,53365200,0.745,50347000,0.746,36830700,689,99999,0
sh513130,09:34:06,1768181648391,5713.57,0.8948,3.7737,0.742,0.7394,0.3516,1615500,1197307,0.7411,0.741,18297900,0.740,57025200,0.739,52707400,0.738,51185800,0.737,40937300,0.742,42689400,0.743,45490500,0.744,53530400,0.745,50363000,0.746,36830700,561,99999,0
sh513130,09:34:09,1768181651392,5714.73,0.8948,6.2057,0.741,0.7401,0.1216,590000,437545,0.7416,0.741,18676500,0.740,58128300,0.739,53124900,0.738,52042200,0.737,41381800,0.742,44441800,0.743,45222100,0.744,53966100,0.745,50369300,0.746,36820700,697,99999,0
sh513130,09:34:12,1768181654401,5714.98,0.8948,4.0022,0.741,0.7401,0.1216,1917900,1422379,0.7416,0.741,18416300,0.740,58762500,0.739,53146600,0.738,52765400,0.737,41381800,0.742,44605300,0.743,44177600,0.744,53957100,0.745,50370700,0.746,37376600,115,99999,0
sh513130,09:34:15,1768181657424,5712.39,0.8948,2.7098,0.741,0.7394,0.2164,6666500,4939891,0.741,0.741,12474800,0.740,58853000,0.739,53236200,0.738,52849600,0.737,41381800,0.742,44934200,0.743,44402200,0.744,54035700,0.745,50323600,0.746,37403000,629,99999,0
sh513130,09:34:18,1768181660438,5713.82,0.8948,4.0378,0.742,0.7394,0.3516,2637100,1954964,0.7413,0.741,10891300,0.740,59807000,0.739,53294000,0.738,52979600,0.737,40431800,0.742,45217300,0.743,44572500,0.744,54117100,0.745,50349900,0.746,37428000,1749,99999,0
sh513130,09:34:21,1768181663433,5710.52,0.8948,3.8938,0.741,0.7394,0.2164,1661700,1231540,0.7411,0.741,10583600,0.740,60051600,0.739,53294100,0.738,52979600,0.737,40463500,0.742,46011800,0.743,44631500,0.744,54130300,0.745,50337900,0.746,36771200,533,99999,0
sh513130,09:34:24,1768181666437,5710.04,0.8948,4.9756,0.741,0.7394,0.2164,11082800,8212355,0.741,0.740,54725000,0.739,55696600,0.738,55372100,0.737,40463500,0.736,31096600,0.741,3802400,0.742,50179700,0.743,44602500,0.744,53954900,0.745,50371600,1382,99999,0
sh513130,09:34:27,1768181669435,5709.07,0.8948,2.6026,0.741,0.7394,0.2164,1064500,788744,0.741,0.740,55257200,0.739,48338600,0.738,55364100,0.737,41313500,0.736,38478600,0.741,9393200,0.742,51717600,0.743,43831200,0.744,54005100,0.745,50311600,53,99999,0
sh513130,09:34:30,1768181673453,5707.36,0.8948,3.3006,0.741,0.7394,0.2164,355200,263177,0.7409,0.740,54563200,0.739,48352000,0.738,45367200,0.737,42163500,0.736,37494400,0.741,11474600,0.742,50274700,0.743,43833700,0.744,53946700,0.745,50457200,785,99999,0
sh513130,09:34:33,1768181675440,5708.51,0.8948,4.0514,0.741,0.7394,0.2164,260600,193069,0.7409,0.740,54982400,0.739,48362800,0.738,45438600,0.737,43013500,0.736,37504400,0.741,11126700,0.742,50099800,0.743,45448900,0.744,43952200,0.745,50467100,748,99999,0
sh513130,09:34:36,1768181679441,5708.94,0.8948,2.523,0.741,0.7387,0.3114,1211600,896704,0.7401,0.740,56824700,0.739,48372800,0.738,45638600,0.737,43870700,0.736,38516500,0.741,15429400,0.742,49774500,0.743,45578800,0.744,44199200,0.745,50567400,790,99999,0
sh513130,09:34:39,1768181681451,5712.04,0.8948,5.1348,0.741,0.7387,0.3114,2249600,1666123,0.7406,0.740,57106200,0.739,56138500,0.738,46507400,0.737,43870700,0.736,31348500,0.741,15335000,0.742,49688900,0.743,45519900,0.744,44162900,0.745,50771400,707,99999,0
sh513130,09:34:42,1768181684452,5712.17,0.8948,4.921,0.74,0.7387,0.176,10566600,7829177,0.7409,0.740,57540400,0.739,56138500,0.738,47458400,0.737,44880700,0.736,31358500,0.741,18083800,0.742,48981800,0.743,45846800,0.744,44258400,0.745,50781000,1698,99999,0
sh513130,09:34:45,1768181686470,5711.84,0.8948,3.4923,0.74,0.7394,0.0811,731200,541737,0.7409,0.740,57760600,0.739,56216300,0.738,48272600,0.737,45076900,0.736,31358600,0.741,16970900,0.742,48657400,0.743,45828600,0.744,44095100,0.745,50774100,1655,99999,0
sh513130,09:34:48,1768181691451,5712.01,0.8948,3.3651,0.741,0.7394,0.2164,518400,383921,0.7406,0.740,59063300,0.739,56018900,0.738,49152100,0.737,44154600,0.736,30393600,0.741,9254100,0.742,38075200,0.743,45794100,0.744,44171100,0.745,50796100,503,99999,0
sh513130,09:34:51,1768181693453,5710.9,0.8948,2.1243,0.74,0.7394,0.0811,842100,623782,0.7407,0.740,58861000,0.739,56318900,0.738,50001500,0.737,44159700,0.736,31393600,0.741,8583600,0.742,37561900,0.743,45591900,0.744,44171100,0.745,50513100,351,99999,0
sh513130,09:34:54,1768181697441,5712.5,0.8948,2.6861,0.741,0.7394,0.2164,928600,687870,0.7408,0.740,59675200,0.739,54538700,0.738,51369900,0.737,44191800,0.736,33386600,0.741,9586000,0.742,45596500,0.743,45542200,0.744,44191100,0.745,50698100,32,99999,0
sh513130,09:34:57,1768181699449,5712.87,0.8948,6.7058,0.74,0.7394,0.0811,1036400,767705,0.7407,0.740,60434300,0.739,54912100,0.738,52255000,0.737,44198400,0.736,33414400,0.741,11773400,0.742,45757600,0.743,46034400,0.744,44141100,0.745,50728800,675,99999,0
sh513130,09:35:00,1768181703444,5712.62,0.8948,4.0726,0.74,0.7394,0.0811,467300,345967,0.7404,0.740,61639400,0.739,57131100,0.738,53158800,0.737,45400400,0.736,30479400,0.741,13870700,0.742,47151500,0.743,46142600,0.744,44234800,0.745,49758900,766,99999,0
sh513130,09:35:03,1768181704446,5712.62,0.8948,4.1382,0.74,0.7394,0.0811,1229100,909739,0.7402,0.740,74061100,0.739,63139500,0.738,54006400,0.737,47000600,0.736,30479400,0.741,16123500,0.742,46841800,0.743,46263700,0.744,45126900,0.745,49894300,564,99999,0
sh513130,09:35:06,1768181708439,5713.34,0.8948,3.4432,0.74,0.7394,0.0811,1626600,1205258,0.741,0.740,76203200,0.739,63260500,0.738,54888500,0.737,46100400,0.736,31489900,0.741,16420200,0.742,47055800,0.743,46076700,0.744,45126900,0.745,50189300,232,99999,0
sh513130,09:35:09,1768181711447,5711.92,0.8948,4.4202,0.741,0.7394,0.2164,2502100,1853957,0.741,0.740,76486100,0.739,63348100,0.738,62346900,0.737,46100500,0.736,31507700,0.741,14247900,0.742,47041000,0.743,46257900,0.744,45112100,0.745,50202800,771,99999,0
sh513130,09:35:12,1768181715457,5711.91,0.8948,2.9686,0.741,0.7394,0.2164,401500,297350,0.7406,0.740,60397800,0.739,70577300,0.738,63443200,0.737,46100500,0.736,31535600,0.741,15301700,0.742,47325100,0.743,46707900,0.744,45125000,0.745,50026100,755,99999,0
sh513130,09:35:15,1768181717469,5711.44,0.8948,4.4536,0.741,0.7394,0.2164,702700,520460,0.7407,0.740,77416600,0.739,70817500,0.738,63445200,0.737,46953200,0.736,31735600,0.741,16145300,0.742,48278100,0.743,46662900,0.744,45339500,0.745,51199100,629,99999,0
sh513130,09:35:18,1768181720457,5712.81,0.8948,4.0607,0.741,0.7394,0.2164,16319700,12092732,0.741,0.740,80206500,0.739,72296100,0.738,63513800,0.737,48933900,0.736,32109800,0.741,2399400,0.742,48329000,0.743,46186900,0.744,46258100,0.745,51194100,1459,99999,0
sh513130,09:35:21,1768181723457,5713.72,0.8948,4.4156,0.741,0.7394,0.2164,1897700,1406133,0.741,0.740,80609900,0.739,72550100,0.738,63573200,0.737,49783900,0.736,32187000,0.741,1339300,0.742,48495000,0.743,46226700,0.744,46141500,0.745,51351500,151,99999,0
sh513130,09:35:24,1768181726459,5713.39,0.8948,1.3467,0.741,0.7394,0.2164,1895500,1404546,0.741,0.741,549000,0.740,83477200,0.739,72729300,0.738,63581700,0.737,50733900,0.742,48969100,0.743,46226700,0.744,46235600,0.745,51573500,0.746,36953300,992,99999,0
sh513130,09:35:27,1768181729459,5713.46,0.8948,3.4176,0.741,0.7394,0.2164,1677600,1243416,0.7412,0.741,2100100,0.740,83193300,0.739,73019400,0.738,64882900,0.737,42970200,0.742,50727400,0.743,46050100,0.744,46036300,0.745,51697500,0.746,36953300,773,99999,0
sh513130,09:35:30,1768181732458,5713.48,0.8948,2.2688,0.741,0.7394,0.2164,3692800,2736291,0.741,0.740,84518700,0.739,73019400,0.738,65321100,0.737,41970200,0.736,32222400,0.742,51656300,0.743,46127800,0.744,46355400,0.745,50657500,0.746,36946000,524,99999,0
sh513130,09:35:33,1768181736459,5713.05,0.8948,2.7945,0.741,0.7394,0.2164,2025000,1501025,0.7412,0.741,154600,0.740,86857000,0.739,73044900,0.738,65322500,0.737,41970200,0.742,51837500,0.743,46066000,0.744,45966500,0.745,49667500,0.746,36956000,220,99999,0
sh513130,09:35:36,1768181738461,5712.69,0.8948,2.8881,0.742,0.7394,0.3516,882500,654448,0.7416,0.741,1428900,0.740,84963000,0.739,73288100,0.738,64492900,0.737,42970200,0.742,51088700,0.743,46133100,0.744,46466500,0.745,49672500,0.746,36956000,46,99999,0
sh513130,09:35:39,1768181741460,5712.32,0.8948,4.7885,0.741,0.7394,0.2164,3519500,2607963,0.741,0.740,85193900,0.739,72288100,0.738,64550900,0.737,42977000,0.736,32249300,0.741,13358400,0.742,52659900,0.743,47365100,0.744,46516500,0.745,49762500,767,99999,0
sh513130,09:35:42,1768181744474,5711.27,0.8948,4.2577,0.741,0.7394,0.2164,629300,466311,0.741,0.740,85231600,0.739,72333100,0.738,65547800,0.737,42827000,0.736,33249300,0.741,16899600,0.742,50611400,0.743,50764700,0.744,46842500,0.745,49921900,1754,99999,0
sh513130,09:35:45,1768181747480,5711.52,0.8948,2.0308,0.741,0.7394,0.2164,2375200,1760019,0.741,0.740,85876600,0.739,73509700,0.738,65547800,0.737,44653500,0.736,32281300,0.741,2819600,0.742,50676900,0.743,50984900,0.744,47242500,0.745,49931900,455,99999,0
sh513130,09:35:48,1768181749474,5711.67,0.8948,3.4817,0.74,0.7394,0.0811,1063000,787440,0.7408,0.740,87886300,0.739,73568900,0.738,65547800,0.737,45528400,0.736,32281300,0.741,3070300,0.742,51351900,0.743,50329400,0.744,47399800,0.745,49931900,290,99999,0
sh513130,09:35:51,1768181753479,5710.73,0.8948,6.7598,0.741,0.7394,0.2164,8588200,6363666,0.741,0.740,88068700,0.739,73591200,0.738,65547800,0.737,45382300,0.736,32284300,0.741,490700,0.742,51329400,0.743,49329400,0.744,46999800,0.745,49939600,788,99999,0
sh513130,09:35:54,1768181757509,5710.64,0.8948,3.8083,0.741,0.7395,0.2028,1297900,961894,0.7411,0.741,4396500,0.740,88737900,0.739,74138800,0.738,65547800,0.737,47882300,0.742,51068700,0.743,52097600,0.744,47393800,0.745,50199700,0.746,37885400,839,99999,0
sh513130,09:35:57,1768181759489,5709.98,0.8948,4.5256,0.741,0.7395,0.2028,471500,349381,0.741,0.741,3987700,0.740,87299200,0.739,74190400,0.738,65279600,0.737,42817300,0.742,52918700,0.743,52477800,0.744,47450500,0.745,50199700,0.746,37885400,815,99999,0
sh513130,09:36:00,1768181762500,5710.36,0.8948,4.869,0.741,0.7395,0.2028,4343600,3218532,0.741,0.740,86870700,0.739,74190400,0.738,65686300,0.737,43028200,0.736,32276600,0.741,10142800,0.742,53111100,0.743,53688100,0.744,47468600,0.745,50204800,366,99999,0
sh513130,09:36:03,1768181765503,5708.89,0.8948,2.2318,0.741,0.7395,0.2028,3508300,2599625,0.741,0.740,89502900,0.739,74397300,0.738,65757400,0.737,44738200,0.736,32488600,0.741,9105400,0.742,53475900,0.743,53705300,0.744,47079700,0.745,50263000,752,99999,0
sh513130,09:36:06,1768181767536,5710.26,0.8948,5.393,0.741,0.7395,0.2028,1906100,1412368,0.741,0.740,90081900,0.739,74494300,0.738,65797900,0.737,45588200,0.736,32188600,0.741,10742800,0.742,53945300,0.743,53863600,0.744,47322700,0.745,50234700,789,99999,0
sh513130,09:36:03,1768181768552,5710.26,0.8948,4.0607,0.741,0.7395,0.2028,0,0,0.741,0.740,89502900,0.739,74397300,0.738,65757400,0.737,44738200,0.736,32488600,0.741,9105400,0.742,53475900,0.743,53705300,0.744,47079700,0.745,50263000,1805,99999,2
sh513130,09:36:06,1768181769551,5708.89,0.8948,4.1312,0.741,0.7395,0.2028,0,0,0.741,0.740,90081900,0.739,74494300,0.738,65797900,0.737,45588200,0.736,32188600,0.741,10742800,0.742,53945300,0.743,53863600,0.744,47322700,0.745,50234700,853,99999,0
sh513130,09:36:09,1768181771578,5710.45,0.8948,7.2979,0.741,0.7395,0.2028,912300,675832,0.7408,0.740,91394600,0.739,74596800,0.738,65807300,0.737,46465400,0.736,32188600,0.741,5661700,0.742,53830100,0.743,52750800,0.744,47961400,0.745,50183700,813,99999,0
sh513130,09:36:12,1768181774618,5710.51,0.8948,6.5604,0.741,0.7395,0.2028,7257700,5377962,0.741,0.741,276500,0.740,91801400,0.739,74551800,0.738,65807300,0.737,47415400,0.742,53552800,0.743,52938300,0.744,48384500,0.745,50324300,0.746,37876400,1705,99999,0
sh513130,09:36:15,1768181778624,5710.31,0.8948,5.6746,0.741,0.7395,0.2028,5194000,3848754,0.741,0.740,91144700,0.739,73653500,0.738,65807300,0.737,43165400,0.736,32339400,0.741,3113500,0.742,56795200,0.743,53938300,0.744,48519900,0.745,50490400,5,99999,0
sh513130,09:36:18,1768181781651,5710.33,0.8948,5.5079,0.741,0.7395,0.2028,2389800,1770376,0.7408,0.740,90968900,0.739,74663500,0.738,65828000,0.737,44922200,0.736,32349400,0.741,432400,0.742,55451800,0.743,53924200,0.744,48291200,0.745,50518600,119,99999,0
sh513130,09:36:21,1768181783647,5711.29,0.8948,4.4921,0.741,0.7395,0.2028,625000,463128,0.741,0.741,16269300,0.740,90985300,0.739,74663500,0.738,65828000,0.737,45822200,0.742,56079200,0.743,53991000,0.744,48697200,0.745,50551600,0.746,37678300,904,99999,0
sh513130,09:36:24,1768181785654,5711.68,0.8948,3.4773,0.741,0.7395,0.2028,766500,568270,0.7414,0.741,19612700,0.740,90191100,0.739,74663600,0.738,65469000,0.737,43272200,0.742,55958400,0.743,54191300,0.744,48649200,0.745,50551600,0.746,37678300,897,99999,0
sh513130,09:36:27,1768181789678,5712.67,0.8948,2.7274,0.741,0.7395,0.2028,283000,209731,0.7411,0.741,20974400,0.740,89937100,0.739,73663600,0.738,65469000,0.737,43272200,0.742,56886800,0.743,54428400,0.744,48969200,0.745,51580700,0.746,37678300,952,99999,0
sh513130,09:36:30,1768181791699,5713.31,0.8948,4.0174,0.741,0.7395,0.2028,958300,710161,0.7411,0.741,24897200,0.740,91321000,0.739,73678500,0.738,65470000,0.737,43422200,0.742,58964800,0.743,54371500,0.744,48958400,0.745,51718100,0.746,37706500,911,99999,0
sh513130,09:36:33,1768181794695,5714.03,0.8948,2.6424,0.741,0.7395,0.2028,684200,507178,0.7413,0.741,20780700,0.740,91355600,0.739,72678500,0.738,65480000,0.737,43423200,0.742,59272100,0.743,53678500,0.744,48463400,0.745,51718100,0.746,37706500,62,99999,0
sh513130,09:36:36,1768181798713,5713.24,0.8948,3.0736,0.742,0.7395,0.3381,458200,339547,0.741,0.741,10601300,0.740,91311800,0.739,72682500,0.738,65556100,0.737,43517100,0.742,59411600,0.743,53520500,0.744,48525000,0.745,51718100,0.746,37706500,42,99999,0
sh513130,09:36:39,1768181801740,5712.48,0.8948,1.8072,0.741,0.7401,0.1216,290500,215327,0.7412,0.741,12553400,0.740,92793100,0.739,72682500,0.738,69484200,0.737,43530500,0.742,62631600,0.743,54045900,0.744,48570000,0.745,51658100,0.746,37716500,828,99999,0
sh513130,09:36:42,1768181804734,5713.33,0.8948,4.0503,0.741,0.7401,0.1216,636200,471601,0.7413,0.741,13699400,0.740,92899800,0.739,72682500,0.738,69485200,0.737,43530500,0.742,62912900,0.743,54055000,0.744,48570100,0.745,51698300,0.746,37716500,18,99999,0
sh513130,09:36:45,1768181806746,5713.16,0.8948,3.0324,0.741,0.7401,0.1216,524000,388416,0.7413,0.741,17238700,0.740,93224400,0.739,72692500,0.738,69545200,0.737,43530500,0.742,62971000,0.743,54055000,0.744,48555500,0.745,51615200,0.746,37716500,45,99999,0
sh513130,09:36:42,1768181807740,5713.16,0.8948,2.449,0.741,0.7401,0.1216,0,0,0.741,0.741,13699400,0.740,92899800,0.739,72682500,0.738,69485200,0.737,43530500,0.742,62912900,0.743,54055000,0.744,48570100,0.745,51698300,0.746,37716500,365,99999,2
sh513130,09:36:45,1768181808744,5712.59,0.8948,2.0674,0.741,0.7401,0.1216,0,0,0.741,0.741,17238700,0.740,93224400,0.739,72692500,0.738,69545200,0.737,43530500,0.742,62971000,0.743,54055000,0.744,48555500,0.745,51615200,0.746,37716500,89,99999,0
sh513130,09:36:48,1768181810768,5712.59,0.8948,1.7571,0.741,0.7401,0.1216,208300,154459,0.7415,0.741,17507600,0.740,98575800,0.739,64562100,0.738,69566100,0.737,39930100,0.742,62691200,0.743,54348900,0.744,48686600,0.745,51727100,0.746,37726500,1227,99999,0
sh513130,09:36:51,1768181812771,5713.75,0.8948,2.0642,0.741,0.7401,0.1216,390400,289338,0.7411,0.741,44734700,0.740,100376500,0.739,65413800,0.738,70563500,0.737,37930100,0.742,63202900,0.743,54392600,0.744,48783700,0.745,51870200,0.746,37726500,54,99999,0
sh513130,09:36:54,1768181816834,5713.91,0.8948,2.243,0.741,0.7401,0.1216,400800,297092,0.7412,0.741,50742800,0.740,100394900,0.739,66261700,0.738,70563500,0.737,37930100,0.742,66152700,0.743,54247500,0.744,48655800,0.745,51877200,0.746,37729500,158,99999,0
sh513130,09:36:57,1768181818849,5712.97,0.8948,2.6369,0.741,0.7401,0.1216,1089600,807724,0.7413,0.741,25277900,0.740,100543000,0.739,67967100,0.738,69958500,0.737,37929900,0.742,66115400,0.743,54470000,0.744,48662400,0.745,51965200,0.746,37729500,93,99999,0
sh513130,09:37:00,1768181822877,5710.35,0.8948,2.7197,0.741,0.7401,0.1216,15569500,11537053,0.741,0.740,95090100,0.739,73760700,0.738,79958500,0.737,54469900,0.736,36282200,0.741,13928500,0.742,65800900,0.743,54590900,0.744,47825400,0.745,51943000,184,99999,0
sh513130,09:37:03,1768181825881,5709.77,0.8948,3.9443,0.741,0.7401,0.1216,3373600,2499792,0.741,0.740,98353400,0.739,74813000,0.738,79967500,0.737,54430900,0.736,36282200,0.741,14445900,0.742,63925400,0.743,53892800,0.744,47479600,0.745,52143000,1138,99999,0
sh513130,09:37:06,1768181827912,5708.2,0.8948,5.0356,0.741,0.7401,0.1216,1590900,1178857,0.741,0.740,79976900,0.739,76821800,0.738,79967500,0.737,55681900,0.736,46282200,0.741,19902300,0.742,64035700,0.743,53882700,0.744,47483600,0.745,52053000,1066,99999,0
sh513130,09:37:09,1768181831959,5705.96,0.8948,3.5275,0.741,0.7395,0.2028,1000400,740945,0.7406,0.740,79829900,0.739,76835400,0.738,80168900,0.737,56731900,0.736,46287200,0.741,20548600,0.742,64029900,0.743,54207100,0.744,47611100,0.745,52053000,795,99999,0
sh513130,09:37:12,1768181835006,5706.44,0.8948,1.8708,0.74,0.7395,0.0676,1339200,992316,0.741,0.740,103281000,0.739,86836900,0.738,80171400,0.737,58181900,0.736,36287200,0.741,22361100,0.742,64074600,0.743,54505100,0.744,47686100,0.745,51972600,356,99999,0
sh513130,09:37:15,1768181837022,5705.75,0.8948,5.8957,0.741,0.7394,0.2164,1162900,861482,0.7408,0.740,79025600,0.739,77095000,0.738,80001400,0.737,58398500,0.736,46292200,0.741,22119700,0.742,64381600,0.743,54506200,0.744,47691100,0.745,51982600,304,99999,0
sh513130,09:37:18,1768181839044,5705.35,0.8948,3.1963,0.741,0.7394,0.2164,941100,697322,0.741,0.740,79332600,0.739,69733100,0.738,70003400,0.737,59248500,0.736,53679000,0.741,22573400,0.742,64253100,0.743,54525000,0.744,47907600,0.745,51982600,14,99999,0
sh513130,09:37:21,1768181843084,5702.14,0.8948,3.2198,0.741,0.7394,0.2164,939100,695173,0.7403,0.740,76370100,0.739,70733100,0.738,70004100,0.737,59698500,0.736,53679000,0.741,24818400,0.742,63700100,0.743,54459000,0.744,48057600,0.745,52081300,383,99999,0
sh513130,09:37:24,1768181846129,5700.74,0.8948,1.5315,0.74,0.7388,0.1624,2643300,1957002,0.7404,0.740,73929300,0.739,70733100,0.738,70001600,0.737,60948500,0.736,53794000,0.741,26465700,0.742,63300300,0.743,54219500,0.744,48111000,0.745,52091300,1426,99999,0
sh513130,09:37:27,1768181850191,5701.61,0.8948,2.8691,0.74,0.7388,0.1624,1729400,1279976,0.7401,0.740,74812500,0.739,70741100,0.738,70046600,0.737,61798500,0.736,53715000,0.741,26585500,0.742,62863700,0.743,54311900,0.744,48111000,0.745,52098000,1475,99999,0
sh513130,09:37:30,1768181852190,5701.45,0.8948,2.4257,0.74,0.7388,0.1624,442500,327516,0.7401,0.740,72522700,0.739,70853500,0.738,70066600,0.737,65658500,0.736,53735000,0.741,28161200,0.742,61072300,0.743,54311900,0.744,48087500,0.745,52458400,1471,99999,0
sh513130,09:37:33,1768181856250,5698.81,0.8948,4.5644,0.74,0.7388,0.1624,71703100,53060263,0.74,0.739,64653800,0.738,71296700,0.737,78588900,0.736,52797900,0.735,31997300,0.740,13291000,0.741,33612700,0.742,54885800,0.743,53980900,0.744,48071800,1335,99999,0
sh513130,09:37:36,1768181858256,5698.16,0.8948,3.7081,0.74,0.7388,0.1624,3274100,2422834,0.74,0.739,53529900,0.738,74427500,0.737,69258900,0.736,54426900,0.735,41997300,0.740,14376500,0.741,35486600,0.742,54806200,0.743,54383500,0.744,48092600,1175,99999,0
sh513130,09:37:39,1768181861272,5699.4,0.8948,4.5824,0.739,0.7381,0.1219,581700,430377,0.7399,0.739,53862800,0.738,74430500,0.737,69270300,0.736,55270000,0.735,41997400,0.740,20686900,0.741,36624900,0.742,54280900,0.743,54373900,0.744,48551700,587,99999,0
sh513130,09:37:42,1768181865328,5699.4,0.8948,2.5249,0.739,0.7381,0.1219,305300,225755,0.7395,0.739,73874600,0.738,84615000,0.737,69292400,0.736,56121100,0.735,31998400,0.740,31492600,0.741,36587800,0.742,54193900,0.743,54280000,0.744,48578700,1767,99999,0
sh513130,09:37:45,1768181867329,5698.61,0.8948,2.2863,0.74,0.7374,0.3526,119800,88593,0.7395,0.739,74053300,0.738,84566000,0.737,69282400,0.736,56964800,0.735,32026800,0.740,33532100,0.741,37185500,0.742,54165400,0.743,54079500,0.744,48464100,666,99999,0
sh513130,09:37:48,1768181870327,5701.72,0.8948,4.9068,0.74,0.7374,0.3526,26425500,19554689,0.74,0.740,13614100,0.739,72959700,0.738,83729400,0.737,69332400,0.736,55411500,0.741,43771300,0.742,58402100,0.743,54479500,0.744,48401100,0.745,52713500,2293,99999,0
sh513130,09:37:51,1768181873349,5702.3,0.8948,4.1698,0.74,0.7381,0.2574,11247100,8322798,0.74,0.739,71233900,0.738,84247900,0.737,69780400,0.736,55552400,0.735,32085900,0.740,9670900,0.741,33018600,0.742,55035100,0.743,54318500,0.744,48440100,96,99999,0
sh513130,09:37:54,1768181877399,5703.9,0.8948,7.0994,0.74,0.7381,0.2574,782700,579090,0.7399,0.739,70913100,0.738,84325900,0.737,71049000,0.736,55554000,0.735,32105900,0.740,9097700,0.741,34185800,0.742,54793100,0.743,54294700,0.744,48433200,704,99999,0
sh513130,09:37:57,1768181879398,5705.4,0.8948,5.2552,0.74,0.7381,0.2574,5740800,4248188,0.74,0.740,39952200,0.739,87156100,0.738,72379100,0.737,72969000,0.736,38184000,0.741,39944600,0.742,54850500,0.743,54383000,0.744,48731000,0.745,52678300,710,99999,0
sh513130,09:38:00,1768181883411,5706.84,0.8948,7.1108,0.74,0.7381,0.2574,565800,418713,0.74,0.740,42059900,0.739,87186800,0.738,72295100,0.737,71589000,0.736,38486200,0.741,40407500,0.742,55469200,0.743,54553400,0.744,48797500,0.745,52741500,407,99999,0
sh513130,09:38:03,1768181885411,5706.91,0.8948,6.5159,0.74,0.7381,0.2574,598600,442967,0.74,0.740,43136300,0.739,87671700,0.738,73371100,0.737,72684000,0.736,38668000,0.741,40902000,0.742,55916300,0.743,54693900,0.744,48838700,0.745,52741500,251,99999,0
sh513130,09:38:06,1768181887424,5706.41,0.8948,4.1447,0.74,0.7388,0.1624,704700,521588,0.7402,0.740,44687800,0.739,87736500,0.738,74900400,0.737,71765100,0.736,38668000,0.741,41625200,0.742,55615000,0.743,54952600,0.744,48847700,0.745,54069500,109,99999,0
sh513130,09:38:09,1768181891459,5707.47,0.8948,6.0662,0.74,0.7394,0.0811,269400,199366,0.74,0.740,48425400,0.739,88136500,0.738,75763600,0.737,72254100,0.736,37780000,0.741,42406400,0.742,57921100,0.743,55048900,0.744,49139700,0.745,54078700,705,99999,0
sh513130,09:38:12,1768181893424,5706.84,0.8948,4.1003,0.741,0.7394,0.2164,589100,435938,0.74,0.740,49423600,0.739,86236500,0.738,76635100,0.737,72320500,0.736,39780000,0.741,53407900,0.742,58166400,0.743,55139600,0.744,49179200,0.745,54098400,734,99999,0
sh513130,09:38:15,1768181897450,5706.17,0.8948,3.9452,0.74,0.7394,0.0811,318600,235865,0.7403,0.740,49628700,0.739,88600500,0.738,77504800,0.737,72330500,0.736,38042700,0.741,53552600,0.742,59266400,0.743,55182800,0.744,48172900,0.745,54135900,722,99999,0
sh513130,09:38:18,1768181900484,5705.87,0.8948,3.6002,0.741,0.7394,0.2164,433100,320582,0.7402,0.740,21467700,0.739,88743800,0.738,78518800,0.737,72291300,0.736,38122100,0.741,53897200,0.742,59604200,0.743,55583900,0.744,48172900,0.745,53945900,241,99999,0
sh513130,09:38:21,1768181902487,5706.04,0.8948,3.938,0.74,0.7394,0.0811,538900,398969,0.7403,0.740,44879300,0.739,88787800,0.738,79513400,0.737,72291300,0.736,39375700,0.741,54695700,0.742,59715600,0.743,56368300,0.744,48194400,0.745,53993800,96,99999,0
sh513130,09:38:24,1768181905509,5705.98,0.8948,3.2557,0.74,0.7394,0.0811,1194000,883621,0.7401,0.740,47296300,0.739,89189000,0.738,80639500,0.737,72297500,0.736,38905500,0.741,55720100,0.742,59945600,0.743,56374300,0.744,48194400,0.745,54055600,796,99999,0
sh513130,09:38:27,1768181909506,5705.82,0.8948,1.7997,0.741,0.7394,0.2164,32800,24292,0.7406,0.740,46123500,0.739,91739700,0.738,77781200,0.737,69421300,0.736,35975500,0.741,55883100,0.742,59890500,0.743,56596200,0.744,48213900,0.745,54086300,608,99999,0
sh513130,09:38:30,1768181913544,5704.6,0.8948,-0.1666,0.74,0.7395,0.0676,120000,88842,0.7403,0.740,49882400,0.739,92655000,0.738,78650000,0.737,73351300,0.736,34990500,0.741,55413200,0.742,61253600,0.743,56616200,0.744,48203900,0.745,54201000,285,99999,0
sh513130,09:38:33,1768181914551,5704.6,0.8948,-0.1632,0.74,0.7395,0.0676,7081600,5240457,0.74,0.740,9431000,0.739,82715800,0.738,59407300,0.737,58421300,0.736,35994900,0.741,55794700,0.742,61502800,0.743,57392100,0.744,48204900,0.745,54203000,1293,99999,0
sh513130,09:38:36,1768181917588,5703.77,0.8948,1.2809,0.74,0.7394,0.0811,11796000,8728119,0.7399,0.739,81608800,0.738,64415900,0.737,60024200,0.736,36016100,0.735,32521000,0.740,23170700,0.741,53572400,0.742,61358700,0.743,57415400,0.744,48266700,24,99999,0
sh513130,09:38:39,1768181920616,5706.43,0.8948,3.1161,0.741,0.7388,0.2978,9850500,7289397,0.74,0.740,19344600,0.739,81956200,0.738,64435900,0.737,60969200,0.736,40009600,0.741,56029600,0.742,62516700,0.743,57685100,0.744,48295700,0.745,54253000,901,99999,0
sh513130,09:38:42,1768181924644,5705.63,0.8948,4.1354,0.741,0.7388,0.2978,702800,520149,0.7401,0.740,25704400,0.739,82264800,0.738,64440200,0.737,61419200,0.736,40019800,0.741,57862300,0.742,62709900,0.743,57884200,0.744,48321300,0.745,54267900,10,99999,0
sh513130,09:38:45,1768181926646,5707.13,0.8948,3.7412,0.741,0.7388,0.2978,606600,449051,0.7403,0.740,42567700,0.739,87532100,0.738,69480300,0.737,67269200,0.736,40069800,0.741,63357500,0.742,67732800,0.743,62654800,0.744,48350200,0.745,54503900,10,99999,0
sh513130,09:38:48,1768181930659,5708.49,0.8948,2.9498,0.74,0.7388,0.1624,177000,131041,0.7403,0.740,47112200,0.739,87983200,0.738,69427200,0.737,67269200,0.736,40089800,0.741,63807300,0.742,67991100,0.743,62928200,0.744,48366200,0.745,54503900,1949,99999,0
sh513130,09:38:51,1768181933705,5710.42,0.8948,2.2623,0.74,0.7388,0.1624,191100,141444,0.7402,0.740,50302300,0.739,88259300,0.738,66368000,0.737,67269200,0.736,36160100,0.741,63630000,0.742,67582900,0.743,62953900,0.744,48826300,0.745,54704100,981,99999,0
sh513130,09:38:54,1768181936707,5710.49,0.8948,0.662,0.74,0.7394,0.0811,416000,308222,0.7409,0.740,64102600,0.739,88737700,0.738,67735600,0.737,55939700,0.736,36390500,0.741,58555300,0.742,74776000,0.743,65001200,0.744,49106300,0.745,54714100,12,99999,0
sh513130,09:38:57,1768181939720,5711.56,0.8948,2.1867,0.74,0.7394,0.0811,234800,173881,0.7405,0.740,65996600,0.739,88974800,0.738,68758400,0.737,55946500,0.736,36706000,0.741,63048700,0.742,68653000,0.743,64991200,0.744,49141400,0.745,55696100,599,99999,0
sh513130,09:39:00,1768181942726,5710.09,0.8948,1.2152,0.741,0.7394,0.2164,398100,294744,0.7404,0.740,58939100,0.739,89118700,0.738,69618200,0.737,62336500,0.736,36738100,0.741,54075600,0.742,68627200,0.743,64991200,0.744,48809600,0.745,55777700,44,99999,0
sh513130,09:39:03,1768181944725,5712.34,0.8948,5.3556,0.74,0.7394,0.0811,705000,521771,0.7401,0.740,59838200,0.739,89747600,0.738,70487600,0.737,55976500,0.736,36740900,0.741,50400400,0.742,74831300,0.743,65166300,0.744,48870400,0.745,55957700,44,99999,0
sh513130,09:39:06,1768181947742,5713.96,0.8948,3.1465,0.741,0.7394,0.2164,448100,331894,0.7407,0.740,64941200,0.739,90277400,0.738,72264800,0.737,55976500,0.736,36750900,0.741,38828800,0.742,73840800,0.743,65161500,0.744,54356600,0.745,55827700,1014,99999,0
sh513130,09:39:09,1768181951737,5712.86,0.8948,4.8829,0.74,0.7401,-0.0135,367000,271716,0.7404,0.740,65690900,0.739,90270800,0.738,73119100,0.737,55988100,0.736,36771700,0.741,47865500,0.742,73651900,0.743,65164600,0.744,49356600,0.745,55864700,1026,99999,0
sh513130,09:39:12,1768181953738,5713.85,0.8948,3.2005,0.74,0.7401,-0.0135,1173500,868454,0.7401,0.740,65007400,0.739,90355600,0.738,73997900,0.737,55943600,0.736,36790500,0.741,48079700,0.742,73835400,0.743,65164600,0.744,49384000,0.745,56001000,1005,99999,0
sh513130,09:39:15,1768181957742,5713.49,0.8948,2.1302,0.74,0.7394,0.0811,1345600,996861,0.7408,0.740,66122200,0.739,90501700,0.738,74871900,0.737,55943600,0.736,36490500,0.741,42223200,0.742,74020700,0.743,65128400,0.744,49414000,0.745,56004800,1077,99999,0
sh513130,09:39:18,1768181960772,5713.81,0.8948,2.3216,0.74,0.7394,0.0811,154400,114295,0.7403,0.740,66084200,0.739,90423100,0.738,75560600,0.737,55943600,0.736,36492500,0.741,44130500,0.742,74033700,0.743,65168800,0.744,49614000,0.745,56291000,45,99999,0
sh513130,09:39:21,1768181962791,5712.25,0.8948,1.4201,0.741,0.7394,0.2164,542100,401170,0.74,0.740,65210400,0.739,90480400,0.738,75496100,0.737,56330600,0.736,36513900,0.741,53818700,0.742,68095600,0.743,65362400,0.744,49563700,0.745,56341500,57,99999,0
sh513130,09:39:24,1768181965807,5712.69,0.8948,1.6471,0.741,0.7394,0.2164,401400,297236,0.7405,0.740,65987500,0.739,90505400,0.738,76188600,0.737,56332600,0.736,36557200,0.741,50442500,0.742,74355600,0.743,65998700,0.744,49593900,0.745,56891500,784,99999,0
sh513130,09:39:27,1768181969790,5711.6,0.8948,3.701,0.741,0.7394,0.2164,155900,115404,0.7402,0.740,62867500,0.739,92080500,0.738,76234500,0.737,64542600,0.736,36645600,0.741,54657700,0.742,68263900,0.743,66119700,0.744,49133900,0.745,56891500,393,99999,0
sh513130,09:39:30,1768181971788,5713.09,0.8948,7.1386,0.741,0.7394,0.2164,808700,599204,0.7409,0.740,70519800,0.739,92154100,0.738,76262900,0.737,59015300,0.736,36645600,0.741,50259400,0.742,74919000,0.743,66119700,0.744,50104000,0.745,56941500,266,99999,0
sh513130,09:39:33,1768181975832,5714.05,0.8948,7.2732,0.74,0.7394,0.0811,3105000,2297801,0.74,0.740,69307800,0.739,92116500,0.738,76326000,0.737,59965300,0.736,36645600,0.741,47502200,0.742,74967000,0.743,66150100,0.744,50285300,0.745,56941500,16,99999,0
sh513130,09:39:36,1768181978863,5713.09,0.8948,6.1822,0.74,0.7394,0.0811,1273400,943438,0.7409,0.740,70931200,0.739,90272900,0.738,76234700,0.737,60735300,0.736,36778300,0.741,46700200,0.742,75360800,0.743,66217900,0.744,51009800,0.745,57071500,207,99999,0
sh513130,09:39:39,1768181980893,5712.29,0.8948,5.2683,0.74,0.7394,0.0811,39000,28865,0.7401,0.740,70794400,0.739,90302900,0.738,76559800,0.737,60735300,0.736,37816600,0.741,58355800,0.742,69238000,0.743,66217900,0.744,50629300,0.745,57081500,210,99999,0
sh513130,09:39:42,1768181983924,5711.81,0.8948,5.3684,0.74,0.7394,0.0811,764900,566049,0.74,0.740,64834300,0.739,90307900,0.738,76619200,0.737,65117400,0.736,37900300,0.741,58416600,0.742,69279200,0.743,67217900,0.744,50983000,0.745,57044800,1255,99999,0
sh513130,09:39:39,1768181984938,5711.31,0.8948,4.658,0.74,0.7394,0.0811,0,0,0.74,0.740,70794400,0.739,90302900,0.738,76559800,0.737,60735300,0.736,37816600,0.741,58355800,0.742,69238000,0.743,66217900,0.744,50629300,0.745,57081500,85,99999,2
sh513130,09:39:42,1768181985929,5711.31,0.8948,4.9875,0.74,0.7394,0.0811,0,0,0.74,0.740,64834300,0.739,90307900,0.738,76619200,0.737,65117400,0.736,37900300,0.741,58416600,0.742,69279200,0.743,67217900,0.744,50983000,0.745,57044800,1074,99999,0
sh513130,09:39:45,1768181986942,5711.77,0.8948,6.6139,0.74,0.7394,0.0811,233100,172574,0.7403,0.740,70602300,0.739,90341700,0.738,76897200,0.737,60737400,0.736,38010300,0.741,58363900,0.742,69251000,0.743,67217900,0.744,50985000,0.745,56820800,242,99999,0
sh513130,09:39:48,1768181990945,5712.41,0.8948,4.1301,0.74,0.7394,0.0811,398600,295086,0.7403,0.740,63210200,0.739,90311700,0.738,76893400,0.737,67173500,0.736,37010300,0.741,58238900,0.742,70608500,0.743,67253400,0.744,50985000,0.745,57134600,17,99999,0
sh513130,09:39:51,1768181992926,5712.16,0.8948,3.6327,0.741,0.7394,0.2164,70400,52163,0.741,0.740,54380400,0.739,90341500,0.738,76913400,0.737,67193500,0.736,37010300,0.741,58314000,0.742,70488100,0.743,67303500,0.744,51005000,0.745,57084600,189,99999,0
sh513130,09:39:54,1768181996962,5710.05,0.8948,3.9694,0.741,0.7394,0.2164,1318700,975859,0.74,0.740,58471200,0.739,90467200,0.738,76933400,0.737,67193500,0.736,38010400,0.741,58406400,0.742,71488100,0.743,67234500,0.744,51067100,0.745,57107600,294,99999,0
sh513130,09:39:57,1768181998963,5710.07,0.8948,2.6359,0.74,0.7394,0.0811,276600,204840,0.7406,0.740,52926100,0.739,90532600,0.738,76934400,0.737,67193500,0.736,38144500,0.741,58777000,0.742,71194400,0.743,67286500,0.744,51069100,0.745,57318200,247,99999,0
sh513130,09:40:00,1768182002990,5708.21,0.8948,1.231,0.741,0.7394,0.2164,963000,713530,0.7409,0.740,50024900,0.739,90400800,0.738,76939400,0.737,72291500,0.736,38154600,0.741,59143600,0.742,71474600,0.743,67387400,0.744,51079100,0.745,57324000,294,99999,0
sh513130,09:40:03,1768182005991,5706.84,0.8948,1.8873,0.74,0.7394,0.0811,23976100,17743274,0.74,0.739,91687900,0.738,77943400,0.737,72691800,0.736,38175400,0.735,33283200,0.740,19903900,0.741,58312300,0.742,68855100,0.743,67350500,0.744,51079100,1304,99999,0
sh513130,09:40:06,1768182008006,5705.92,0.8948,4.4141,0.74,0.7394,0.0811,1575300,1165722,0.74,0.739,91817400,0.738,67940900,0.737,72691800,0.736,39027600,0.735,33287200,0.740,25473800,0.741,60565900,0.742,68823000,0.743,61950500,0.744,51076600,1309,99999,0
sh513130,09:40:09,1768182012024,5706.74,0.8948,2.6144,0.74,0.7387,0.176,7266200,5376987,0.74,0.739,91927200,0.738,67963400,0.737,72624800,0.736,39873700,0.735,33287200,0.740,6775700,0.741,59969100,0.742,68816700,0.743,61940600,0.744,51266800,1314,99999,0
sh513130,09:40:12,1768182014021,5706.85,0.8948,3.151,0.74,0.7387,0.176,1983100,1467462,0.74,0.740,40941100,0.739,93114300,0.738,67993400,0.737,73625800,0.736,39022600,0.741,59709900,0.742,66817400,0.743,62467800,0.744,51266800,0.745,57954200,1290,99999,0
sh513130,09:40:09,1768182015022,5706.37,0.8948,2.6224,0.74,0.7387,0.176,0,0,0.74,0.739,91927200,0.738,67963400,0.737,72624800,0.736,39873700,0.735,33287200,0.740,6775700,0.741,59969100,0.742,68816700,0.743,61940600,0.744,51266800,319,99999,2
sh513130,09:40:12,1768182016039,5706.37,0.8948,2.6224,0.74,0.7387,0.176,0,0,0.74,0.740,40941100,0.739,93114300,0.738,67993400,0.737,73625800,0.736,39022600,0.741,59709900,0.742,66817400,0.743,62467800,0.744,51266800,0.745,57954200,1335,99999,0
sh513130,09:40:15,1768182019084,5710.2,0.8948,6.9535,0.741,0.7387,0.3114,2899500,2145637,0.74,0.740,44520200,0.739,93150300,0.738,67832200,0.737,73235800,0.736,38170000,0.741,59828300,0.742,66857100,0.743,68417500,0.744,51256400,0.745,57941200,72,99999,0
sh513130,09:40:18,1768182020102,5710.2,0.8948,6.8638,0.74,0.7387,0.176,1597700,1183300,0.7406,0.740,54492000,0.739,93281300,0.738,68809800,0.737,65875800,0.736,38206600,0.741,64100000,0.742,66867100,0.743,68579100,0.744,51664000,0.745,57961200,1090,99999,0
sh513130,09:40:21,1768182022109,5711.52,0.8948,5.4793,0.741,0.7394,0.2164,93900,69495,0.7401,0.740,60494300,0.739,93174200,0.738,69979600,0.737,60890800,0.736,38206700,0.741,54872000,0.742,74011500,0.743,68645900,0.744,51664300,0.745,58095400,944,99999,0
sh513130,09:40:18,1768182023122,5713.21,0.8948,5.3926,0.74,0.7387,0.176,0,0,0.74,0.740,54492000,0.739,93281300,0.738,68809800,0.737,65875800,0.736,38206600,0.741,64100000,0.742,66867100,0.743,68579100,0.744,51664000,0.745,57961200,378,99999,2
sh513130,09:40:21,1768182024126,5713.21,0.8948,5.928,0.741,0.7394,0.2164,0,0,0.741,0.740,60494300,0.739,93174200,0.738,69979600,0.737,60890800,0.736,38206700,0.741,54872000,0.742,74011500,0.743,68645900,0.744,51664300,0.745,58095400,803,99999,0
sh513130,09:40:24,1768182026126,5715.84,0.8948,3.954,0.741,0.7394,0.2164,5509800,4082539,0.741,0.740,61166700,0.739,93672300,0.738,71092800,0.737,56066200,0.736,38726700,0.741,37132800,0.742,74174100,0.743,68649300,0.744,56598500,0.745,57569200,622,99999,0
sh513130,09:40:27,1768182029148,5716.79,0.8948,3.435,0.74,0.7394,0.0811,341000,252414,0.7402,0.740,61488000,0.739,94613600,0.738,72199800,0.737,56046200,0.736,38692200,0.741,37644600,0.742,79023600,0.743,68659600,0.744,56598500,0.745,57569200,403,99999,0
sh513130,09:40:30,1768182032169,5717.56,0.8948,4.0689,0.74,0.7401,-0.0135,545900,403977,0.74,0.740,61955500,0.739,95579100,0.738,72241000,0.737,56046200,0.736,38662200,0.741,43206700,0.742,78991000,0.743,68524600,0.744,56723500,0.745,57455700,205,99999,0
sh513130,09:40:33,1768182035172,5718.19,0.8948,4.6952,0.741,0.7401,0.1216,17368500,12869954,0.741,0.740,62173000,0.739,97413200,0.738,72242000,0.737,56064500,0.736,38692200,0.741,20863200,0.742,80106900,0.743,68852800,0.744,56637800,0.745,57473700,454,99999,0
sh513130,09:40:36,1768182038210,5718.05,0.8948,3.3456,0.741,0.7401,0.1216,22969500,17020368,0.741,0.741,50913300,0.740,61554300,0.739,82557300,0.738,64895000,0.737,50974500,0.742,81302600,0.743,69852800,0.744,56587800,0.745,57502700,0.746,38533800,1522,99999,0
sh513130,09:40:39,1768182041241,5717.34,0.8948,1.6115,0.741,0.7401,0.1216,900600,667345,0.741,0.741,60419000,0.740,63518000,0.739,83412700,0.738,59502000,0.737,51093500,0.742,82339400,0.743,69968600,0.744,56650800,0.745,57622700,0.746,38433800,542,99999,0
sh513130,09:40:42,1768182043270,5717.66,0.8948,1.3355,0.741,0.7401,0.1216,209400,155268,0.7415,0.741,53020100,0.740,63662700,0.739,83396500,0.738,59533300,0.737,51102700,0.742,83517800,0.743,69898000,0.744,56650800,0.745,57652700,0.746,38453800,440,99999,0
sh513130,09:40:45,1768182046320,5719.49,0.8948,-0.0266,0.742,0.7401,0.2567,821700,608891,0.741,0.741,64299300,0.740,63951400,0.739,84072800,0.738,60193600,0.737,51102700,0.742,84141200,0.743,69925600,0.744,56651000,0.745,57662600,0.746,38453800,1333,99999,0
sh513130,09:40:48,1768182049362,5720.26,0.8948,1.6926,0.742,0.7401,0.2567,684200,507075,0.7411,0.741,64531200,0.740,64971300,0.739,84934700,0.738,60193600,0.737,51102700,0.742,85800500,0.743,69926000,0.744,56653200,0.745,57755800,0.746,38443800,59,99999,0
sh513130,09:40:51,1768182052399,5720.4,0.8948,-0.6083,0.741,0.74,0.1351,601100,445429,0.741,0.741,64834700,0.740,65765100,0.739,86293300,0.738,60188600,0.737,51107900,0.742,85852200,0.743,70097200,0.744,56673200,0.745,57746500,0.746,38643800,916,99999,0
sh513130,09:40:54,1768182057457,5720.87,0.8948,3.0583,0.741,0.7407,0.0405,1259300,933975,0.7417,0.741,64680300,0.740,66199100,0.739,87356200,0.738,60086800,0.737,51106700,0.742,87028500,0.743,70227600,0.744,56630900,0.745,57746500,0.746,38643800,731,99999,0
sh513130,09:40:57,1768182059486,5721.73,0.8948,3.3159,0.742,0.7407,0.1755,136900,101573,0.742,0.741,65248600,0.740,66804500,0.739,88292800,0.738,60099800,0.737,51107300,0.742,87325600,0.743,70323500,0.744,56723300,0.745,58547500,0.746,38693800,775,99999,0
sh513130,09:41:00,1768182063553,5721.18,0.8948,4.0858,0.742,0.7407,0.1755,670900,497186,0.7411,0.741,64747500,0.740,67013600,0.739,89088300,0.738,60578800,0.737,51080100,0.742,89358800,0.743,71282800,0.744,56823800,0.745,58558400,0.746,38943800,907,99999,0
sh513130,09:41:03,1768182064553,5721.18,0.8948,3.9647,0.741,0.7407,0.0405,638600,473410,0.7413,0.741,71836300,0.740,68821200,0.739,89178300,0.738,61404000,0.737,51080100,0.742,91138600,0.743,70800100,0.744,56823800,0.745,57958000,0.746,38958500,113,99999,0
sh513130,09:41:00,1768182065553,5720.69,0.8948,3.7051,0.742,0.7407,0.1755,0,0,0.742,0.741,64747500,0.740,67013600,0.739,89088300,0.738,60578800,0.737,51080100,0.742,89358800,0.743,71282800,0.744,56823800,0.745,58558400,0.746,38943800,829,99999,2
sh513130,09:41:03,1768182066569,5720.69,0.8948,3.3729,0.741,0.7407,0.0405,0,0,0.741,0.741,71836300,0.740,68821200,0.739,89178300,0.738,61404000,0.737,51080100,0.742,91138600,0.743,70800100,0.744,56823800,0.745,57958000,0.746,38958500,1841,99999,0
sh513130,09:41:06,1768182068603,5721.62,0.8948,3.2415,0.741,0.7407,0.0405,644500,477663,0.7411,0.741,71548100,0.740,68988200,0.739,90300300,0.738,62263200,0.737,51580100,0.742,81060100,0.743,81822900,0.744,57031100,0.745,57550100,0.746,38966000,1900,99999,0
sh513130,09:41:09,1768182070616,5719.58,0.8948,2.97,0.742,0.7407,0.1755,1004300,745175,0.742,0.741,71924400,0.740,69207500,0.739,90300200,0.738,63125600,0.737,51580100,0.742,89411600,0.743,70642900,0.744,57080100,0.745,57338200,0.746,38972000,3,99999,0
sh513130,09:41:12,1768182074660,5720.19,0.8948,2.1257,0.742,0.7407,0.1755,701700,520194,0.7413,0.741,71848000,0.740,69413900,0.739,90533000,0.738,64051400,0.737,51440100,0.742,90026000,0.743,71229800,0.744,57112600,0.745,57328200,0.746,39059200,45,99999,0
sh513130,09:41:15,1768182077710,5720.29,0.8948,2.6751,0.742,0.7407,0.1755,1068600,792843,0.7419,0.741,71807600,0.740,70267400,0.739,90643500,0.738,65117700,0.737,51440100,0.742,89684700,0.743,71379800,0.744,57113600,0.745,57431900,0.746,39064200,296,99999,0
sh513130,09:41:18,1768182079726,5719.78,0.8948,4.0628,0.742,0.7407,0.1755,357000,264844,0.7419,0.741,63158600,0.740,70426000,0.739,90745400,0.738,69379500,0.737,51441100,0.742,89562900,0.743,71582300,0.744,57144600,0.745,57448700,0.746,39134200,152,99999,0
sh513130,09:41:15,1768182080743,5721.99,0.8948,4.6,0.742,0.7407,0.1755,0,0,0.742,0.741,71807600,0.740,70267400,0.739,90643500,0.738,65117700,0.737,51440100,0.742,89684700,0.743,71379800,0.744,57113600,0.745,57431900,0.746,39064200,4,99999,2
sh513130,09:41:18,1768182081740,5721.99,0.8948,4.0739,0.742,0.7407,0.1755,0,0,0.742,0.741,63158600,0.740,70426000,0.739,90745400,0.738,69379500,0.737,51441100,0.742,89562900,0.743,71582300,0.744,57144600,0.745,57448700,0.746,39134200,11,99999,0
sh513130,09:41:21,1768182082756,5720.59,0.8948,3.3972,0.742,0.7407,0.1755,1473700,1093099,0.7417,0.741,72358200,0.740,71517500,0.739,90470400,0.738,66838300,0.737,51441100,0.742,87114000,0.743,71264400,0.744,57204700,0.745,57448700,0.746,39134200,67,99999,0
sh513130,09:41:24,1768182086817,5722.67,0.8948,4.023,0.742,0.7407,0.1755,1325600,983557,0.742,0.741,72811600,0.740,71652900,0.739,90500900,0.738,67689200,0.737,51441100,0.742,80045000,0.743,78479000,0.744,57207700,0.745,57513400,0.746,39244200,141,99999,0
sh513130,09:41:27,1768182088818,5722.69,0.8948,4.2252,0.742,0.7407,0.1755,1042000,773139,0.742,0.741,72904600,0.740,72745900,0.739,91561500,0.738,63431600,0.737,51441100,0.742,69272000,0.743,80866000,0.744,56968800,0.745,58385000,0.746,39257700,79,99999,0
sh513130,09:41:30,1768182092862,5722.54,0.8948,3.4974,0.741,0.7407,0.0405,1914400,1419450,0.7415,0.741,72320900,0.740,73701900,0.739,90573200,0.738,63482000,0.737,51461200,0.742,75052000,0.743,81247800,0.744,56993800,0.745,59095000,0.746,39257700,174,99999,0
sh513130,09:41:33,1768182094877,5723.03,0.8948,3.6841,0.741,0.7407,0.0405,54000,40067,0.742,0.741,72039900,0.740,74944200,0.739,90655100,0.738,63484000,0.737,51446200,0.742,75771500,0.743,81399300,0.744,57017300,0.745,58739000,0.746,39277700,167,99999,0
sh513130,09:41:36,1768182098899,5723.61,0.8948,3.6565,0.742,0.7407,0.1755,152700,113255,0.7417,0.741,71960100,0.740,75758600,0.739,90632000,0.738,63496900,0.737,51446200,0.742,76045400,0.743,81325200,0.744,57012300,0.745,58566900,0.746,39328800,148,99999,0
sh513130,09:41:39,1768182101931,5722.98,0.8948,2.624,0.741,0.7414,-0.054,65300,48452,0.742,0.741,72209800,0.740,76639000,0.739,90727300,0.738,63419500,0.737,51456200,0.742,76263600,0.743,81389200,0.744,57077300,0.745,58966900,0.746,39366000,783,99999,0
sh513130,09:41:42,1768182103933,5722.35,0.8948,2.6896,0.742,0.7414,0.0809,678500,502961,0.7413,0.741,71986600,0.740,73624400,0.739,90778600,0.738,63519500,0.737,51456200,0.742,85740700,0.743,75944500,0.744,57697400,0.745,58714500,0.746,39376000,632,99999,0
sh513130,09:41:45,1768182107956,5721.31,0.8948,2.3658,0.742,0.7414,0.0809,558800,414478,0.7417,0.741,72027600,0.740,73150900,0.739,90797600,0.738,64171300,0.737,51460400,0.742,86086300,0.743,76009300,0.744,57722400,0.745,58718500,0.746,39386000,341,99999,0
sh513130,09:41:48,1768182109973,5721.08,0.8948,1.8862,0.742,0.7414,0.0809,998800,740925,0.7418,0.741,62360600,0.740,73292200,0.739,90804400,0.738,67551300,0.737,51479800,0.742,86055500,0.743,76270800,0.744,58034000,0.745,58718500,0.746,39412500,205,99999,0
sh513130,09:41:51,1768182113991,5720.95,0.8948,3.5934,0.742,0.7407,0.1755,507600,376510,0.7417,0.741,70063600,0.740,74468200,0.739,90869600,0.738,65048000,0.737,51479800,0.742,85809400,0.743,76409200,0.744,58181100,0.745,58711700,0.746,39412500,1260,99999,0
sh513130,09:41:54,1768182116022,5720.98,0.8948,2.6393,0.742,0.7407,0.1755,519400,385358,0.7419,0.741,74101800,0.740,74668200,0.739,91188800,0.738,66620300,0.737,51480400,0.742,85889700,0.743,76468800,0.744,58300600,0.745,58724800,0.746,39712300,1369,99999,0
sh513130,09:41:57,1768182118036,5721.12,0.8948,5.6106,0.742,0.7407,0.1755,510800,378917,0.7418,0.741,74359700,0.740,74619200,0.739,91125100,0.738,67532100,0.737,51485900,0.742,85693600,0.743,76657400,0.744,58220600,0.745,58834800,0.746,39940200,1312,99999,0
sh513130,09:41:54,1768182119049,5721.34,0.8948,5.1494,0.742,0.7407,0.1755,0,0,0.742,0.741,74101800,0.740,74668200,0.739,91188800,0.738,66620300,0.737,51480400,0.742,85889700,0.743,76468800,0.744,58300600,0.745,58724800,0.746,39712300,314,99999,2
sh513130,09:41:57,1768182120067,5721.34,0.8948,5.4072,0.742,0.7407,0.1755,0,0,0.742,0.741,74359700,0.740,74619200,0.739,91125100,0.738,67532100,0.737,51485900,0.742,85693600,0.743,76657400,0.744,58220600,0.745,58834800,0.746,39940200,1334,99999,0
sh513130,09:42:00,1768182122082,5722.44,0.8948,6.5793,0.742,0.7414,0.0809,150000,111300,0.742,0.741,72675200,0.740,76567000,0.739,92164600,0.738,63297400,0.737,51490400,0.742,82217500,0.743,83224600,0.744,58209200,0.745,58894500,0.746,40579100,1375,99999,0
sh513130,09:42:03,1768182126113,5722.09,0.8948,8.1254,0.741,0.7414,-0.054,730700,541846,0.7415,0.741,72398200,0.740,77713400,0.739,91296400,0.738,63297400,0.737,51490400,0.742,77569900,0.743,83555700,0.744,58212200,0.745,58959200,0.746,40563500,1202,99999,0
sh513130,09:42:06,1768182128149,5722.25,0.8948,7.3971,0.742,0.7414,0.0809,396800,294318,0.7417,0.741,72299300,0.740,77810500,0.739,91294900,0.738,63447400,0.737,51490400,0.742,81588900,0.743,83883000,0.744,58262200,0.745,59068200,0.746,40596000,1076,99999,0
sh513130,09:42:09,1768182131199,5720.98,0.8948,6.6992,0.741,0.7414,-0.054,370400,274547,0.7412,0.741,66234700,0.740,75363800,0.739,91291400,0.738,62447400,0.737,51490400,0.742,85871700,0.743,77662600,0.744,58315800,0.745,59078300,0.746,40596000,496,99999,0
sh513130,09:42:12,1768182134224,5719.52,0.8948,5.354,0.742,0.7414,0.0809,465500,345228,0.7416,0.741,66297100,0.740,75454500,0.739,91373000,0.738,64296200,0.737,51492500,0.742,86489800,0.743,77896700,0.744,58365900,0.745,59078300,0.746,40646000,679,99999,0
sh513130,09:42:15,1768182137259,5720.2,0.8948,5.5314,0.741,0.7407,0.0405,1205700,893482,0.741,0.741,65649400,0.740,75496500,0.739,91373000,0.738,64356200,0.737,51522500,0.742,86849700,0.743,77903800,0.744,58422100,0.745,59099100,0.746,40646000,553,99999,0
sh513130,09:42:18,1768182141305,5720.39,0.8948,4.9442,0.741,0.7407,0.0405,607500,450347,0.7413,0.741,66284700,0.740,76041700,0.739,92179400,0.738,65210000,0.737,51522500,0.742,86973500,0.743,78094100,0.744,58389900,0.745,59159100,0.746,40646000,597,99999,0
sh513130,09:42:21,1768182143319,5719.75,0.8948,3.7053,0.742,0.7407,0.1755,5347300,3962427,0.741,0.741,40638500,0.740,65265500,0.739,92179200,0.738,71458800,0.737,51532600,0.742,87305300,0.743,76048700,0.744,58053900,0.745,59126300,0.746,40567200,599,99999,0
sh513130,09:42:24,1768182146369,5719.08,0.8948,3.7145,0.741,0.7407,0.0405,22967400,17018861,0.741,0.740,68619300,0.739,93046600,0.738,74685200,0.737,51533200,0.736,39460200,0.741,27008000,0.742,84914900,0.743,75158400,0.744,58153300,0.745,58295900,1680,99999,0
sh513130,09:42:27,1768182148400,5719.98,0.8948,2.5125,0.741,0.7407,0.0405,21636800,16032910,0.741,0.741,33293600,0.740,69972000,0.739,93060500,0.738,73154200,0.737,51534400,0.742,92233700,0.743,76158400,0.744,58273300,0.745,58299700,0.746,40580900,1654,99999,0
sh513130,09:42:30,1768182152408,5719.45,0.8948,2.4397,0.742,0.7407,0.1755,7862500,5826220,0.741,0.741,1881500,0.740,71086100,0.739,93065300,0.738,72595900,0.737,50534400,0.742,96730800,0.743,77357600,0.744,58409300,0.745,58241500,0.746,40460900,1618,99999,0
sh513130,09:42:33,1768182155432,5717.79,0.8948,3.8593,0.741,0.7407,0.0405,1611500,1194121,0.741,0.740,73234100,0.739,93222000,0.738,73996500,0.737,52384300,0.736,39465200,0.741,12471300,0.742,97987700,0.743,77296600,0.744,58409300,0.745,58235100,318,99999,0
sh513130,09:42:36,1768182157438,5718.71,0.8948,4.1708,0.741,0.74,0.1351,4436200,3287235,0.741,0.741,28309100,0.740,73628100,0.739,92218400,0.738,73987200,0.737,51594400,0.742,98418400,0.743,76320600,0.744,58009300,0.745,58349100,0.746,40435200,175,99999,0
sh513130,09:42:39,1768182161462,5718.5,0.8948,2.3684,0.741,0.7401,0.1216,2550300,1889773,0.741,0.741,1179400,0.740,74177200,0.739,92351400,0.738,73593900,0.737,51594400,0.742,98547600,0.743,76007400,0.744,58467500,0.745,58353100,0.746,40435200,787,99999,0
sh513130,09:42:42,1768182164446,5717.86,0.8948,1.386,0.741,0.7401,0.1216,5303600,3929967,0.741,0.741,575500,0.740,74650100,0.739,93625900,0.738,73993900,0.737,51740100,0.742,100267900,0.743,76151500,0.744,58437500,0.745,58353100,0.746,40435200,710,99999,0
sh513130,09:42:45,1768182168411,5717.17,0.8948,1.6232,0.741,0.7401,0.1216,2392600,1773005,0.741,0.740,74879800,0.739,94261500,0.738,74236600,0.737,51740100,0.736,39465200,0.741,1186800,0.742,102650700,0.743,76254800,0.744,58557500,0.745,58360100,340,99999,0
sh513130,09:42:48,1768182170421,5717.07,0.8948,-0.4899,0.741,0.7401,0.1216,5190000,3840786,0.74,0.740,71721300,0.739,94230500,0.738,74236600,0.737,53390000,0.736,39435200,0.741,16475700,0.742,102837400,0.743,75898600,0.744,58277500,0.745,58217000,1700,99999,0
sh513130,09:42:51,1768182173434,5715.75,0.8948,1.6603,0.741,0.7401,0.1216,237200,175627,0.7404,0.740,74083300,0.739,94255500,0.738,73183900,0.737,52390000,0.736,39435200,0.741,16787100,0.742,102920500,0.743,75912100,0.744,58423800,0.745,58217000,751,99999,0
sh513130,09:42:54,1768182176427,5716.03,0.8948,3.7353,0.74,0.7401,-0.0135,5561600,4115888,0.7401,0.740,69084600,0.739,94196100,0.738,74183900,0.737,54990000,0.736,39445200,0.741,20848600,0.742,101272400,0.743,75325100,0.744,57646000,0.745,58517600,1700,99999,0
sh513130,09:42:57,1768182179430,5715.94,0.8948,2.3207,0.74,0.7401,-0.0135,610000,451769,0.7406,0.740,71870600,0.739,94182800,0.738,74197500,0.737,55840000,0.736,39445200,0.741,21004100,0.742,101422000,0.743,75238900,0.744,58087900,0.745,58529600,600,99999,0
sh513130,09:43:00,1768182183435,5716.31,0.8948,2.0625,0.741,0.7401,0.1216,465000,344463,0.7408,0.740,72001600,0.739,94210300,0.738,74217500,0.737,56690000,0.736,39445200,0.741,19596700,0.742,100627400,0.743,75184500,0.744,58035500,0.745,58599900,277,99999,0
sh513130,09:43:03,1768182185411,5716.7,0.8948,2.1985,0.74,0.7401,-0.0135,1448200,1072129,0.7403,0.740,72564700,0.739,94198300,0.738,74217300,0.737,56741700,0.736,39455200,0.741,15283500,0.742,100820400,0.743,74944300,0.744,57565500,0.745,58611100,69,99999,0
sh513130,09:43:06,1768182187418,5717.69,0.8948,1.8547,0.742,0.7401,0.2567,10727800,7949401,0.741,0.741,43605700,0.740,72595100,0.739,93141800,0.738,74220300,0.737,51649300,0.742,102705400,0.743,76104700,0.744,57820500,0.745,58708600,0.746,40414300,675,99999,0
sh513130,09:43:03,1768182188421,5717.69,0.8948,7.2977,0.74,0.7401,-0.0135,0,0,0.74,0.740,72564700,0.739,94198300,0.738,74217300,0.737,56741700,0.736,39455200,0.741,15283500,0.742,100820400,0.743,74944300,0.744,57565500,0.745,58611100,906,99999,2
sh513130,09:43:06,1768182189425,5719.65,0.8948,7.2097,0.742,0.7401,0.2567,0,0,0.742,0.741,43605700,0.740,72595100,0.739,93141800,0.738,74220300,0.737,51649300,0.742,102705400,0.743,76104700,0.744,57820500,0.745,58708600,0.746,40414300,678,99999,0
sh513130,09:43:09,1768182191429,5718.88,0.8948,7.5246,0.741,0.7408,0.027,484400,358940,0.741,0.741,49855800,0.740,75389500,0.739,93131800,0.738,68978800,0.737,51782200,0.742,98607500,0.743,78974700,0.744,60486800,0.745,58678600,0.746,40414300,685,99999,0
sh513130,09:43:12,1768182194443,5719.14,0.8948,5.2472,0.742,0.7408,0.162,661800,490399,0.741,0.741,55718900,0.740,76206800,0.739,94139100,0.738,63981200,0.737,51777200,0.742,99443900,0.743,79362300,0.744,60517900,0.745,58678600,0.746,40414300,452,99999,0
sh513130,09:43:15,1768182196476,5719.81,0.8948,4.192,0.742,0.7408,0.162,494000,366238,0.7414,0.741,55851800,0.740,77513300,0.739,93159600,0.738,64021800,0.737,51777200,0.742,100335500,0.743,79397200,0.744,60479700,0.745,58779600,0.746,40422600,323,99999,0
sh513130,09:43:18,1768182201505,5721.94,0.8948,6.9738,0.742,0.7408,0.162,783500,580732,0.7412,0.741,55387600,0.740,78708100,0.739,93171600,0.738,64021800,0.737,51790200,0.742,88894000,0.743,91226800,0.744,63380500,0.745,58779600,0.746,40427600,777,99999,0
sh513130,09:43:21,1768182203535,5722.21,0.8948,5.9994,0.741,0.7408,0.027,785700,582224,0.741,0.741,58809700,0.740,77173500,0.739,94278400,0.738,64022800,0.737,51790200,0.742,84921700,0.743,91647800,0.744,63700700,0.745,58779600,0.746,40427600,855,99999,0
sh513130,09:43:24,1768182207584,5722.15,0.8948,4.9985,0.742,0.7408,0.162,306800,227610,0.7419,0.741,58934200,0.740,78158000,0.739,93281400,0.738,64037400,0.737,51779100,0.742,85128300,0.743,91823100,0.744,64014400,0.745,58568300,0.746,40455700,609,99999,0
sh513130,09:43:27,1768182208603,5722.15,0.8948,6.2643,0.741,0.7408,0.027,225100,167003,0.7419,0.741,59769100,0.740,79156000,0.739,93261400,0.738,64037600,0.737,51779100,0.742,90706100,0.743,91838100,0.744,64014400,0.745,58558300,0.746,40670400,1624,99999,0
sh513130,09:43:30,1768182212653,5722.42,0.8948,5.4301,0.742,0.7414,0.0809,57900,42941,0.7416,0.741,61155200,0.740,79386700,0.739,93211400,0.738,64021700,0.737,51792600,0.742,91229000,0.743,91930600,0.744,64075200,0.745,58573300,0.746,40670400,12,99999,0
sh513130,09:43:33,1768182215641,5722.54,0.8948,3.5922,0.741,0.7414,-0.054,1040300,771454,0.7416,0.741,61260000,0.740,80210600,0.739,94217400,0.738,63996000,0.737,51725600,0.742,91197100,0.743,91965600,0.744,64336400,0.745,58611400,0.746,40672200,14,99999,0
sh513130,09:43:36,1768182218650,5724.01,0.8948,3.1356,0.741,0.7414,-0.054,701600,520493,0.7419,0.741,62142800,0.740,81232600,0.739,94251400,0.738,64214900,0.737,51725600,0.742,85137000,0.743,92822700,0.744,64659700,0.745,64021400,0.746,40672200,39,99999,0
sh513130,09:43:39,1768182221654,5723.93,0.8948,1.9583,0.742,0.7415,0.0674,836300,620521,0.742,0.741,62689400,0.740,82272000,0.739,93222200,0.738,64284900,0.737,51755600,0.742,85335000,0.743,92454000,0.744,64825500,0.745,64021400,0.746,40672200,962,99999,0
sh513130,09:43:42,1768182224643,5724.2,0.8948,2.855,0.741,0.7415,-0.0674,144200,106916,0.7414,0.741,63409700,0.740,83008000,0.739,93213400,0.738,63315100,0.737,51765600,0.742,76365300,0.743,100453200,0.744,64805100,0.745,64023400,0.746,40794100,23,99999,0
sh513130,09:43:45,1768182228691,5723.54,0.8948,2.2997,0.742,0.7415,0.0674,895900,663880,0.741,0.741,62704800,0.740,83199300,0.739,93338100,0.738,64324300,0.737,51777000,0.742,76644600,0.743,100574200,0.744,65632800,0.745,64026400,0.746,40794100,58,99999,0
sh513130,09:43:48,1768182229711,5723.54,0.8948,3.1906,0.742,0.7415,0.0674,371700,275685,0.7417,0.741,71096800,0.740,83376800,0.739,93420100,0.738,64322300,0.737,51764000,0.742,76723700,0.743,100738600,0.744,65596300,0.745,64014300,0.746,40810100,999,99999,0
sh513130,09:43:51,1768182233674,5723.43,0.8948,2.573,0.742,0.7415,0.0674,237500,176095,0.7415,0.741,71208900,0.740,83523900,0.739,93420600,0.738,64322300,0.737,51764000,0.742,76536000,0.743,110811700,0.744,65582800,0.745,64102000,0.746,40810100,783,99999,0
sh513130,09:43:54,1768182235687,5722.2,0.8948,0.6144,0.742,0.7415,0.0674,165800,122946,0.7415,0.741,71663700,0.740,84083600,0.739,93420600,0.738,64334900,0.737,51764000,0.742,91930800,0.743,91246900,0.744,60462300,0.745,63704000,0.746,40899700,629,99999,0
sh513130,09:43:57,1768182239695,5722.88,0.8948,2.8424,0.742,0.7415,0.0674,285300,211540,0.7415,0.741,71781900,0.740,84341700,0.739,93390600,0.738,64254900,0.737,51767000,0.742,97058700,0.743,91582400,0.744,60422700,0.745,58704000,0.746,40899700,323,99999,0
sh513130,09:44:00,1768182242719,5722.28,0.8948,2.3871,0.742,0.7415,0.0674,615200,456428,0.7419,0.741,72137900,0.740,84894300,0.739,93390600,0.738,64234900,0.737,51767100,0.742,85636000,0.743,97168000,0.744,66066500,0.745,58655500,0.746,40929700,15,99999,0
sh513130,09:44:03,1768182246678,5721.07,0.8948,3.3491,0.742,0.7415,0.0674,408900,303210,0.7415,0.741,72122200,0.740,84923100,0.739,93400800,0.738,64321800,0.737,51754100,0.742,85408400,0.743,97122600,0.744,66161900,0.745,58655500,0.746,40949700,15,99999,0
sh513130,09:44:06,1768182248689,5721.66,0.8948,2.2843,0.742,0.7415,0.0674,26200,19441,0.742,0.741,72417800,0.740,86934200,0.739,93412800,0.738,64328600,0.737,51834100,0.742,85492200,0.743,97284900,0.744,66259100,0.745,58599500,0.746,40950700,77,99999,0
sh513130,09:44:09,1768182251726,5722.04,0.8948,2.6028,0.742,0.7408,0.162,126800,94014,0.7414,0.741,72531000,0.740,88113300,0.739,94412500,0.738,64322400,0.737,52034200,0.742,81428600,0.743,104921100,0.744,72911700,0.745,58599500,0.746,41050700,1024,99999,0
sh513130,09:44:12,1768182253758,5721.11,0.8948,1.1506,0.742,0.7408,0.162,244200,181146,0.7418,0.741,72570100,0.740,88277200,0.739,94478900,0.738,64323600,0.737,52034200,0.742,81262400,0.743,104931100,0.744,73011500,0.745,58899500,0.746,41058200,1078,99999,0
sh513130,09:44:15,1768182257819,5722.43,0.8948,3.615,0.741,0.7408,0.027,720600,534595,0.7419,0.741,75137800,0.740,88285300,0.739,94477900,0.738,64635400,0.737,52334000,0.742,80904200,0.743,104963100,0.744,73073700,0.745,58893500,0.746,41657600,1100,99999,0
sh513130,09:44:18,1768182260853,5722.66,0.8948,4.4681,0.742,0.7408,0.162,267800,198654,0.7418,0.741,76796500,0.740,88388500,0.739,93297900,0.738,64645400,0.737,52334000,0.742,80859300,0.743,105080600,0.744,73103700,0.745,58914500,0.746,41657600,144,99999,0
sh513130,09:44:21,1768182262869,5719.84,0.8948,3.5938,0.742,0.7415,0.0674,134900,100052,0.7417,0.741,72431700,0.740,88119200,0.739,93267900,0.738,64645400,0.737,52340000,0.742,96533400,0.743,91745900,0.744,60768800,0.745,58914500,0.746,41657600,143,99999,0
sh513130,09:44:24,1768182266885,5720.3,0.8948,4.7919,0.741,0.7415,-0.0674,96800,71775,0.7415,0.741,59580200,0.740,80087200,0.739,93238200,0.738,65424300,0.737,52040000,0.742,96666400,0.743,91859100,0.744,60773800,0.745,58927700,0.746,41657600,189,99999,0
sh513130,09:44:27,1768182269914,5720.18,0.8948,4.4308,0.741,0.7415,-0.0674,241200,178919,0.7418,0.741,69880600,0.740,83538300,0.739,93257800,0.738,66283200,0.737,52040000,0.742,96487200,0.743,91957500,0.744,60790300,0.745,58385100,0.746,41593600,260,99999,0
sh513130,09:44:30,1768182271930,5717.71,0.8948,3.2016,0.741,0.7408,0.027,5868000,4348224,0.741,0.741,8979400,0.740,83593300,0.739,93284500,0.738,79912100,0.737,52042700,0.742,98605200,0.743,90949700,0.744,60856300,0.745,58431700,0.746,41630100,121,99999,0
sh513130,09:44:33,1768182274965,5718.23,0.8948,3.8756,0.741,0.7408,0.027,8768300,6497474,0.741,0.741,810800,0.740,83844400,0.739,93278700,0.738,79912100,0.737,52042700,0.742,98114400,0.743,91148800,0.744,60866300,0.745,58431700,0.746,41819100,266,99999,0
sh513130,09:44:36,1768182277973,5717.31,0.8948,3.9939,0.741,0.7408,0.027,1274200,944330,0.7411,0.740,83209100,0.739,94220500,0.738,80798000,0.737,52042700,0.736,39064800,0.741,10658400,0.742,107921600,0.743,90138800,0.744,60971300,0.745,58431700,1282,99999,0
sh513130,09:44:39,1768182281997,5715.73,0.8948,4.1443,0.74,0.7408,-0.108,560200,415078,0.7409,0.740,83720400,0.739,94220500,0.738,80646900,0.737,52049700,0.736,39064800,0.741,46856100,0.742,90295300,0.743,90263000,0.744,57804000,0.745,58411700,1251,99999,0
sh513130,09:44:42,1768182285039,5715.93,0.8948,5.5458,0.74,0.7408,-0.108,371900,275444,0.7406,0.740,84051500,0.739,94247500,0.738,82308500,0.737,52899700,0.736,39108900,0.741,16986400,0.742,106589200,0.743,104089200,0.744,52807000,0.745,58441700,265,99999,0
sh513130,09:44:45,1768182288053,5716.59,0.8948,6.5027,0.741,0.7401,0.1216,176700,130911,0.7409,0.740,84266900,0.739,94307500,0.738,81308500,0.737,52899700,0.736,39108900,0.741,22919500,0.742,103843300,0.743,104089200,0.744,52807100,0.745,58441700,1129,99999,0
sh513130,09:44:48,1768182291096,5715.6,0.8948,4.5469,0.741,0.7401,0.1216,1002700,742854,0.7409,0.740,84975100,0.739,94400100,0.738,82314300,0.737,54599700,0.736,39108900,0.741,22553100,0.742,103244800,0.743,104173300,0.744,52823600,0.745,58578200,357,99999,0
sh513130,09:44:51,1768182293127,5717.26,0.8948,6.3498,0.741,0.7401,0.1216,165500,122595,0.7408,0.740,85598700,0.739,94460300,0.738,82324300,0.737,55455000,0.736,39108900,0.741,17006700,0.742,104026700,0.743,103170300,0.744,52341500,0.745,58609100,90,99999,0
sh513130,09:44:54,1768182296176,5718.3,0.8948,5.5257,0.741,0.7401,0.1216,5720900,4239187,0.741,0.741,42625200,0.740,83949100,0.739,93438300,0.738,75959300,0.737,52054900,0.742,106019300,0.743,102949300,0.744,52737500,0.745,58663400,0.746,41816100,621,99999,0
sh513130,09:44:57,1768182298207,5719.45,0.8948,5.3869,0.741,0.7401,0.1216,526900,390443,0.741,0.741,55537300,0.740,81758400,0.739,94616300,0.738,65494000,0.737,52058900,0.742,106259100,0.743,102138300,0.744,57704500,0.745,58665400,0.746,41826800,491,99999,0
sh513130,09:44:54,1768182299225,5718.53,0.8948,4.0741,0.741,0.7401,0.1216,0,0,0.741,0.741,42625200,0.740,83949100,0.739,93438300,0.738,75959300,0.737,52054900,0.742,106019300,0.743,102949300,0.744,52737500,0.745,58663400,0.746,41816100,470,99999,2
sh513130,09:44:57,1768182300234,5718.53,0.8948,4.2507,0.741,0.7401,0.1216,0,0,0.741,0.741,55537300,0.740,81758400,0.739,94616300,0.738,65494000,0.737,52058900,0.742,106259100,0.743,102138300,0.744,57704500,0.745,58665400,0.746,41826800,358,99999,0
sh513130,09:45:00,1768182303236,5717.36,0.8948,5.5155,0.741,0.7408,0.027,325300,241048,0.741,0.741,50423300,0.740,82034900,0.739,93941500,0.738,66347900,0.737,52058900,0.742,106580000,0.743,102220200,0.744,58176400,0.745,58677100,0.746,41876800,548,99999,0
sh513130,09:45:03,1768182304266,5717.36,0.8948,5.4678,0.741,0.7408,0.027,6334900,4694175,0.741,0.741,33363600,0.740,85248800,0.739,93894400,0.738,67596800,0.737,52058900,0.742,112291700,0.743,102087100,0.744,58218000,0.745,58677100,0.746,41747800,62,99999,0
sh513130,09:45:06,1768182308321,5722.26,0.8948,4.0959,0.742,0.7408,0.162,160400,118864,0.741,0.741,50227400,0.740,84826000,0.739,94945600,0.738,64650100,0.737,52058900,0.742,90759500,0.743,103033500,0.744,72847300,0.745,58677100,0.746,41747800,1636,99999,0
sh513130,09:45:09,1768182312367,5723.32,0.8948,2.2232,0.741,0.7408,0.027,125300,92853,0.741,0.741,51790600,0.740,85899900,0.739,94972600,0.738,64962100,0.737,52067000,0.742,92015400,0.743,103097100,0.744,72847300,0.745,58598100,0.746,42554200,1641,99999,0
sh513130,09:45:12,1768182313367,5723.11,0.8948,1.5415,0.742,0.7408,0.162,764100,566245,0.7411,0.741,52043600,0.740,87459200,0.739,93972700,0.738,64962100,0.737,52187000,0.742,91990700,0.743,102937600,0.744,72321500,0.745,64648100,0.746,42564200,516,99999,0
sh513130,09:45:15,1768182317366,5723.44,0.8948,1.8871,0.742,0.7414,0.0809,110600,82058,0.7419,0.741,54530600,0.740,88904400,0.739,93993300,0.738,65007100,0.737,52277000,0.742,92426300,0.743,103118800,0.744,72391500,0.745,64648100,0.746,42564200,198,99999,0
sh513130,09:45:18,1768182320381,5723.82,0.8948,2.6547,0.742,0.7414,0.0809,914600,677809,0.7411,0.741,54487300,0.740,89800000,0.739,93991700,0.738,64998100,0.737,52277100,0.742,91826800,0.743,103934700,0.744,72611500,0.745,64648100,0.746,42599500,1070,99999,0
sh513130,09:45:21,1768182324413,5725.23,0.8948,4.8473,0.742,0.7414,0.0809,2606100,1933406,0.7419,0.741,55212500,0.740,93409900,0.739,95060100,0.738,64971100,0.737,52290100,0.742,88130800,0.743,103810600,0.744,72588500,0.745,64648100,0.746,42599500,761,99999,0
sh513130,09:45:24,1768182326429,5724.86,0.8948,4.7002,0.741,0.7414,-0.054,2986100,2215329,0.7419,0.741,56543400,0.740,94328500,0.739,94090100,0.738,64805900,0.737,52290200,0.742,78263000,0.743,103833100,0.744,72888500,0.745,64655300,0.746,42599500,616,99999,0
sh513130,09:45:27,1768182329457,5725.87,0.8948,2.4345,0.742,0.7414,0.0809,221000,163798,0.7412,0.741,58187000,0.740,95207100,0.739,94090100,0.738,64978000,0.737,52290200,0.742,81209700,0.743,103839100,0.744,72866200,0.745,64658800,0.746,42601500,768,99999,0
sh513130,09:45:30,1768182331487,5724.59,0.8948,5.8478,0.741,0.7415,-0.0674,88500,65601,0.7413,0.741,63051000,0.740,97337700,0.739,94091300,0.738,64978000,0.737,52294300,0.742,82190200,0.743,103946300,0.744,72846000,0.745,64658800,0.746,42601500,759,99999,0
sh513130,09:45:33,1768182335498,5725.38,0.8948,4.8566,0.742,0.7415,0.0674,144300,107027,0.7417,0.741,65319600,0.740,98339500,0.739,93973300,0.738,64988000,0.737,52294400,0.742,83346400,0.743,103956900,0.744,72870700,0.745,64658800,0.746,42601500,765,99999,0
sh513130,09:45:36,1768182338497,5725.44,0.8948,5.6194,0.742,0.7415,0.0674,10100,7494,0.742,0.741,65417700,0.740,99675400,0.739,94950300,0.738,65018300,0.737,52294400,0.742,79357500,0.743,104065300,0.744,72877200,0.745,64688800,0.746,42601500,1803,99999,0
sh513130,09:45:39,1768182341498,5725.75,0.8948,5.0221,0.741,0.7415,-0.0674,1346300,998910,0.742,0.741,65524600,0.740,100347800,0.739,95043100,0.738,65018300,0.737,52296800,0.742,78358500,0.743,104071600,0.744,72831300,0.745,64693800,0.746,42615700,560,99999,0
sh513130,09:45:42,1768182344516,5725.48,0.8948,1.8437,0.742,0.7415,0.0674,1265800,939119,0.7419,0.741,65718400,0.740,101265800,0.739,94600200,0.738,65018300,0.737,52296600,0.742,80713200,0.743,104221600,0.744,72849600,0.745,64750600,0.746,42615700,1418,99999,0
sh513130,09:45:45,1768182347542,5725.37,0.8948,1.7438,0.742,0.7415,0.0674,995500,737897,0.7412,0.741,65164400,0.740,102264600,0.739,93647000,0.738,66148900,0.737,52303600,0.742,83151600,0.743,104279200,0.744,72809600,0.745,64770600,0.746,42618700,114,99999,0
sh513130,09:45:48,1768182350559,5724.47,0.8948,4.9892,0.741,0.7415,-0.0674,137700,102067,0.7412,0.741,66239500,0.740,102372800,0.739,93676500,0.738,66685900,0.737,52303600,0.742,83089500,0.743,103961600,0.744,72829600,0.745,64774500,0.746,42649200,973,99999,0
sh513130,09:45:51,1768182352578,5724.93,0.8948,4.1168,0.742,0.7415,0.0674,75200,55754,0.7414,0.741,66679600,0.740,102933600,0.739,93738200,0.738,66685900,0.737,52284200,0.742,83681700,0.743,104077100,0.744,72788600,0.745,64847900,0.746,42659200,832,99999,0
sh513130,09:45:48,1768182354585,5725.71,0.8948,4.0033,0.741,0.7415,-0.0674,0,0,0.741,0.741,66239500,0.740,102372800,0.739,93676500,0.738,66685900,0.737,52303600,0.742,83089500,0.743,103961600,0.744,72829600,0.745,64774500,0.746,42649200,678,99999,2
sh513130,09:45:51,1768182355592,5725.45,0.8948,3.9865,0.742,0.7415,0.0674,0,0,0.742,0.741,66679600,0.740,102933600,0.739,93738200,0.738,66685900,0.737,52284200,0.742,83681700,0.743,104077100,0.744,72788600,0.745,64847900,0.746,42659200,896,99999,0
sh513130,09:45:54,1768182357601,5725.43,0.8948,3.1951,0.742,0.7415,0.0674,196700,145780,0.7411,0.741,66526800,0.740,102922700,0.739,94738200,0.738,66697900,0.737,52284200,0.742,83717200,0.743,104312100,0.744,72821600,0.745,64907600,0.746,42659200,905,99999,0
sh513130,09:45:57,1768182359615,5725.2,0.8948,2.2111,0.742,0.7415,0.0674,1903300,1411594,0.7417,0.741,66001500,0.740,103242000,0.739,94738200,0.738,66399200,0.737,52288200,0.742,78183700,0.743,105057200,0.744,72790400,0.745,64878200,0.746,42659200,959,99999,0
sh513130,09:46:00,1768182362646,5725.37,0.8948,-0.7718,0.742,0.7421,-0.0135,11479000,8517381,0.742,0.741,64826800,0.740,103432000,0.739,94706100,0.738,66365900,0.737,52288200,0.742,67028400,0.743,105991300,0.744,72833700,0.745,64878200,0.746,42659200,8,99999,0
sh513130,09:46:03,1768182364677,5727.87,0.8948,0.3467,0.742,0.7421,-0.0135,234400,173916,0.742,0.741,65143800,0.740,103454000,0.739,94713100,0.738,66365900,0.737,52286200,0.742,67687700,0.743,106097500,0.744,72782100,0.745,64935400,0.746,42928100,36,99999,0
sh513130,09:46:06,1768182367693,5727.31,0.8948,2.2115,0.742,0.7421,-0.0135,3324900,2466760,0.7419,0.741,65654100,0.740,103556700,0.739,94713100,0.738,66365900,0.737,52286200,0.742,66706900,0.743,106624400,0.744,72933100,0.745,64885400,0.746,42934100,796,99999,0
sh513130,09:46:09,1768182371723,5726.14,0.8948,0.9134,0.742,0.7414,0.0809,65056700,48273066,0.742,0.742,41856800,0.741,65593700,0.740,98389700,0.739,82422800,0.738,60518800,0.743,110680700,0.744,74986100,0.745,66291400,0.746,43205200,0.747,40200500,499,99999,0
sh513130,09:46:12,1768182375757,5727.78,0.8948,3.4736,0.742,0.7414,0.0809,188900,140166,0.742,0.742,32489300,0.741,64781500,0.740,98357500,0.739,82974900,0.738,60563100,0.743,110899700,0.744,74986100,0.745,66384200,0.746,43205200,0.747,40200500,223,99999,0
sh513130,09:46:15,1768182377785,5727.98,0.8948,5.1546,0.742,0.7414,0.0809,757400,562126,0.7422,0.742,38471600,0.741,75079400,0.740,108323900,0.739,93728100,0.738,60572800,0.743,110776200,0.744,75024700,0.745,66655800,0.746,43225200,0.747,40200500,100,99999,0
sh513130,09:46:18,1768182379819,5726.79,0.8948,5.108,0.742,0.7414,0.0809,1142000,847579,0.7422,0.742,41311400,0.741,76319300,0.740,108250700,0.739,94609100,0.738,60451100,0.743,110664400,0.744,75006800,0.745,66342400,0.746,43744300,0.747,40200500,1135,99999,0
sh513130,09:46:21,1768182383844,5725.73,0.8948,0.5557,0.742,0.7414,0.0809,2061200,1529461,0.742,0.742,8526100,0.741,78005500,0.740,108314700,0.739,102737800,0.738,60586700,0.743,109995200,0.744,75006800,0.745,66352400,0.746,43744300,0.747,40200500,1089,99999,0
sh513130,09:46:24,1768182385850,5726.46,0.8948,3.7578,0.742,0.7414,0.0809,15454200,11467046,0.742,0.741,80606600,0.740,109675500,0.739,103121600,0.738,60581700,0.737,51928200,0.742,15783500,0.743,109294300,0.744,77174400,0.745,66352400,0.746,43757300,1176,99999,0
sh513130,09:46:27,1768182388850,5726.1,0.8948,3.9934,0.742,0.7414,0.0809,961500,713433,0.742,0.742,181700,0.741,79771900,0.740,109682000,0.739,105032400,0.738,59915100,0.743,109351600,0.744,77186600,0.745,65986200,0.746,43957300,0.747,40200500,180,99999,0
sh513130,09:46:30,1768182391865,5728.11,0.8948,7.4898,0.742,0.7414,0.0809,8208600,6090770,0.742,0.742,38187000,0.741,78773300,0.740,109782000,0.739,90674100,0.738,59716100,0.743,108855300,0.744,77224600,0.745,66396200,0.746,43957300,0.747,40200600,1143,99999,0
sh513130,09:46:33,1768182394885,5726.11,0.8948,4.5351,0.742,0.7414,0.0809,2460100,1825432,0.742,0.741,78680000,0.740,109012800,0.739,99674100,0.738,59767400,0.737,51921700,0.742,14775600,0.743,108121600,0.744,77224900,0.745,66436200,0.746,43962300,176,99999,0
sh513130,09:46:30,1768182395869,5726.11,0.8948,3.6852,0.742,0.7414,0.0809,0,0,0.742,0.742,38187000,0.741,78773300,0.740,109782000,0.739,90674100,0.738,59716100,0.743,108855300,0.744,77224600,0.745,66396200,0.746,43957300,0.747,40200600,936,99999,2
sh513130,09:46:33,1768182396865,5725.95,0.8948,2.5408,0.742,0.7414,0.0809,0,0,0.742,0.741,78680000,0.740,109012800,0.739,99674100,0.738,59767400,0.737,51921700,0.742,14775600,0.743,108121600,0.744,77224900,0.745,66436200,0.746,43962300,198,99999,0
sh513130,09:46:36,1768182398888,5725.39,0.8948,3.8495,0.742,0.7414,0.0809,297200,220522,0.742,0.741,81300000,0.740,110354100,0.739,105178000,0.738,60650000,0.737,52073200,0.742,2068900,0.743,109553500,0.744,76232100,0.745,66036200,0.746,43971300,207,99999,0
sh513130,09:46:39,1768182400907,5725.6,0.8948,3.5556,0.742,0.7414,0.0809,938100,696021,0.7419,0.741,82122600,0.740,111045700,0.739,104911600,0.738,61498800,0.737,52073200,0.742,12129400,0.743,109048500,0.744,76271100,0.745,66400000,0.746,43981300,189,99999,0
sh513130,09:46:42,1768182403906,5726.01,0.8948,2.9946,0.742,0.7414,0.0809,854400,633955,0.742,0.741,82297500,0.740,111046300,0.739,104911600,0.738,62347700,0.737,52153800,0.742,14091300,0.743,108539800,0.744,76311100,0.745,66453600,0.746,43416400,309,99999,0
sh513130,09:46:45,1768182406913,5724.03,0.8948,1.9921,0.741,0.7414,-0.054,384600,285348,0.7419,0.741,82635200,0.740,111226900,0.739,104911600,0.738,63201200,0.737,52153800,0.742,13890000,0.743,109042800,0.744,76214900,0.745,67472600,0.746,43416400,254,99999,0
sh513130,09:46:48,1768182409917,5724.17,0.8948,1.457,0.742,0.7414,0.0809,4074600,3023162,0.742,0.741,85324500,0.740,111435800,0.739,105111600,0.738,64045100,0.737,52153800,0.742,17812500,0.743,108563400,0.744,76217900,0.745,62480600,0.746,43416400,1234,99999,0
sh513130,09:46:51,1768182413954,5723.56,0.8948,3.9986,0.742,0.7414,0.0809,229200,170046,0.7419,0.741,86131000,0.740,111392900,0.739,105895700,0.738,64072000,0.737,52269100,0.742,31003400,0.743,101035900,0.744,69645300,0.745,61481600,0.746,43584400,1279,99999,0
sh513130,09:46:54,1768182415964,5723.38,0.8948,4.3914,0.742,0.7414,0.0809,1267100,940185,0.742,0.741,87605200,0.740,111603000,0.739,105923900,0.738,64082000,0.737,52269100,0.742,31689900,0.743,100032400,0.744,74364900,0.745,62001600,0.746,43584400,1309,99999,0
sh513130,09:46:57,1768182419963,5723.08,0.8948,2.2825,0.742,0.7414,0.0809,147200,109201,0.7419,0.741,89138800,0.740,111856500,0.739,105796900,0.738,64082000,0.737,52269100,0.742,32483300,0.743,99932400,0.744,74364900,0.745,61016600,0.746,43584400,1248,99999,0
sh513130,09:47:00,1768182421952,5723.03,0.8948,2.7935,0.741,0.7414,-0.054,596800,442747,0.7419,0.741,89533100,0.740,112110500,0.739,106028500,0.738,63394300,0.737,52269100,0.742,27847500,0.743,107613900,0.744,80977900,0.745,61884500,0.746,43604400,1086,99999,0
sh513130,09:47:03,1768182425947,5722.1,0.8948,3.4337,0.741,0.7414,-0.054,275500,204288,0.7415,0.741,89539000,0.740,113785200,0.739,106038500,0.738,63447300,0.737,52269100,0.742,46468900,0.743,98086300,0.744,64386800,0.745,60484500,0.746,43604400,752,99999,0
sh513130,09:47:06,1768182428944,5722.12,0.8948,5.8401,0.742,0.7414,0.0809,67700,50178,0.7412,0.741,89601100,0.740,114013300,0.739,106078500,0.738,63437300,0.737,52269100,0.742,46148400,0.743,99085500,0.744,64388800,0.745,60494500,0.746,43604400,206,99999,0
sh513130,09:47:09,1768182430964,5723.69,0.8948,4.0722,0.741,0.7414,-0.054,830200,615790,0.7417,0.741,90847700,0.740,114123500,0.739,106816400,0.738,63438700,0.737,52269100,0.742,28524400,0.743,108547700,0.744,80982600,0.745,61495300,0.746,43604400,244,99999,0
sh513130,09:47:12,1768182433970,5723.26,0.8948,2.2884,0.742,0.7414,0.0809,968800,717895,0.741,0.741,90268600,0.740,114985300,0.739,106811400,0.738,63488700,0.737,52269100,0.742,29912900,0.743,110577100,0.744,80995100,0.745,62053600,0.746,43569900,141,99999,0
sh513130,09:47:15,1768182438020,5724.75,0.8948,2.1802,0.742,0.7414,0.0809,4074900,3023423,0.742,0.741,90319500,0.740,115058800,0.739,107893500,0.738,63488700,0.737,52269100,0.742,17501900,0.743,112116400,0.744,81001800,0.745,63769500,0.746,43569900,1309,99999,0
sh513130,09:47:18,1768182440051,5723.96,0.8948,3.6323,0.742,0.7414,0.0809,225700,167423,0.7418,0.741,91353400,0.740,115210000,0.739,107908500,0.738,63488700,0.737,52269100,0.742,11778900,0.743,112886300,0.744,81001800,0.745,63750600,0.746,43572900,1295,99999,0
sh513130,09:47:21,1768182443070,5723.9,0.8948,5.5534,0.741,0.7414,-0.054,521600,386903,0.7418,0.741,91991300,0.740,115171700,0.739,107948500,0.738,63495700,0.737,52269100,0.742,20437700,0.743,113016400,0.744,81004800,0.745,63751400,0.746,43584900,370,99999,0
sh513130,09:47:24,1768182447072,5725.06,0.8948,4.5396,0.742,0.7414,0.0809,1969300,1460509,0.7416,0.741,91238300,0.740,115057600,0.739,107938500,0.738,63505700,0.737,52269100,0.742,7402700,0.743,113026400,0.744,80804800,0.745,63751500,0.746,43584900,287,99999,0
sh513130,09:47:27,1768182449095,5726.36,0.8948,7.364,0.742,0.7414,0.0809,8302600,6159663,0.7419,0.742,29580700,0.741,90659200,0.740,114226700,0.739,107938500,0.738,58512500,0.743,113276100,0.744,81804800,0.745,68758000,0.746,43634900,0.747,40263100,148,99999,0
sh513130,09:47:30,1768182453121,5726.9,0.8948,5.0342,0.742,0.7414,0.0809,786600,583657,0.742,0.742,26370500,0.741,94832000,0.740,113578400,0.739,107540000,0.738,58512500,0.743,115026400,0.744,81903600,0.745,68908000,0.746,43634900,0.747,40263100,390,99999,0
sh513130,09:47:33,1768182455124,5726.38,0.8948,4.9315,0.742,0.7414,0.0809,666400,494469,0.742,0.742,29105400,0.741,94889000,0.740,113818400,0.739,102540600,0.738,58515800,0.743,115248000,0.744,82193100,0.745,68828000,0.746,43664900,0.747,40263100,393,99999,0
sh513130,09:47:36,1768182458146,5726.73,0.8948,4.3444,0.742,0.7414,0.0809,7596900,5636956,0.742,0.741,95899400,0.740,114823300,0.739,107920600,0.738,59368800,0.737,52292100,0.742,14260500,0.743,114838000,0.744,82238100,0.745,68863600,0.746,43664900,552,99999,0
