symbol,tx_server_time,tx_local_time,index_price,fx_rate,sentiment,price,iopv,premium_rate,tick_vol,tick_amt,tick_vwap,bp1,bv1,bp2,bv2,bp3,bv3,bp4,bv4,bp5,bv5,sp1,sv1,sp2,sv2,sp3,sv3,sp4,sv4,sp5,sv5,idx_delay_ms,fut_delay_ms,data_flags
sh513130,09:29:46,1769477390483,,0.8914,0.0,0.739,0.74,-0.1351,0,0,0.739,0.738,14104600,0.737,24993400,0.736,29163500,0.735,33553100,0.734,28748100,0.739,6092700,0.740,24377000,0.741,27437100,0.742,26062200,0.743,39495400,99999,99999,1
sh513130,09:29:49,1769477391459,,0.8914,0.0,0.739,0.74,-0.1351,0,0,0.739,0.738,14104600,0.737,24993400,0.736,29163500,0.735,33553100,0.734,28748100,0.739,6092700,0.740,24377000,0.741,27437100,0.742,26062200,0.743,39495400,99999,99999,0
sh513130,09:29:52,1769477395461,,0.8914,0.0,0.739,0.74,-0.1351,0,0,0.739,0.738,14104600,0.737,24993400,0.736,29163500,0.735,33553100,0.734,28748100,0.739,6092700,0.740,24377000,0.741,27437100,0.742,26062200,0.743,39495400,99999,99999,0
sh513130,09:29:55,1769477397459,,0.8914,0.0,0.739,0.74,-0.1351,0,0,0.739,0.738,14104600,0.737,24993400,0.736,29163500,0.735,33553100,0.734,28748100,0.739,6092700,0.740,24377000,0.741,27437100,0.742,26062200,0.743,39495400,99999,99999,0
sh513130,09:30:01,1769477405454,,0.8914,2.3122,0.739,0.74,-0.1351,66200,48922,0.739,0.738,15586200,0.737,26240700,0.736,29163500,0.735,33551500,0.734,28748100,0.739,19001100,0.740,29681900,0.741,28956900,0.742,27790400,0.743,40897400,99999,99999,0
sh513130,09:30:04,1769477406460,,0.8914,0.9323,0.739,0.74,-0.1351,266100,196541,0.7386,0.738,14107800,0.737,30255900,0.736,33206200,0.735,35593000,0.734,29785800,0.739,20544800,0.740,35294200,0.741,33590200,0.742,33580000,0.743,42340800,99999,99999,0
sh513130,09:30:07,1769477410487,5727.34,0.8914,5.6886,0.739,0.7394,-0.0541,2589100,1911363,0.7382,0.738,15649400,0.737,31573200,0.736,33439000,0.735,35723900,0.734,30040900,0.739,20480700,0.740,39088000,0.741,34943600,0.742,34191800,0.743,40681700,1880,99999,0
sh513130,09:30:10,1769477413475,5728.02,0.8914,6.3663,0.739,0.7387,0.0406,881100,651039,0.7389,0.738,17735700,0.737,33246900,0.736,34044700,0.735,35981600,0.734,30812200,0.739,23335800,0.740,39249700,0.741,38275400,0.742,34683100,0.743,40054000,578,99999,0
sh513130,09:30:13,1769477415467,5723.04,0.8914,6.2196,0.739,0.7387,0.0406,424500,313703,0.739,0.738,18657600,0.737,33371000,0.736,34414200,0.735,36029500,0.734,32908300,0.739,23144600,0.740,40175600,0.741,39139400,0.742,35037600,0.743,40342000,409,99999,0
sh513130,09:30:16,1769477417481,5722.95,0.8914,8.6319,0.738,0.7387,-0.0948,1027600,759114,0.7387,0.738,12055400,0.737,28041600,0.736,30095400,0.735,32101500,0.734,33294700,0.739,22799400,0.740,41762300,0.741,40416500,0.742,35251500,0.743,40541000,249,99999,0
sh513130,09:30:13,1769477418486,5723.87,0.8914,8.6247,0.739,0.7387,0.0406,0,0,0.739,0.738,18657600,0.737,33371000,0.736,34414200,0.735,36029500,0.734,32908300,0.739,23144600,0.740,40175600,0.741,39139400,0.742,35037600,0.743,40342000,7,99999,2
sh513130,09:30:16,1769477419483,5723.87,0.8914,8.1524,0.738,0.7387,-0.0948,0,0,0.738,0.738,12055400,0.737,28041600,0.736,30095400,0.735,32101500,0.734,33294700,0.739,22799400,0.740,41762300,0.741,40416500,0.742,35251500,0.743,40541000,65,99999,0
sh513130,09:30:19,1769477421487,5720.31,0.8914,5.5264,0.738,0.7387,-0.0948,4009000,2960219,0.7384,0.738,11332500,0.737,22063300,0.736,30390400,0.735,32347000,0.734,33559200,0.739,24910200,0.740,41124100,0.741,41052200,0.742,32117800,0.743,41543600,920,99999,0
sh513130,09:30:22,1769477424503,5722.69,0.8914,4.1518,0.739,0.7381,0.1219,6746300,4979865,0.7382,0.738,4192800,0.737,19260000,0.736,30405700,0.735,32609800,0.734,36632800,0.739,28922500,0.740,43260900,0.741,42588100,0.742,32877600,0.743,41888800,31,99999,0
sh513130,09:30:25,1769477428496,5720.89,0.8914,1.5371,0.738,0.738,0.0,2484300,1833573,0.7381,0.737,21037700,0.736,34542900,0.735,37652300,0.734,36896500,0.733,24902200,0.738,4630700,0.739,34641400,0.740,50516100,0.741,42793700,0.742,33023400,11,99999,0
sh513130,09:30:28,1769477430493,5719.53,0.8914,4.3068,0.738,0.738,0.0,665500,491070,0.7379,0.737,21821100,0.736,38868200,0.735,40256000,0.734,37008700,0.733,24922200,0.738,6044900,0.739,34586000,0.740,51542700,0.741,43499100,0.742,34268200,7,99999,0
sh513130,09:30:25,1769477431493,5719.53,0.8914,3.296,0.738,0.738,0.0,0,0,0.738,0.737,21037700,0.736,34542900,0.735,37652300,0.734,36896500,0.733,24902200,0.738,4630700,0.739,34641400,0.740,50516100,0.741,42793700,0.742,33023400,899,99999,2
sh513130,09:30:28,1769477432483,5719.53,0.8914,3.2478,0.738,0.738,0.0,0,0,0.738,0.737,21821100,0.736,38868200,0.735,40256000,0.734,37008700,0.733,24922200,0.738,6044900,0.739,34586000,0.740,51542700,0.741,43499100,0.742,34268200,13,99999,0
sh513130,09:30:31,1769477433495,5719.39,0.8914,3.1874,0.738,0.7387,-0.0948,617600,455774,0.738,0.737,20695200,0.736,38909200,0.735,43405700,0.734,36042400,0.733,25938200,0.738,13547700,0.739,36244600,0.740,54510600,0.741,43439800,0.742,34830000,931,99999,0
sh513130,09:30:34,1769477436512,5715.72,0.8914,1.7481,0.738,0.7387,-0.0948,369300,272544,0.738,0.737,21722900,0.736,39050800,0.735,43415800,0.734,36563700,0.733,25938300,0.738,13207500,0.739,38624700,0.740,55667700,0.741,43479800,0.742,35659500,1849,99999,0
sh513130,09:30:31,1769477437512,5715.72,0.8914,1.8632,0.738,0.7387,-0.0948,0,0,0.738,0.737,20695200,0.736,38909200,0.735,43405700,0.734,36042400,0.733,25938200,0.738,13547700,0.739,36244600,0.740,54510600,0.741,43439800,0.742,34830000,652,99999,2
sh513130,09:30:34,1769477438517,5717.51,0.8914,1.8267,0.738,0.7387,-0.0948,0,0,0.738,0.737,21722900,0.736,39050800,0.735,43415800,0.734,36563700,0.733,25938300,0.738,13207500,0.739,38624700,0.740,55667700,0.741,43479800,0.742,35659500,23,99999,0
sh513130,09:30:37,1769477440511,5718.22,0.8914,2.5121,0.737,0.7381,-0.149,258000,190337,0.7377,0.737,22617300,0.736,39252000,0.735,44079000,0.734,36610300,0.733,25993900,0.738,26304900,0.739,38596600,0.740,57068300,0.741,43579200,0.742,36883500,13,99999,0
sh513130,09:30:40,1769477443517,5717.95,0.8914,1.7122,0.738,0.7367,0.1765,332400,245311,0.738,0.737,15942600,0.736,52371600,0.735,53298700,0.734,37980300,0.733,25995200,0.738,36917000,0.739,54710600,0.740,71263300,0.741,39540100,0.742,38137300,119,99999,0
sh513130,09:30:43,1769477444510,5717.95,0.8914,1.7122,0.738,0.7367,0.1765,468700,345849,0.7379,0.737,17608700,0.736,52520600,0.735,53421400,0.734,38140300,0.733,24996600,0.738,23799300,0.739,55922600,0.740,70599300,0.741,42905600,0.742,38315000,1117,99999,0
sh513130,09:30:40,1769477445514,5719.65,0.8914,2.1228,0.738,0.7367,0.1765,0,0,0.738,0.737,15942600,0.736,52371600,0.735,53298700,0.734,37980300,0.733,25995200,0.738,36917000,0.739,54710600,0.740,71263300,0.741,39540100,0.742,38137300,961,99999,2
sh513130,09:30:43,1769477446508,5718.81,0.8914,3.2155,0.738,0.7367,0.1765,0,0,0.738,0.737,17608700,0.736,52520600,0.735,53421400,0.734,38140300,0.733,24996600,0.738,23799300,0.739,55922600,0.740,70599300,0.741,42905600,0.742,38315000,20,99999,0
sh513130,09:30:46,1769477448499,5719.1,0.8914,3.3699,0.738,0.738,0.0,235600,173816,0.7378,0.737,19073800,0.736,53600100,0.735,53654600,0.734,38150300,0.733,25996600,0.738,28514700,0.739,60259500,0.740,72047600,0.741,43019700,0.742,38761400,18,99999,0
sh513130,09:30:49,1769477452486,5720.25,0.8914,6.2152,0.738,0.738,0.0,2249000,1658157,0.7373,0.737,18558800,0.736,53652200,0.735,53831900,0.734,38190300,0.733,26019600,0.738,18477900,0.739,60851500,0.740,72131500,0.741,40035400,0.742,38841400,351,99999,0
sh513130,09:30:52,1769477454480,5721.29,0.8914,5.2841,0.738,0.7374,0.0814,242200,178605,0.7374,0.737,33609400,0.736,53671000,0.735,53847900,0.734,35260200,0.733,26019600,0.738,17250000,0.739,62587300,0.740,72160600,0.741,43245700,0.742,39647700,157,99999,0
sh513130,09:30:55,1769477458467,5722.29,0.8914,3.7772,0.738,0.738,0.0,15150400,11180981,0.738,0.738,37519600,0.737,34579900,0.736,53701000,0.735,53904200,0.734,35260700,0.739,62813200,0.740,72336000,0.741,43648700,0.742,39657200,0.743,53980300,1859,99999,0
sh513130,09:30:58,1769477460459,5723.14,0.8914,3.8527,0.738,0.738,0.0,17794800,13132335,0.738,0.737,36378000,0.736,54734000,0.735,53888900,0.734,34490600,0.733,26459600,0.738,4774500,0.739,63569000,0.740,72679800,0.741,43623900,0.742,39638500,260,99999,0
sh513130,09:31:01,1769477464449,5726.93,0.8914,1.6777,0.738,0.738,0.0,5457400,4027440,0.738,0.738,5935100,0.737,38199800,0.736,53513300,0.735,53920900,0.734,34491600,0.739,59167800,0.740,72923200,0.741,43567600,0.742,39642500,0.743,52980300,1420,99999,0
sh513130,09:31:04,1769477467461,5731.65,0.8914,6.9733,0.738,0.738,0.0,2548900,1881097,0.738,0.738,43721800,0.737,38409800,0.736,54515300,0.735,51970900,0.734,34591600,0.739,46987800,0.740,72023200,0.741,44572900,0.742,42642500,0.743,53980300,81,99999,0
sh513130,09:31:07,1769477470453,5733.77,0.8914,6.4553,0.738,0.7387,-0.0948,676100,498961,0.738,0.738,19589800,0.737,38445000,0.736,54744000,0.735,54043600,0.734,34591600,0.739,53301700,0.740,67403000,0.741,63276600,0.742,42642500,0.743,53980300,899,99999,0
sh513130,09:31:10,1769477472454,5733.99,0.8914,6.1601,0.739,0.7387,0.0406,168700,124629,0.7388,0.738,27167500,0.737,37902100,0.736,54721000,0.735,51558600,0.734,34692600,0.739,28594700,0.740,67360600,0.741,63226700,0.742,42657700,0.743,53980400,713,99999,0
sh513130,09:31:13,1769477475447,5733.68,0.8914,4.0224,0.739,0.7387,0.0406,17332000,12808159,0.739,0.738,29452200,0.737,38214500,0.736,54781000,0.735,51560400,0.734,34692600,0.739,28594900,0.740,67504400,0.741,63291300,0.742,42757700,0.743,53980400,874,99999,0
sh513130,09:31:16,1769477478415,5733.5,0.8914,4.3651,0.739,0.7397,-0.0946,1238800,915455,0.739,0.738,32857400,0.737,38214100,0.736,54851000,0.735,51582400,0.734,34934100,0.739,9199700,0.740,67450500,0.741,63155500,0.742,42801700,0.743,54009500,136,99999,0
sh513130,09:31:19,1769477481393,5733.66,0.8914,2.9631,0.739,0.7397,-0.0946,2537700,1875330,0.739,0.738,39824100,0.737,46294500,0.736,54808700,0.735,53582400,0.734,34934100,0.739,32515300,0.740,68436400,0.741,64318000,0.742,42801700,0.743,54044500,723,99999,0
sh513130,09:31:22,1769477485379,5733.79,0.8914,5.0588,0.739,0.7397,-0.0946,1385300,1023634,0.7389,0.738,44735900,0.737,46653500,0.736,54858700,0.735,51582400,0.734,34938700,0.739,6230700,0.740,68810400,0.741,64318000,0.742,42858700,0.743,54044500,582,99999,0
sh513130,09:31:25,1769477487366,5733.61,0.8914,6.0159,0.739,0.7397,-0.0946,6832200,5048871,0.739,0.739,7723500,0.738,45467800,0.737,42005600,0.736,54858700,0.735,51604400,0.740,68936300,0.741,64321000,0.742,43009500,0.743,54046500,0.744,29249400,395,99999,0
sh513130,09:31:28,1769477491362,5735.41,0.8914,5.4709,0.739,0.7397,-0.0946,247400,182828,0.739,0.739,4549500,0.738,48222400,0.737,45963400,0.736,54862300,0.735,51605400,0.740,68969900,0.741,64328000,0.742,43019700,0.743,54052400,0.744,29274700,36,99999,0
sh513130,09:31:31,1769477493355,5734.09,0.8914,4.6206,0.739,0.7397,-0.0946,1342200,991886,0.739,0.739,6900100,0.738,48944500,0.737,45994600,0.736,54556100,0.735,51614400,0.740,67210500,0.741,64331100,0.742,43019700,0.743,54061700,0.744,29304700,766,99999,0
sh513130,09:31:34,1769477495361,5733.93,0.8914,5.4154,0.739,0.7397,-0.0946,238900,176559,0.739,0.739,6709200,0.738,50242200,0.737,46419300,0.736,54221600,0.735,51614400,0.740,67303300,0.741,64336100,0.742,43020700,0.743,54064100,0.744,29304700,769,99999,0
sh513130,09:31:31,1769477496356,5733.93,0.8914,5.5282,0.739,0.7397,-0.0946,0,0,0.739,0.739,6900100,0.738,48944500,0.737,45994600,0.736,54556100,0.735,51614400,0.740,67210500,0.741,64331100,0.742,43019700,0.743,54061700,0.744,29304700,678,99999,2
sh513130,09:31:34,1769477497343,5734.4,0.8914,5.5282,0.739,0.7397,-0.0946,0,0,0.739,0.739,6709200,0.738,50242200,0.737,46419300,0.736,54221600,0.735,51614400,0.740,67303300,0.741,64336100,0.742,43020700,0.743,54064100,0.744,29304700,766,99999,0
sh513130,09:31:37,1769477499348,5734.19,0.8914,6.1725,0.739,0.7397,-0.0946,112500,83137,0.739,0.739,15918900,0.738,52074700,0.737,38730300,0.736,54621500,0.735,52151900,0.740,63477000,0.741,64562900,0.742,44020700,0.743,57064100,0.744,29304700,784,99999,0
sh513130,09:31:40,1769477503329,5734.2,0.8914,5.0492,0.74,0.7397,0.0406,190300,140646,0.7391,0.739,8444700,0.738,52236900,0.737,46954500,0.736,54617900,0.735,52627000,0.740,66723600,0.741,64635900,0.742,45010700,0.743,54062100,0.744,30649300,588,99999,0
sh513130,09:31:43,1769477505345,5736.41,0.8914,4.7832,0.739,0.7397,-0.0946,480300,355049,0.7392,0.739,16678400,0.738,52639600,0.737,38183500,0.736,54706500,0.735,52881200,0.740,63913500,0.741,64763700,0.742,45058800,0.743,57261900,0.744,30730600,728,99999,0
sh513130,09:31:40,1769477506355,5736.41,0.8914,4.7832,0.74,0.7397,0.0406,0,0,0.74,0.739,8444700,0.738,52236900,0.737,46954500,0.736,54617900,0.735,52627000,0.740,66723600,0.741,64635900,0.742,45010700,0.743,54062100,0.744,30649300,1737,99999,2
sh513130,09:31:43,1769477507362,5737.54,0.8914,7.6929,0.739,0.7397,-0.0946,0,0,0.739,0.739,16678400,0.738,52639600,0.737,38183500,0.736,54706500,0.735,52881200,0.740,63913500,0.741,64763700,0.742,45058800,0.743,57261900,0.744,30730600,716,99999,0
sh513130,09:31:46,1769477508371,5737.54,0.8914,6.846,0.739,0.7397,-0.0946,50700,37489,0.7394,0.739,38724800,0.738,53016400,0.737,38145600,0.736,48706800,0.735,38966200,0.740,39202500,0.741,63983600,0.742,67096600,0.743,57801700,0.744,30750600,1724,99999,0
sh513130,09:31:49,1769477510362,5738.39,0.8914,5.5367,0.74,0.7397,0.0406,1231200,911017,0.7399,0.739,41817300,0.738,51199500,0.737,38145600,0.736,48779900,0.735,38969100,0.740,35829600,0.741,69102500,0.742,72115700,0.743,62924200,0.744,30796700,1591,99999,0
sh513130,09:31:52,1769477516359,5739.34,0.8914,3.4698,0.74,0.741,-0.135,11946300,8840229,0.74,0.739,42864400,0.738,51718700,0.737,38242900,0.736,48798100,0.735,39016000,0.740,23840800,0.741,69060200,0.742,72071500,0.743,63024100,0.744,30827100,1081,99999,0
sh513130,09:31:55,1769477517357,5738.94,0.8914,3.5738,0.74,0.741,-0.135,1023500,757374,0.74,0.739,42411500,0.738,51846300,0.737,38218900,0.736,49755000,0.735,39032700,0.740,48147800,0.741,69065200,0.742,72918600,0.743,63027100,0.744,30958100,783,99999,0
sh513130,09:31:58,1769477519365,5738.82,0.8914,4.2408,0.739,0.741,-0.2699,616100,455636,0.7395,0.739,42314800,0.738,51850800,0.737,38465400,0.736,51835000,0.735,39040700,0.740,48253900,0.741,70008800,0.742,73820300,0.743,63034100,0.744,30958100,752,99999,0
sh513130,09:32:01,1769477524369,5739.7,0.8914,3.7996,0.74,0.741,-0.135,1054100,780015,0.74,0.739,44394500,0.738,51798200,0.737,39314800,0.736,50571800,0.735,39043200,0.740,45630800,0.741,71054800,0.742,75785800,0.743,62068600,0.744,31058100,409,99999,0
sh513130,09:32:04,1769477526361,5738.22,0.8914,2.4922,0.74,0.741,-0.135,1231300,911062,0.7399,0.739,39578100,0.738,41751700,0.737,39365700,0.736,52571800,0.735,39048200,0.740,57039800,0.741,72334700,0.742,74861800,0.743,55055500,0.744,31054100,220,99999,0
sh513130,09:32:07,1769477529370,5736.77,0.8914,6.4366,0.74,0.741,-0.135,160600,118840,0.74,0.739,45173200,0.738,41793800,0.737,39365700,0.736,52571800,0.735,39055800,0.740,54990500,0.741,72324900,0.742,75122600,0.743,58116700,0.744,31316000,752,99999,0
sh513130,09:32:10,1769477534348,5735.67,0.8914,4.9789,0.74,0.7403,-0.0405,248500,183697,0.7392,0.739,21401100,0.738,38806100,0.737,44366700,0.736,52575700,0.735,39396800,0.740,58827900,0.741,72909500,0.742,75472500,0.743,55148700,0.744,31316000,1651,99999,0
sh513130,09:32:13,1769477535342,5737.47,0.8914,4.9366,0.739,0.7403,-0.1756,525600,388697,0.7395,0.739,22023200,0.738,38807100,0.737,44366700,0.736,52579700,0.735,39561800,0.740,59797700,0.741,73020000,0.742,76020900,0.743,55155000,0.744,31575700,469,99999,0
sh513130,09:32:16,1769477538355,5736.54,0.8914,3.1191,0.74,0.7402,-0.027,2211200,1636067,0.7399,0.739,23116200,0.738,37867200,0.737,43032600,0.736,52685200,0.735,39569000,0.740,59023600,0.741,74133400,0.742,76045900,0.743,55375000,0.744,32003200,1315,99999,0
sh513130,09:32:19,1769477541373,5735.02,0.8914,2.9497,0.74,0.7402,-0.027,117600,86908,0.739,0.739,33987100,0.738,37900100,0.737,39032600,0.736,52685200,0.735,39619000,0.740,57184100,0.741,75163400,0.742,76158500,0.743,58492300,0.744,32003200,806,99999,0
sh513130,09:32:16,1769477542373,5735.02,0.8914,2.8941,0.74,0.7402,-0.027,0,0,0.74,0.739,23116200,0.738,37867200,0.737,43032600,0.736,52685200,0.735,39569000,0.740,59023600,0.741,74133400,0.742,76045900,0.743,55375000,0.744,32003200,973,99999,2
sh513130,09:32:19,1769477543364,5736.0,0.8914,3.1245,0.74,0.7402,-0.027,0,0,0.74,0.739,33987100,0.738,37900100,0.737,39032600,0.736,52685200,0.735,39619000,0.740,57184100,0.741,75163400,0.742,76158500,0.743,58492300,0.744,32003200,753,99999,0
sh513130,09:32:22,1769477544362,5736.0,0.8914,3.1245,0.739,0.7396,-0.0811,511100,377814,0.7392,0.739,37801800,0.738,37972100,0.737,39040100,0.736,52685200,0.735,39131000,0.740,57683300,0.741,75158400,0.742,76186900,0.743,59249900,0.744,32536200,773,99999,0
sh513130,09:32:25,1769477547341,5735.62,0.8914,2.1358,0.74,0.7402,-0.027,716600,529884,0.7394,0.739,38380200,0.738,38592100,0.737,39122100,0.736,52690200,0.735,39299800,0.740,57567000,0.741,75428400,0.742,76561000,0.743,59249900,0.744,32606200,746,99999,0
sh513130,09:32:28,1769477551317,5736.87,0.8914,2.984,0.739,0.7402,-0.1621,392200,290185,0.7399,0.739,39584400,0.738,38594000,0.737,39125100,0.736,52762400,0.735,39300800,0.740,57786800,0.741,77118100,0.742,76731300,0.743,59456800,0.744,32649200,718,99999,0
sh513130,09:32:31,1769477553312,5736.33,0.8914,3.0065,0.739,0.7402,-0.1621,115900,85757,0.7399,0.739,52526200,0.738,38597300,0.737,38725100,0.736,53912400,0.735,39313500,0.740,58997300,0.741,77970800,0.742,76798800,0.743,59476900,0.744,32713600,754,99999,0
sh513130,09:32:34,1769477556306,5735.83,0.8914,2.0863,0.739,0.7402,-0.1621,546300,403819,0.7392,0.739,49155400,0.738,38701800,0.737,38728100,0.736,53900900,0.735,39343500,0.740,60368900,0.741,77980800,0.742,77088400,0.743,59506900,0.744,32713600,1690,99999,0
sh513130,09:32:37,1769477559289,5736.76,0.8914,2.4242,0.739,0.7402,-0.1621,285300,210920,0.7393,0.739,42136800,0.738,38729500,0.737,42677300,0.736,53893300,0.735,39343500,0.740,65351100,0.741,78077400,0.742,77131900,0.743,56543100,0.744,32733600,480,99999,0
sh513130,09:32:40,1769477563284,5735.16,0.8914,2.4471,0.739,0.7402,-0.1621,105500,77987,0.7392,0.739,27756700,0.738,39093000,0.737,42691900,0.736,54005300,0.735,39343500,0.740,66661300,0.741,78321100,0.742,76586900,0.743,56690400,0.744,32743600,103,99999,0
sh513130,09:32:43,1769477566287,5734.76,0.8914,2.8598,0.739,0.7402,-0.1621,638400,472046,0.7394,0.739,26253300,0.738,39312200,0.737,42691900,0.736,54006300,0.735,40095900,0.740,66655800,0.741,78402100,0.742,76840000,0.743,55703400,0.744,32750600,901,99999,0
sh513130,09:32:46,1769477569287,5735.91,0.8914,4.2044,0.74,0.7402,-0.027,561500,415058,0.7392,0.739,26808500,0.738,39312200,0.737,42792300,0.736,54006300,0.735,40330100,0.740,66982300,0.741,78382300,0.742,76845600,0.743,56693400,0.744,32750600,692,99999,0
sh513130,09:32:49,1769477571291,5735.67,0.8914,2.723,0.74,0.7402,-0.027,1363700,1007995,0.7392,0.739,42506200,0.738,39350700,0.737,38880500,0.736,54006300,0.735,40330100,0.740,63876900,0.741,79318200,0.742,76883100,0.743,59682700,0.744,32798600,718,99999,0
sh513130,09:32:52,1769477574287,5735.55,0.8914,2.3007,0.739,0.7396,-0.0811,141700,104830,0.7398,0.739,38984100,0.738,39428400,0.737,42881800,0.736,54093100,0.735,40370100,0.740,67618800,0.741,80213900,0.742,77039100,0.743,56702700,0.744,32798600,201,99999,0
sh513130,09:32:55,1769477578262,5734.54,0.8914,3.5432,0.739,0.7396,-0.0811,118400,87547,0.7394,0.739,27561300,0.738,39181700,0.737,42971700,0.736,54093100,0.735,40360100,0.740,68448400,0.741,81250100,0.742,77059100,0.743,56723200,0.744,32798600,1694,99999,0
sh513130,09:32:58,1769477580260,5735.83,0.8914,5.0894,0.74,0.7396,0.0541,214400,158483,0.7392,0.739,28728200,0.738,39196500,0.737,43001700,0.736,54116600,0.735,40360100,0.740,68968300,0.741,82181700,0.742,76877800,0.743,56733200,0.744,32808600,1697,99999,0
sh513130,09:33:01,1769477584212,5735.32,0.8914,3.1427,0.739,0.7396,-0.0811,331100,244704,0.7391,0.739,35803000,0.738,39196500,0.737,39031700,0.736,54116600,0.735,40453800,0.740,70066700,0.741,83125100,0.742,76880400,0.743,57043200,0.744,32812400,1006,99999,0
sh513130,09:33:04,1769477587207,5734.9,0.8914,3.1706,0.739,0.7402,-0.1621,138400,102294,0.7391,0.739,30908600,0.738,39954600,0.737,43061700,0.736,54111600,0.735,40483800,0.740,70705300,0.741,85237400,0.742,77444000,0.743,56053200,0.744,32812400,39,99999,0
sh513130,09:33:07,1769477590244,5734.71,0.8914,3.485,0.74,0.7402,-0.027,116300,85949,0.739,0.739,31837400,0.738,40867800,0.737,43065900,0.736,54111600,0.735,40483800,0.740,72972200,0.741,86481500,0.742,78333200,0.743,56058200,0.744,32812400,896,99999,0
sh513130,09:33:10,1769477593217,5733.12,0.8914,3.9226,0.74,0.7402,-0.027,1340400,990627,0.7391,0.739,31274100,0.738,40799500,0.737,43065900,0.736,54113600,0.735,40552400,0.740,73762500,0.741,87366600,0.742,78509800,0.743,56147700,0.744,32827400,594,99999,0
sh513130,09:33:13,1769477595224,5732.38,0.8914,4.511,0.739,0.7402,-0.1621,31041100,22939373,0.739,0.738,39900500,0.737,44055900,0.736,54116100,0.735,40576700,0.734,35888300,0.739,16511800,0.740,76429900,0.741,67373500,0.742,59512300,0.743,56204800,636,99999,0
sh513130,09:33:16,1769477599198,5731.19,0.8914,5.048,0.739,0.7403,-0.1756,115600,85428,0.739,0.738,41618800,0.737,43844600,0.736,54718200,0.735,40576700,0.734,35898300,0.739,8503100,0.740,74983600,0.741,87465100,0.742,59696000,0.743,56204800,634,99999,0
sh513130,09:33:19,1769477603157,5731.47,0.8914,4.7473,0.739,0.7403,-0.1756,904400,668352,0.739,0.738,38529100,0.737,43841900,0.736,54710100,0.735,43806500,0.734,35894300,0.739,38506100,0.740,75467900,0.741,74518400,0.742,54696000,0.743,56234800,507,99999,0
sh513130,09:33:22,1769477605268,5729.75,0.8914,3.3146,0.739,0.7396,-0.0811,155300,114747,0.7389,0.738,42514700,0.737,43851900,0.736,54772100,0.735,40806500,0.734,35894300,0.739,35273100,0.740,75509600,0.741,74537900,0.742,59694900,0.743,56596300,640,99999,0
sh513130,09:33:25,1769477607304,5729.52,0.8914,3.6445,0.738,0.7396,-0.2163,74400,54966,0.7388,0.738,39622300,0.737,43851100,0.736,54772100,0.735,43775700,0.734,35894300,0.739,41704600,0.740,76418300,0.741,73550100,0.742,54647400,0.743,56576300,409,99999,0
sh513130,09:33:28,1769477610187,5727.53,0.8914,3.8139,0.738,0.7396,-0.2163,1462700,1079475,0.738,0.738,38291100,0.737,43856600,0.736,54762100,0.735,43825700,0.734,36094300,0.739,44974100,0.740,69169300,0.741,67405600,0.742,48669400,0.743,56722300,1207,99999,0
sh513130,09:33:31,1769477614189,5728.28,0.8914,5.4329,0.739,0.7396,-0.0811,721000,532808,0.739,0.738,35906600,0.737,43967000,0.736,58772100,0.735,43835900,0.734,36094300,0.739,45704400,0.740,67862300,0.741,67400500,0.742,47574200,0.743,56722300,849,99999,0
sh513130,09:33:34,1769477616195,5726.33,0.8914,4.7304,0.739,0.7396,-0.0811,1294600,955479,0.738,0.738,24818900,0.737,48977000,0.736,64272100,0.735,48848900,0.734,36894700,0.739,49965400,0.740,66626800,0.741,67370500,0.742,46859200,0.743,56769300,670,99999,0
sh513130,09:33:37,1769477620198,5725.34,0.8914,4.1041,0.738,0.739,-0.1353,180000,132907,0.7384,0.738,26000500,0.737,48878500,0.736,64272600,0.735,48819900,0.734,36965900,0.739,53192700,0.740,67803500,0.741,66558100,0.742,46879100,0.743,56779300,323,99999,0
sh513130,09:33:40,1769477623186,5723.93,0.8914,3.7754,0.739,0.739,0.0,7882200,5817076,0.738,0.738,15562500,0.737,48030900,0.736,64291600,0.735,48846000,0.734,36966900,0.739,55648400,0.740,66626400,0.741,66543100,0.742,46879100,0.743,56759300,622,99999,0
sh513130,09:33:43,1769477625199,5723.49,0.8914,3.6877,0.738,0.739,-0.1353,1124400,829826,0.738,0.738,15277600,0.737,49100600,0.736,65283600,0.735,48846000,0.734,36966900,0.739,57109800,0.740,66621000,0.741,66488700,0.742,47099100,0.743,56783500,613,99999,0
sh513130,09:33:46,1769477629169,5721.9,0.8914,3.5107,0.738,0.739,-0.1353,8556300,6314616,0.738,0.737,47857200,0.736,65669000,0.735,48859000,0.734,36966900,0.733,26782200,0.738,1944600,0.739,67834600,0.740,76774900,0.741,62289900,0.742,44568900,564,99999,0
sh513130,09:33:49,1769477631181,5721.92,0.8914,2.8024,0.738,0.739,-0.1353,525800,388040,0.738,0.737,46262200,0.736,65686000,0.735,48934500,0.734,40066900,0.733,26782200,0.738,24082100,0.739,69988900,0.740,72840500,0.741,51993500,0.742,43590000,404,99999,0
sh513130,09:33:52,1769477635200,5721.89,0.8914,2.2782,0.738,0.739,-0.1353,139100,102626,0.7378,0.737,40017900,0.736,65694000,0.735,52935300,0.734,40106900,0.733,26782200,0.738,42132700,0.739,70883100,0.740,57237700,0.741,52269800,0.742,43596400,66,99999,0
sh513130,09:33:55,1769477637209,5720.86,0.8914,2.0369,0.738,0.7383,-0.0406,551100,406702,0.738,0.737,38966900,0.736,65694000,0.735,52938100,0.734,40107600,0.733,26786200,0.738,42910900,0.739,71858000,0.740,56687900,0.741,52296200,0.742,43596400,611,99999,0
sh513130,09:33:58,1769477640213,5721.46,0.8914,2.6129,0.737,0.7383,-0.1761,311600,229801,0.7375,0.737,46752100,0.736,68673700,0.735,48441100,0.734,40108600,0.733,26854900,0.738,43965500,0.739,72437600,0.740,58020700,0.741,52391300,0.742,43606400,713,99999,0
sh513130,09:34:01,1769477643205,5720.6,0.8914,2.953,0.738,0.7383,-0.0406,530200,391271,0.738,0.737,47766200,0.736,68673700,0.735,48468600,0.734,40108600,0.733,26855900,0.738,45858300,0.739,70732400,0.740,57613600,0.741,52391300,0.742,43634600,578,99999,0
sh513130,09:34:04,1769477646201,5721.17,0.8914,3.1934,0.738,0.7383,-0.0406,148800,109762,0.7376,0.737,64662700,0.736,68719600,0.735,67466700,0.734,37109600,0.733,26855900,0.738,46202800,0.739,71472200,0.740,57491000,0.741,52367700,0.742,43634600,143,99999,0
sh513130,09:34:07,1769477650203,5721.06,0.8914,2.6892,0.738,0.7383,-0.0406,139100,102655,0.738,0.737,66503000,0.736,68758500,0.735,67496300,0.734,37114600,0.733,26855900,0.738,26169200,0.739,65894300,0.740,72677600,0.741,57392700,0.742,43695700,1502,99999,0
sh513130,09:34:10,1769477653218,5721.34,0.8914,3.6644,0.738,0.7383,-0.0406,170600,125799,0.7374,0.737,66243900,0.736,68805200,0.735,67496300,0.734,37114600,0.733,26869900,0.738,29069200,0.739,67781500,0.740,72672300,0.741,57284000,0.742,43697000,557,99999,0
sh513130,09:34:13,1769477656225,5721.98,0.8914,3.8169,0.738,0.7383,-0.0406,257200,189594,0.7371,0.737,66898700,0.736,68861800,0.735,67498400,0.734,37115600,0.733,26869900,0.738,34533100,0.739,69518000,0.740,72933700,0.741,52759000,0.742,43660200,1432,99999,0
sh513130,09:34:16,1769477659249,5721.65,0.8914,3.6917,0.738,0.7384,-0.0542,211400,155894,0.7374,0.737,68078200,0.736,68965100,0.735,67608200,0.734,37117100,0.733,26869900,0.738,34442200,0.739,70258600,0.740,72945200,0.741,52787900,0.742,43601600,90,99999,0
sh513130,09:34:19,1769477662213,5721.87,0.8914,3.7756,0.738,0.7384,-0.0542,38500,28409,0.7379,0.737,66023900,0.736,68942700,0.735,67468800,0.734,39117100,0.733,26969900,0.738,34618100,0.739,70708200,0.740,72928500,0.741,52844400,0.742,43558100,869,99999,0
sh513130,09:34:22,1769477664204,5721.1,0.8914,4.1997,0.737,0.7384,-0.1896,72800,53656,0.737,0.737,56890000,0.736,69054500,0.735,71488800,0.734,40122100,0.733,26970200,0.738,50880800,0.739,71193000,0.740,57967100,0.741,52827400,0.742,43530300,684,99999,0
sh513130,09:34:25,1769477667205,5722.05,0.8914,4.9903,0.738,0.7384,-0.0542,222200,163851,0.7374,0.737,68606800,0.736,69554500,0.735,67491800,0.734,39122100,0.733,27249300,0.738,35888300,0.739,70913400,0.740,58194600,0.741,50828600,0.742,43530300,624,99999,0
sh513130,09:34:28,1769477671227,5720.61,0.8914,6.6821,0.738,0.7384,-0.0542,705400,519882,0.737,0.737,66924100,0.736,69581800,0.735,67850100,0.734,40122100,0.733,27151300,0.738,51842500,0.739,70692600,0.740,58200900,0.741,50828600,0.742,43530300,619,99999,0
sh513130,09:34:31,1769477674237,5720.46,0.8914,6.5861,0.738,0.7384,-0.0542,131200,96794,0.7378,0.737,66996500,0.736,69509800,0.735,67937800,0.734,40122100,0.733,27151300,0.738,52860400,0.739,70718100,0.740,58160500,0.741,50843000,0.742,43530300,1584,99999,0
sh513130,09:34:34,1769477676222,5720.36,0.8914,5.0922,0.738,0.7384,-0.0542,239400,176491,0.7372,0.737,38744100,0.736,69530300,0.735,71937800,0.734,40122900,0.733,27164900,0.738,56104000,0.739,70781100,0.740,58340200,0.741,47858000,0.742,43530300,1595,99999,0
sh513130,09:34:37,1769477680224,5720.14,0.8914,4.4379,0.738,0.7384,-0.0542,382700,282112,0.7372,0.737,63510000,0.736,69780500,0.735,67948100,0.734,40092900,0.733,27165400,0.738,53740000,0.739,71829200,0.740,58170800,0.741,49858000,0.742,43630300,1432,99999,0
sh513130,09:34:40,1769477683245,5719.06,0.8914,5.1031,0.738,0.7384,-0.0542,262600,193662,0.7375,0.737,40529300,0.736,69791500,0.735,72078100,0.734,40097900,0.733,27182800,0.738,62411100,0.739,78297400,0.740,63181000,0.741,46136600,0.742,43630300,95,99999,0
sh513130,09:34:43,1769477685239,5718.04,0.8914,3.5248,0.738,0.7384,-0.0542,78600,57950,0.7373,0.737,41041100,0.736,69888200,0.735,72098400,0.734,40107900,0.733,27207000,0.738,60628700,0.739,79132500,0.740,63229700,0.741,49146600,0.742,43630300,650,99999,0
sh513130,09:34:40,1769477686245,5718.04,0.8914,3.5263,0.738,0.7384,-0.0542,0,0,0.738,0.737,40529300,0.736,69791500,0.735,72078100,0.734,40097900,0.733,27182800,0.738,62411100,0.739,78297400,0.740,63181000,0.741,46136600,0.742,43630300,894,99999,2
sh513130,09:34:43,1769477687242,5717.99,0.8914,3.1794,0.738,0.7384,-0.0542,0,0,0.738,0.737,41041100,0.736,69888200,0.735,72098400,0.734,40107900,0.733,27207000,0.738,60628700,0.739,79132500,0.740,63229700,0.741,49146600,0.742,43630300,685,99999,0
sh513130,09:34:46,1769477689244,5717.94,0.8914,3.7895,0.738,0.7384,-0.0542,239200,176398,0.7374,0.737,43284200,0.736,69846100,0.735,72100500,0.734,40107900,0.733,27217000,0.738,65999500,0.739,79992500,0.740,63587200,0.741,46317500,0.742,43530300,674,99999,0
sh513130,09:34:49,1769477692259,5717.14,0.8914,3.2581,0.737,0.7384,-0.1896,3538300,2607736,0.737,0.737,14280800,0.736,68846100,0.735,72178800,0.734,40107900,0.733,27225000,0.738,68367200,0.739,80804100,0.740,63581000,0.741,46317500,0.742,43301700,377,99999,0
sh513130,09:34:52,1769477695262,5716.87,0.8914,4.3068,0.737,0.7377,-0.0949,15602400,11497969,0.7369,0.736,70314700,0.735,73190200,0.734,45219800,0.733,27226000,0.732,27848200,0.737,37093500,0.738,68463200,0.739,68381900,0.740,63672400,0.741,46290900,665,99999,0
sh513130,09:34:55,1769477697249,5716.61,0.8914,3.0999,0.737,0.737,0.0,320700,236356,0.737,0.736,71168700,0.735,73290500,0.734,45230100,0.733,27236300,0.732,27851300,0.737,42679200,0.738,67476600,0.739,72128500,0.740,63518200,0.741,46210900,669,99999,0
sh513130,09:34:52,1769477698261,5716.61,0.8914,2.9985,0.737,0.7377,-0.0949,0,0,0.737,0.736,70314700,0.735,73190200,0.734,45219800,0.733,27226000,0.732,27848200,0.737,37093500,0.738,68463200,0.739,68381900,0.740,63672400,0.741,46290900,1682,99999,2
sh513130,09:34:55,1769477699261,5715.39,0.8914,2.5518,0.737,0.737,0.0,0,0,0.737,0.736,71168700,0.735,73290500,0.734,45230100,0.733,27236300,0.732,27851300,0.737,42679200,0.738,67476600,0.739,72128500,0.740,63518200,0.741,46210900,690,99999,0
sh513130,09:34:58,1769477700263,5715.39,0.8914,3.3242,0.737,0.737,0.0,193800,142793,0.7368,0.736,71331400,0.735,73300500,0.734,45230100,0.733,27438800,0.732,28349900,0.737,46266500,0.738,74971700,0.739,77971600,0.740,68601000,0.741,46210900,1694,99999,0
sh513130,09:35:01,1769477705318,5715.35,0.8914,2.5664,0.737,0.7377,-0.0949,420300,309754,0.737,0.736,74367500,0.735,75343300,0.734,45282200,0.733,27438800,0.732,28369900,0.737,56026700,0.738,76629800,0.739,78244100,0.740,67620500,0.741,46210900,344,99999,0
sh513130,09:35:04,1769477707269,5715.56,0.8914,2.1062,0.737,0.7377,-0.0949,1494200,1099756,0.736,0.736,94950600,0.735,85342300,0.734,45276100,0.733,29723800,0.732,28372900,0.737,28165100,0.738,93643200,0.739,115388000,0.740,67686600,0.741,46211200,113,99999,0
sh513130,09:35:07,1769477709261,5715.31,0.8914,1.8839,0.736,0.7377,-0.2304,58300,42913,0.7361,0.736,94721600,0.735,86107600,0.734,45276100,0.733,29773800,0.732,27422900,0.737,74772100,0.738,91920200,0.739,95282700,0.740,66722200,0.741,43211500,647,99999,0
sh513130,09:35:10,1769477713261,5714.29,0.8914,4.1852,0.737,0.7377,-0.0949,484200,356543,0.7364,0.736,95586200,0.735,86162700,0.734,45620500,0.733,29791200,0.732,28422900,0.737,76706300,0.738,89242300,0.739,95865700,0.740,66731400,0.741,43206500,644,99999,0
sh513130,09:35:13,1769477716253,5713.82,0.8914,3.1825,0.736,0.7377,-0.2304,604300,445250,0.7368,0.736,94498200,0.735,86162700,0.734,45645500,0.733,29801200,0.732,28422900,0.737,103353000,0.738,87497700,0.739,80867700,0.740,55842000,0.741,43206500,350,99999,0
sh513130,09:35:16,1769477718259,5713.2,0.8914,2.9277,0.736,0.7377,-0.2304,1463600,1077629,0.7363,0.736,82458800,0.735,99241100,0.734,81642400,0.733,29901200,0.732,28422900,0.737,112045500,0.738,87634400,0.739,80674100,0.740,47829000,0.741,43181500,189,99999,0
sh513130,09:35:19,1769477721246,5709.66,0.8914,2.149,0.736,0.7377,-0.2304,3356800,2470745,0.736,0.736,25654600,0.735,100245000,0.734,81821600,0.733,32951200,0.732,28436200,0.737,111024000,0.738,88263600,0.739,80676900,0.740,46888600,0.741,43181500,645,99999,0
sh513130,09:35:16,1769477722238,5709.66,0.8914,2.4603,0.736,0.7377,-0.2304,0,0,0.736,0.736,82458800,0.735,99241100,0.734,81642400,0.733,29901200,0.732,28422900,0.737,112045500,0.738,87634400,0.739,80674100,0.740,47829000,0.741,43181500,1635,99999,2
sh513130,09:35:19,1769477723245,5709.92,0.8914,2.4131,0.736,0.7377,-0.2304,0,0,0.736,0.736,25654600,0.735,100245000,0.734,81821600,0.733,32951200,0.732,28436200,0.737,111024000,0.738,88263600,0.739,80676900,0.740,46888600,0.741,43181500,666,99999,0
sh513130,09:35:22,1769477725263,5711.5,0.8914,4.5068,0.736,0.737,-0.1357,10735400,7901255,0.736,0.736,16078300,0.735,100803700,0.734,81831600,0.733,37963600,0.732,28436200,0.737,112349300,0.738,88241700,0.739,72635000,0.740,45892700,0.741,43181500,629,99999,0
sh513130,09:35:25,1769477726255,5711.5,0.8914,4.4291,0.736,0.7364,-0.0543,23026800,16947587,0.736,0.736,88709700,0.735,104090100,0.734,79281600,0.733,30112200,0.732,28458500,0.737,110148300,0.738,84121400,0.739,72740900,0.740,45895500,0.741,43201500,1623,99999,0
sh513130,09:35:22,1769477727257,5711.51,0.8914,4.4026,0.736,0.737,-0.1357,0,0,0.736,0.736,16078300,0.735,100803700,0.734,81831600,0.733,37963600,0.732,28436200,0.737,112349300,0.738,88241700,0.739,72635000,0.740,45892700,0.741,43181500,442,99999,2
sh513130,09:35:25,1769477728254,5711.51,0.8914,3.8136,0.736,0.7364,-0.0543,0,0,0.736,0.736,88709700,0.735,104090100,0.734,79281600,0.733,30112200,0.732,28458500,0.737,110148300,0.738,84121400,0.739,72740900,0.740,45895500,0.741,43201500,1439,99999,0
sh513130,09:35:28,1769477731276,5710.05,0.8914,3.6523,0.737,0.7364,0.0815,858100,631562,0.736,0.736,58662600,0.735,104074200,0.734,83392200,0.733,30177700,0.732,28478500,0.737,114156300,0.738,82947900,0.739,72900900,0.740,45691700,0.741,43205900,109,99999,0
sh513130,09:35:31,1769477733274,5710.24,0.8914,3.1917,0.736,0.737,-0.1357,1002700,738125,0.7361,0.736,79529500,0.735,104186500,0.734,79392200,0.733,30194700,0.732,28628500,0.737,114958800,0.738,82808100,0.739,73592400,0.740,45058300,0.741,43267800,587,99999,0
sh513130,09:35:34,1769477737275,5711.23,0.8914,3.5697,0.736,0.737,-0.1357,678200,499656,0.7367,0.736,22242100,0.735,104110400,0.734,82445200,0.733,30710200,0.732,28628500,0.737,116455200,0.738,82976700,0.739,73712400,0.740,45047000,0.741,43462300,713,99999,0
sh513130,09:35:37,1769477739257,5710.74,0.8914,3.7972,0.736,0.7371,-0.1492,1635400,1203655,0.736,0.736,10838400,0.735,100679000,0.734,77503200,0.733,31720200,0.732,28628500,0.737,112467000,0.738,78968400,0.739,68179100,0.740,44314100,0.741,43462300,638,99999,0
sh513130,09:35:40,1769477742266,5711.17,0.8914,2.4449,0.736,0.7371,-0.1492,8969600,6601646,0.736,0.735,103077400,0.734,79493400,0.733,33750200,0.732,28638500,0.731,26599200,0.736,64190300,0.737,106390500,0.738,66360500,0.739,42086500,0.740,44384300,190,99999,0
sh513130,09:35:37,1769477743265,5710.97,0.8914,2.3979,0.736,0.7371,-0.1492,0,0,0.736,0.736,10838400,0.735,100679000,0.734,77503200,0.733,31720200,0.732,28628500,0.737,112467000,0.738,78968400,0.739,68179100,0.740,44314100,0.741,43462300,688,99999,2
sh513130,09:35:40,1769477744275,5710.97,0.8914,2.0466,0.736,0.7371,-0.1492,0,0,0.736,0.735,103077400,0.734,79493400,0.733,33750200,0.732,28638500,0.731,26599200,0.736,64190300,0.737,106390500,0.738,66360500,0.739,42086500,0.740,44384300,11,99999,0
sh513130,09:35:43,1769477746271,5710.19,0.8914,2.2089,0.736,0.7371,-0.1492,290600,213837,0.7358,0.735,105207600,0.734,79507700,0.733,33790200,0.732,28643500,0.731,26599300,0.736,69731100,0.737,104695900,0.738,66081500,0.739,42186300,0.740,44464600,1644,99999,0
sh513130,09:35:46,1769477748284,5709.35,0.8914,3.2805,0.736,0.7364,-0.0543,255100,187634,0.7355,0.735,109731200,0.734,84510800,0.733,38793200,0.732,28693500,0.731,26629300,0.736,43657000,0.737,109004700,0.738,71108500,0.739,41593000,0.740,44491200,1682,99999,0
sh513130,09:35:49,1769477752320,5712.39,0.8914,8.4084,0.736,0.7364,-0.0543,25511900,18776785,0.736,0.736,71511500,0.735,111956000,0.734,84037300,0.733,35793300,0.732,28933500,0.737,107099600,0.738,93477900,0.739,41878900,0.740,44675000,0.741,43679800,1529,99999,0
sh513130,09:35:52,1769477754325,5712.13,0.8914,8.1342,0.736,0.7364,-0.0543,1293800,952237,0.736,0.736,88564500,0.735,112143200,0.734,79076400,0.733,30793300,0.732,29268700,0.737,106923700,0.738,93588700,0.739,47229800,0.740,44816300,0.741,43679800,1371,99999,0
sh513130,09:35:49,1769477755313,5712.57,0.8914,7.4076,0.736,0.7364,-0.0543,0,0,0.736,0.736,71511500,0.735,111956000,0.734,84037300,0.733,35793300,0.732,28933500,0.737,107099600,0.738,93477900,0.739,41878900,0.740,44675000,0.741,43679800,172,99999,2
sh513130,09:35:52,1769477756320,5712.57,0.8914,5.8467,0.736,0.7364,-0.0543,0,0,0.736,0.736,88564500,0.735,112143200,0.734,79076400,0.733,30793300,0.732,29268700,0.737,106923700,0.738,93588700,0.739,47229800,0.740,44816300,0.741,43679800,1179,99999,0
sh513130,09:35:55,1769477758312,5712.83,0.8914,6.8283,0.736,0.7371,-0.1492,750800,552639,0.7361,0.736,25003000,0.735,112731800,0.734,82999500,0.733,31867900,0.732,29292700,0.737,107127300,0.738,93768700,0.739,47387800,0.740,44914500,0.741,43629800,995,99999,0
sh513130,09:35:58,1769477761321,5712.68,0.8914,5.6708,0.736,0.7371,-0.1492,835100,614634,0.736,0.736,84661500,0.735,112804800,0.734,79647400,0.733,30868900,0.732,29392700,0.737,107180800,0.738,93831600,0.739,47899800,0.740,44925900,0.741,43770800,716,99999,0
sh513130,09:36:01,1769477765326,5709.22,0.8914,4.9534,0.736,0.737,-0.1357,21708300,15977312,0.736,0.735,112961200,0.734,85527400,0.733,33868900,0.732,29402700,0.731,27099500,0.736,66367700,0.737,114948400,0.738,60918400,0.739,48019000,0.740,44940900,757,99999,0
sh513130,09:36:04,1769477766321,5709.22,0.8914,5.0208,0.736,0.737,-0.1357,71500,52608,0.7358,0.735,113822600,0.734,86873900,0.733,33868900,0.732,29404700,0.731,27099500,0.736,73900700,0.737,113295500,0.738,59927100,0.739,42267100,0.740,45359100,283,99999,0
sh513130,09:36:07,1769477769320,5707.18,0.8914,3.9975,0.736,0.737,-0.1357,36600,26911,0.7353,0.735,115844700,0.734,87083900,0.733,38870000,0.732,29422700,0.731,27124500,0.736,98878800,0.737,111278900,0.738,45897600,0.739,31881500,0.740,45369100,731,99999,0
sh513130,09:36:10,1769477772339,5706.94,0.8914,5.3957,0.735,0.737,-0.2714,130200,95824,0.736,0.735,107924500,0.734,100082600,0.733,39672000,0.732,29422700,0.731,27124500,0.736,106009700,0.737,109696000,0.738,46011700,0.739,26891500,0.740,45320100,1638,99999,0
sh513130,09:36:07,1769477773330,5706.95,0.8914,6.1364,0.736,0.737,-0.1357,0,0,0.736,0.735,115844700,0.734,87083900,0.733,38870000,0.732,29422700,0.731,27124500,0.736,98878800,0.737,111278900,0.738,45897600,0.739,31881500,0.740,45369100,753,99999,2
sh513130,09:36:10,1769477774337,5706.95,0.8914,6.1055,0.735,0.737,-0.2714,0,0,0.735,0.735,107924500,0.734,100082600,0.733,39672000,0.732,29422700,0.731,27124500,0.736,106009700,0.737,109696000,0.738,46011700,0.739,26891500,0.740,45320100,1759,99999,0
sh513130,09:36:13,1769477777331,5706.81,0.8914,3.8495,0.736,0.7364,-0.0543,570900,419779,0.7353,0.735,112569500,0.734,101087000,0.733,52733300,0.732,30028900,0.731,27144500,0.736,61361300,0.737,109057300,0.738,61041700,0.739,40492300,0.740,45306900,397,99999,0
sh513130,09:36:16,1769477778333,5706.81,0.8914,4.2199,0.736,0.7364,-0.0543,195000,143416,0.7355,0.735,113372700,0.734,101126200,0.733,52723800,0.732,30032900,0.731,27748900,0.736,69484900,0.737,108068400,0.738,61031700,0.739,40683300,0.740,45300600,1401,99999,0
sh513130,09:36:19,1769477782336,5707.0,0.8914,3.5265,0.736,0.7364,-0.0543,249100,183270,0.7357,0.735,114946000,0.734,101264600,0.733,52743600,0.732,30632700,0.731,27963300,0.736,77521300,0.737,104944000,0.738,68978300,0.739,40683300,0.740,45505600,1015,99999,0
sh513130,09:36:22,1769477784339,5706.83,0.8914,4.7816,0.735,0.7364,-0.1901,2117100,1557429,0.7356,0.735,113595200,0.734,101774200,0.733,52763600,0.732,30648700,0.731,28563100,0.736,21337100,0.737,102715600,0.738,87976400,0.739,40659900,0.740,45555600,838,99999,0
sh513130,09:36:19,1769477785333,5707.37,0.8914,4.7261,0.736,0.7364,-0.0543,0,0,0.736,0.735,114946000,0.734,101264600,0.733,52743600,0.732,30632700,0.731,27963300,0.736,77521300,0.737,104944000,0.738,68978300,0.739,40683300,0.740,45505600,678,99999,2
sh513130,09:36:22,1769477786328,5707.37,0.8914,5.6349,0.735,0.7364,-0.1901,0,0,0.735,0.735,113595200,0.734,101774200,0.733,52763600,0.732,30648700,0.731,28563100,0.736,21337100,0.737,102715600,0.738,87976400,0.739,40659900,0.740,45555600,643,99999,0
sh513130,09:36:25,1769477788329,5707.9,0.8914,7.8894,0.736,0.7364,-0.0543,34461300,25363516,0.736,0.735,113676800,0.734,101362500,0.733,52876100,0.732,30648700,0.731,28565100,0.736,16958600,0.737,104976600,0.738,88960100,0.739,45659900,0.740,45596300,472,99999,0
sh513130,09:36:28,1769477791353,5708.83,0.8914,5.5866,0.736,0.7364,-0.0543,10654700,7841850,0.736,0.736,49172900,0.735,110169900,0.734,102468700,0.733,52951100,0.732,30648700,0.737,104996600,0.738,89516700,0.739,45649900,0.740,45672300,0.741,43515800,766,99999,0
sh513130,09:36:31,1769477794372,5708.93,0.8914,3.4222,0.736,0.7364,-0.0543,673200,495475,0.736,0.736,62113300,0.735,110430800,0.734,102554800,0.733,46051100,0.732,30658700,0.737,105209000,0.738,89496700,0.739,45748400,0.740,47683400,0.741,43516200,1762,99999,0
sh513130,09:36:34,1769477796378,5709.36,0.8914,2.3881,0.736,0.7364,-0.0543,959500,706204,0.736,0.736,55761400,0.735,110389900,0.734,102565400,0.733,46065200,0.732,30688700,0.737,106221300,0.738,89401600,0.739,45748400,0.740,47683400,0.741,43516200,1820,99999,0
sh513130,09:36:37,1769477798388,5709.86,0.8914,2.8304,0.736,0.7371,-0.1492,4826100,3552009,0.736,0.735,109266800,0.734,103167400,0.733,48180200,0.732,30857500,0.731,28741400,0.736,7751300,0.737,107621200,0.738,90299900,0.739,46148400,0.740,47749800,1785,99999,0
sh513130,09:36:40,1769477802376,5707.78,0.8914,2.5431,0.736,0.7371,-0.1492,7139900,5254967,0.736,0.736,14735000,0.735,110370600,0.734,103601300,0.733,53591400,0.732,30857500,0.737,107431600,0.738,91646200,0.739,45878400,0.740,47760800,0.741,43482900,1444,99999,0
sh513130,09:36:43,1769477805389,5708.87,0.8914,1.8681,0.736,0.7371,-0.1492,1151100,847479,0.7362,0.736,2193800,0.735,111988000,0.734,103646300,0.733,54197500,0.732,30857500,0.737,107809900,0.738,92607500,0.739,46280400,0.740,47663300,0.741,43482900,102,99999,0
sh513130,09:36:46,1769477809348,5708.41,0.8914,3.9412,0.736,0.7371,-0.1492,2801300,2061644,0.736,0.736,4108700,0.735,114837100,0.734,103749000,0.733,55332800,0.732,30888200,0.737,108628700,0.738,94018000,0.739,46280400,0.740,47980200,0.741,43482900,777,99999,0
sh513130,09:36:49,1769477812349,5707.64,0.8914,4.6032,0.737,0.7371,-0.0136,8214600,6045960,0.736,0.736,8024900,0.735,115871800,0.734,102956000,0.733,55784600,0.732,30889400,0.737,107222900,0.738,95256400,0.739,46341200,0.740,47914800,0.741,43482900,518,99999,0
sh513130,09:36:52,1769477815356,5708.28,0.8914,5.3755,0.736,0.7371,-0.1492,8496800,6253644,0.736,0.736,7852400,0.735,114421000,0.734,103999000,0.733,55984600,0.732,30899900,0.737,107555100,0.738,92263800,0.739,50344200,0.740,47685300,0.741,43482900,775,99999,0
sh513130,09:36:55,1769477817338,5708.84,0.8914,4.601,0.737,0.7371,-0.0136,184300,135695,0.7363,0.736,11903300,0.735,113696000,0.734,104041000,0.733,56014600,0.732,31066800,0.737,108293400,0.738,93095200,0.739,50161300,0.740,47705300,0.741,43481900,761,99999,0
sh513130,09:36:52,1769477818332,5708.84,0.8914,3.9159,0.736,0.7371,-0.1492,0,0,0.736,0.736,7852400,0.735,114421000,0.734,103999000,0.733,55984600,0.732,30899900,0.737,107555100,0.738,92263800,0.739,50344200,0.740,47685300,0.741,43482900,1756,99999,2
sh513130,09:36:55,1769477819334,5708.4,0.8914,3.7274,0.737,0.7371,-0.0136,0,0,0.737,0.736,11903300,0.735,113696000,0.734,104041000,0.733,56014600,0.732,31066800,0.737,108293400,0.738,93095200,0.739,50161300,0.740,47705300,0.741,43481900,734,99999,0
sh513130,09:36:58,1769477820331,5708.4,0.8914,4.6373,0.736,0.7364,-0.0543,3033600,2232762,0.736,0.735,114704300,0.734,103970000,0.733,55983700,0.732,31076800,0.731,29008100,0.736,5271700,0.737,108998200,0.738,93142800,0.739,50164400,0.740,47783300,1733,99999,0
sh513130,09:37:01,1769477823320,5706.86,0.8914,3.2953,0.736,0.7364,-0.0543,189700,139602,0.7359,0.735,115219600,0.734,104770000,0.733,56033700,0.732,31080100,0.731,29038200,0.736,93838400,0.737,105595800,0.738,62183600,0.739,31791600,0.740,47895800,112,99999,0
sh513130,09:37:04,1769477827318,5703.73,0.8914,4.6546,0.736,0.7364,-0.0543,11001200,8096831,0.736,0.735,107106200,0.734,104921000,0.733,61035700,0.732,31480500,0.731,29058200,0.736,84948700,0.737,104572900,0.738,61185400,0.739,31791600,0.740,47917800,179,99999,0
sh513130,09:37:07,1769477830326,5702.37,0.8914,4.5501,0.736,0.7364,-0.0543,137000,100774,0.7356,0.735,63271200,0.734,105051000,0.733,80037100,0.732,34480500,0.731,29118200,0.736,85198800,0.737,104572900,0.738,61185400,0.739,31792600,0.740,47952500,1025,99999,0
sh513130,09:37:10,1769477833337,5701.97,0.8914,4.2648,0.735,0.7358,-0.1087,2633300,1935719,0.7351,0.735,51937700,0.734,104139700,0.733,81041100,0.732,39490500,0.731,29128500,0.736,89037400,0.737,105422400,0.738,57656500,0.739,27243500,0.740,47919500,746,99999,0
sh513130,09:37:13,1769477835338,5701.36,0.8914,4.1409,0.735,0.7358,-0.1087,5374400,3951158,0.7352,0.735,46749800,0.734,104989400,0.733,81041100,0.732,39495500,0.731,29209800,0.736,90429200,0.737,103889700,0.738,57730500,0.739,27257000,0.740,47891600,766,99999,0
sh513130,09:37:16,1769477838353,5700.06,0.8914,3.9889,0.735,0.7358,-0.1087,40780200,29973460,0.735,0.734,112262000,0.733,82078000,0.732,39599700,0.731,29252800,0.730,29795100,0.735,7293300,0.736,90017800,0.737,101153000,0.738,46831300,0.739,27312000,303,99999,0
sh513130,09:37:19,1769477841346,5699.12,0.8914,3.1074,0.735,0.7358,-0.1087,3768000,2769480,0.735,0.734,113199000,0.733,83098000,0.732,39603200,0.731,29365600,0.730,29815200,0.735,25004500,0.736,78126100,0.737,89352400,0.738,28747500,0.739,27312000,675,99999,0
sh513130,09:37:22,1769477845369,5699.17,0.8914,3.1496,0.735,0.7351,-0.0136,6263600,4603725,0.735,0.734,115414100,0.733,83148000,0.732,39603200,0.731,29555900,0.730,29833900,0.735,41944700,0.736,78678300,0.737,88634100,0.738,25747500,0.739,27325500,772,99999,0
sh513130,09:37:25,1769477846377,5699.17,0.8914,3.0445,0.734,0.7351,-0.1496,671400,493418,0.7349,0.734,116439100,0.733,83274400,0.732,39608200,0.731,29483500,0.730,30354800,0.735,31755200,0.736,80677700,0.737,88644900,0.738,28737500,0.739,27425500,1779,99999,0
sh513130,09:37:28,1769477850395,5698.23,0.8914,1.8618,0.735,0.7351,-0.0136,1648400,1210658,0.7344,0.734,116398700,0.733,83641900,0.732,39629700,0.731,29489000,0.730,30363600,0.735,34716500,0.736,77038600,0.737,88477800,0.738,28738600,0.739,27430500,1468,99999,0
sh513130,09:37:31,1769477854388,5699.3,0.8914,2.1731,0.735,0.7351,-0.0136,4220100,3101704,0.735,0.734,118332500,0.733,84709900,0.732,39720100,0.731,29794000,0.730,30382600,0.735,492000,0.736,81979200,0.737,102618300,0.738,31311700,0.739,27603000,1111,99999,0
sh513130,09:37:34,1769477856401,5699.82,0.8914,1.6531,0.735,0.7351,-0.0136,1338700,983914,0.735,0.734,118616300,0.733,85220500,0.732,39771100,0.731,29949000,0.730,32151400,0.735,7209300,0.736,83073900,0.737,103364800,0.738,31341800,0.739,27596600,949,99999,0
sh513130,09:37:37,1769477859398,5698.73,0.8914,1.5685,0.735,0.7351,-0.0136,1163700,854325,0.7341,0.734,118757600,0.733,85257300,0.732,40377100,0.731,30052500,0.730,32283900,0.735,78449100,0.736,80177300,0.737,73499400,0.738,28081800,0.739,27597600,776,99999,0
sh513130,09:37:40,1769477862412,5699.24,0.8914,0.7864,0.735,0.7351,-0.0136,610100,448200,0.7346,0.734,118531000,0.733,85438800,0.732,40430100,0.731,30463500,0.730,32372900,0.735,64378700,0.736,80190400,0.737,87773400,0.738,28081800,0.739,27497600,425,99999,0
sh513130,09:37:43,1769477866415,5700.84,0.8914,4.1191,0.735,0.7351,-0.0136,14859500,10921705,0.735,0.735,10681000,0.734,116977800,0.733,85979400,0.732,40432100,0.731,30659500,0.736,84525900,0.737,103645500,0.738,45623800,0.739,28447700,0.740,47905400,62,99999,0
sh513130,09:37:46,1769477868403,5699.91,0.8914,3.6945,0.735,0.7351,-0.0136,12009700,8827049,0.735,0.734,116097900,0.733,86046600,0.732,40454100,0.731,30659500,0.730,32673200,0.735,77462600,0.736,82300500,0.737,88561200,0.738,42638800,0.739,28407100,1828,99999,0
sh513130,09:37:49,1769477872421,5698.91,0.8914,8.7856,0.735,0.7351,-0.0136,1656300,1216468,0.7344,0.734,116297200,0.733,86173500,0.732,40474100,0.731,30661500,0.730,32987700,0.735,79752200,0.736,81627200,0.737,89325000,0.738,42136700,0.739,28407600,1717,99999,0
sh513130,09:37:52,1769477875424,5699.4,0.8914,7.2123,0.735,0.7351,-0.0136,737200,541409,0.7344,0.734,116861100,0.733,86178000,0.732,40476200,0.731,30663000,0.730,33009000,0.735,74981100,0.736,81070600,0.737,82110100,0.738,41926700,0.739,28497600,366,99999,0
sh513130,09:37:55,1769477878435,5700.22,0.8914,6.9273,0.735,0.7351,-0.0136,12804700,9410851,0.735,0.735,5026900,0.734,118507600,0.733,87026500,0.732,40540100,0.731,30857500,0.736,85830100,0.737,105055800,0.738,45107700,0.739,28552600,0.740,48189800,1204,99999,0
sh513130,09:37:58,1769477881434,5701.56,0.8914,7.7443,0.735,0.7351,-0.0136,468200,344127,0.735,0.735,15464000,0.734,117146700,0.733,86237700,0.732,40234400,0.731,30838500,0.736,84368200,0.737,106194300,0.738,45527700,0.739,28657900,0.740,48192800,831,99999,0
sh513130,09:38:01,1769477884444,5701.37,0.8914,7.1649,0.735,0.7358,-0.1087,10558900,7760797,0.735,0.735,4107000,0.734,116584800,0.733,86481900,0.732,40934600,0.731,30837500,0.736,88019700,0.737,107106800,0.738,45757800,0.739,28687900,0.740,48254800,661,99999,0
sh513130,09:38:04,1769477886456,5699.93,0.8914,5.7185,0.735,0.7358,-0.1087,5223400,3839207,0.735,0.734,118064600,0.733,87534200,0.732,40948200,0.731,31217300,0.730,33424500,0.735,38402400,0.736,84427000,0.737,92263900,0.738,45851400,0.739,28687900,486,99999,0
sh513130,09:38:07,1769477889456,5699.62,0.8914,4.5608,0.735,0.7358,-0.1087,974700,716388,0.735,0.734,118019100,0.733,87554200,0.732,40981900,0.731,31438900,0.730,34806000,0.735,48490700,0.736,85453600,0.737,91270600,0.738,42451400,0.739,28717900,864,99999,0
sh513130,09:38:10,1769477892485,5698.96,0.8914,4.5897,0.734,0.7358,-0.2446,314300,230944,0.7348,0.734,118494800,0.733,87819700,0.732,41023400,0.731,31717200,0.730,34860500,0.735,9109000,0.736,85616600,0.737,91470600,0.738,45451400,0.739,28717900,1861,99999,0
sh513130,09:38:07,1769477893489,5698.99,0.8914,4.0353,0.735,0.7358,-0.1087,0,0,0.735,0.734,118019100,0.733,87554200,0.732,40981900,0.731,31438900,0.730,34806000,0.735,48490700,0.736,85453600,0.737,91270600,0.738,42451400,0.739,28717900,894,99999,2
sh513130,09:38:10,1769477894501,5698.99,0.8914,3.9634,0.734,0.7358,-0.2446,0,0,0.734,0.734,118494800,0.733,87819700,0.732,41023400,0.731,31717200,0.730,34860500,0.735,9109000,0.736,85616600,0.737,91470600,0.738,45451400,0.739,28717900,1907,99999,0
sh513130,09:38:13,1769477895513,5699.27,0.8914,4.7882,0.735,0.7358,-0.1087,7818200,5746377,0.735,0.735,2932300,0.734,119411300,0.733,87503800,0.732,41039100,0.731,31738700,0.736,87715900,0.737,107469100,0.738,46011400,0.739,28719900,0.740,47306000,831,99999,0
sh513130,09:38:16,1769477898506,5698.65,0.8914,3.9095,0.735,0.7358,-0.1087,3499000,2571751,0.735,0.734,120487000,0.733,88332900,0.732,41536900,0.731,31390200,0.730,35066600,0.735,97230000,0.736,83767400,0.737,77510600,0.738,28026500,0.739,29041700,1631,99999,0
sh513130,09:38:19,1769477902508,5697.91,0.8914,4.2412,0.735,0.7357,-0.0951,917900,674480,0.7348,0.734,122069200,0.733,88536900,0.732,41536900,0.731,31392000,0.730,35242500,0.735,67975600,0.736,84803300,0.737,92541700,0.738,37626500,0.739,29109300,5,99999,0
sh513130,09:38:22,1769477904504,5698.0,0.8914,3.0088,0.735,0.7357,-0.0951,4304600,3163847,0.735,0.734,123279700,0.733,89562900,0.732,41561900,0.731,31444000,0.730,35300500,0.735,21042200,0.736,84883300,0.737,91661700,0.738,40953900,0.739,30103500,14,99999,0
sh513130,09:38:25,1769477907515,5700.02,0.8914,6.1309,0.735,0.7357,-0.0951,8546800,6281868,0.735,0.735,18101200,0.734,118272700,0.733,89203400,0.732,42075900,0.731,31452000,0.736,89483700,0.737,102670700,0.738,41356900,0.739,30123300,0.740,48226300,929,99999,0
sh513130,09:38:28,1769477911520,5700.75,0.8914,4.2603,0.736,0.7357,0.0408,567800,417350,0.735,0.735,23134900,0.734,118324200,0.733,89348400,0.732,41694900,0.731,31457000,0.736,88469600,0.737,103770700,0.738,46376900,0.739,30153300,0.740,48226300,898,99999,0
sh513130,09:38:31,1769477913524,5699.61,0.8914,2.7805,0.735,0.7357,-0.0951,12424100,9131835,0.735,0.734,118715900,0.733,90775300,0.732,42373600,0.731,31459400,0.730,35697000,0.735,5524000,0.736,95162900,0.737,104618200,0.738,46376900,0.739,30153300,892,99999,0
sh513130,09:38:34,1769477917503,5699.82,0.8914,2.5501,0.735,0.7357,-0.0951,421700,309946,0.735,0.734,119700600,0.733,90785900,0.732,42744300,0.731,31463400,0.730,35776400,0.735,48107500,0.736,85920100,0.737,93729000,0.738,46016900,0.739,30165200,910,99999,0
sh513130,09:38:37,1769477919513,5697.42,0.8914,1.9258,0.735,0.7358,-0.1087,529700,389307,0.735,0.734,120497000,0.733,90786000,0.732,42842400,0.731,31904700,0.730,35884100,0.735,89945500,0.736,86322500,0.737,78779000,0.738,33541000,0.739,30204500,841,99999,0
sh513130,09:38:40,1769477923501,5698.06,0.8914,3.2817,0.735,0.7358,-0.1087,1446900,1063430,0.735,0.734,121326400,0.733,90789100,0.732,42873000,0.731,31955300,0.730,36243500,0.735,90509100,0.736,83718100,0.737,78899000,0.738,33541000,0.739,30205000,463,99999,0
sh513130,09:38:43,1769477925508,5697.36,0.8914,3.0784,0.735,0.7358,-0.1087,88000,64680,0.735,0.734,123098100,0.733,90791800,0.732,42874100,0.731,32010300,0.730,36272500,0.735,95648800,0.736,83278800,0.737,78899000,0.738,28541000,0.739,30218500,285,99999,0
sh513130,09:38:46,1769477928511,5696.91,0.8914,2.7774,0.734,0.7351,-0.1496,292400,214636,0.734,0.734,123160200,0.733,91008300,0.732,42884500,0.731,32015400,0.730,36301100,0.735,97322400,0.736,82997000,0.737,78919600,0.738,28551000,0.739,30222100,1091,99999,0
sh513130,09:38:49,1769477931524,5696.0,0.8914,3.0291,0.735,0.7351,-0.0136,499300,366697,0.7344,0.734,123643600,0.733,91008800,0.732,42902000,0.731,31983000,0.730,36358300,0.735,99482100,0.736,82996900,0.737,78612000,0.738,28656000,0.739,30322100,753,99999,0
sh513130,09:38:52,1769477934529,5696.23,0.8914,2.5449,0.735,0.7351,-0.0136,322200,236773,0.7349,0.734,124753900,0.733,91993600,0.732,42920700,0.731,32333000,0.730,36401100,0.735,100408800,0.736,83000900,0.737,78612200,0.738,28656000,0.739,30322100,22,99999,0
sh513130,09:38:55,1769477938510,5696.05,0.8914,2.3937,0.735,0.7351,-0.0136,645400,473786,0.7341,0.734,125321000,0.733,92028700,0.732,42930500,0.731,32402700,0.730,36408200,0.735,100657100,0.736,83872500,0.737,76807100,0.738,24429500,0.739,30239600,11,99999,0
sh513130,09:38:58,1769477940497,5695.53,0.8914,3.2981,0.735,0.7351,-0.0136,187600,137723,0.7341,0.734,126383300,0.733,92189200,0.732,42939000,0.731,32402900,0.730,36529700,0.735,91695800,0.736,85098400,0.737,76818100,0.738,34939300,0.739,30339600,19,99999,0
sh513130,09:39:01,1769477944497,5695.07,0.8914,2.7,0.735,0.7351,-0.0136,346800,254670,0.7343,0.734,127453500,0.733,92527300,0.732,42941000,0.731,32539100,0.730,36539700,0.735,102824800,0.736,85119600,0.737,76818100,0.738,24939300,0.739,30326300,12,99999,0
sh513130,09:39:04,1769477946493,5695.07,0.8914,2.6043,0.735,0.7351,-0.0136,351400,258162,0.7347,0.734,116490200,0.733,105690100,0.732,78840800,0.731,32645100,0.730,36646700,0.735,103700000,0.736,85119600,0.737,76795700,0.738,24939300,0.739,32253600,1600,99999,0
sh513130,09:39:07,1769477950518,5694.83,0.8914,4.4429,0.735,0.7351,-0.0136,33300,24456,0.7344,0.734,117647800,0.733,106409400,0.732,78684500,0.731,33145100,0.730,37046200,0.735,103998300,0.736,85917700,0.737,76802700,0.738,24947600,0.739,32260000,7,99999,0
sh513130,09:39:10,1769477952520,5694.61,0.8914,7.2577,0.735,0.7351,-0.0136,85700,62922,0.7342,0.734,114194300,0.733,106419600,0.732,78684800,0.731,35532000,0.730,37062200,0.735,105116000,0.736,85918100,0.737,75817700,0.738,24947600,0.739,32268800,18,99999,0
sh513130,09:39:13,1769477955523,5695.13,0.8914,6.2115,0.735,0.7351,-0.0136,15900,11675,0.7343,0.734,96269600,0.733,106530100,0.732,78696800,0.731,34539600,0.730,37130200,0.735,105112700,0.736,86833100,0.737,75839700,0.738,25399400,0.739,32268800,922,99999,0
sh513130,09:39:16,1769477959510,5694.86,0.8914,5.2271,0.735,0.7345,0.0681,74600,54830,0.735,0.734,129051200,0.733,107601200,0.732,74696800,0.731,33142600,0.730,37268400,0.735,105330400,0.736,86761000,0.737,75839700,0.738,25419400,0.739,32263000,925,99999,0
sh513130,09:39:19,1769477961509,5695.14,0.8914,6.1974,0.735,0.7345,0.0681,58700,43139,0.7349,0.734,130034500,0.733,108713900,0.732,74757200,0.731,33147600,0.730,37300400,0.735,105972400,0.736,87647100,0.737,75761500,0.738,26019200,0.739,32284600,946,99999,0
sh513130,09:39:22,1769477965490,5694.65,0.8914,4.0381,0.734,0.7345,-0.0681,61400,45096,0.7345,0.734,131181300,0.733,108532600,0.732,74777200,0.731,33147600,0.730,37340500,0.735,105386500,0.736,87685600,0.737,76751500,0.738,26019200,0.739,32287600,574,99999,0
sh513130,09:39:25,1769477968487,5695.36,0.8914,4.3047,0.734,0.7351,-0.1496,298400,219030,0.734,0.734,131939500,0.733,108592100,0.732,74787000,0.731,33065700,0.730,37395500,0.735,105848600,0.736,88634200,0.737,75761500,0.738,26019200,0.739,32298900,1763,99999,0
sh513130,09:39:28,1769477970493,5694.7,0.8914,3.6072,0.734,0.7351,-0.1496,233100,171248,0.7347,0.734,131348300,0.733,108805200,0.732,74820100,0.731,33072400,0.730,37469000,0.735,106167700,0.736,89266000,0.737,76710100,0.738,26163600,0.739,32298900,1600,99999,0
sh513130,09:39:31,1769477974495,5693.46,0.8914,5.569,0.734,0.7351,-0.1496,758900,557171,0.7342,0.734,70556400,0.733,108687500,0.732,79810400,0.731,41472400,0.730,37521000,0.735,108182000,0.736,89266000,0.737,75720100,0.738,26163600,0.739,32318900,1255,99999,0
sh513130,09:39:34,1769477976496,5692.8,0.8914,5.2848,0.734,0.7351,-0.1496,629800,462569,0.7345,0.734,76924100,0.733,110779200,0.732,80811400,0.731,41382400,0.730,37527200,0.735,107026400,0.736,90114700,0.737,75720100,0.738,26273600,0.739,32298900,13,99999,0
sh513130,09:39:37,1769477979511,5694.07,0.8914,4.0911,0.735,0.7345,0.0681,140900,103440,0.7341,0.734,123988300,0.733,113699700,0.732,80951100,0.731,39394500,0.730,37565500,0.735,109170000,0.736,90912000,0.737,75720100,0.738,26273600,0.739,32570700,897,99999,0
sh513130,09:39:40,1769477984485,5694.47,0.8914,2.2385,0.734,0.7345,-0.0681,1174200,861936,0.7341,0.734,128199700,0.733,114782400,0.732,76353500,0.731,38096700,0.730,37690700,0.735,109596800,0.736,91760700,0.737,75520100,0.738,26327000,0.739,32570700,329,99999,0
sh513130,09:39:43,1769477986485,5693.73,0.8914,2.6175,0.735,0.7345,0.0681,77300,56772,0.7344,0.734,130218800,0.733,115645200,0.732,80378600,0.731,33276700,0.730,37791800,0.735,109859400,0.736,91744000,0.737,75470100,0.738,26337000,0.739,32570700,156,99999,0
sh513130,09:39:46,1769477988490,5692.51,0.8914,2.4807,0.735,0.7345,0.0681,156300,114848,0.7348,0.734,70573600,0.733,115604700,0.732,81412300,0.731,41676700,0.730,37803700,0.735,109914200,0.736,91744000,0.737,75470100,0.738,26337000,0.739,32659500,1863,99999,0
sh513130,09:39:49,1769477991475,5692.6,0.8914,2.1446,0.735,0.7351,-0.0136,1039800,763253,0.734,0.734,74800600,0.733,117357800,0.732,81043000,0.731,41676700,0.730,37856200,0.735,110102900,0.736,92270200,0.737,75470100,0.738,26337000,0.739,32739500,796,99999,0
sh513130,09:39:52,1769477994476,5691.56,0.8914,2.862,0.735,0.7345,0.0681,84900,62346,0.7343,0.734,93690600,0.733,117395100,0.732,81053200,0.731,41803600,0.730,38023200,0.735,110938000,0.736,93118900,0.737,75470100,0.738,26232000,0.739,32730700,1633,99999,0
sh513130,09:39:55,1769477997468,5692.04,0.8914,3.9405,0.734,0.7345,-0.0681,846900,621738,0.7341,0.734,73789200,0.733,117847000,0.732,81958600,0.731,42217300,0.730,38274200,0.735,111176800,0.736,93877200,0.737,75570400,0.738,26232000,0.739,32730700,272,99999,0
sh513130,09:39:58,1769478000454,5691.92,0.8914,3.3181,0.735,0.7345,0.0681,626600,460425,0.7348,0.734,92825400,0.733,117960000,0.732,81958600,0.731,42278300,0.730,38339200,0.735,111041500,0.736,94734700,0.737,75570400,0.738,26232000,0.739,32863700,1074,99999,0
sh513130,09:39:55,1769478001449,5691.62,0.8914,3.2795,0.734,0.7345,-0.0681,0,0,0.734,0.734,73789200,0.733,117847000,0.732,81958600,0.731,42217300,0.730,38274200,0.735,111176800,0.736,93877200,0.737,75570400,0.738,26232000,0.739,32730700,821,99999,2
sh513130,09:39:58,1769478002451,5691.62,0.8914,2.4506,0.735,0.7345,0.0681,0,0,0.735,0.734,92825400,0.733,117960000,0.732,81958600,0.731,42278300,0.730,38339200,0.735,111041500,0.736,94734700,0.737,75570400,0.738,26232000,0.739,32863700,875,99999,0
sh513130,09:40:01,1769478003442,5693.0,0.8914,2.4035,0.735,0.7345,0.0681,758800,556965,0.734,0.734,73291600,0.733,118129600,0.732,82036800,0.731,42288600,0.730,39042100,0.735,111652300,0.736,95583100,0.737,75570400,0.738,26232000,0.739,32754900,233,99999,0
sh513130,09:40:04,1769478006435,5692.86,0.8914,4.4573,0.734,0.7345,-0.0681,1871000,1373373,0.734,0.734,106398600,0.733,118538500,0.732,82050800,0.731,40313600,0.730,39111300,0.735,111713700,0.736,96461700,0.737,75570400,0.738,26222100,0.739,32757100,477,99999,0
sh513130,09:40:07,1769478009431,5693.31,0.8914,4.5826,0.735,0.7345,0.0681,793800,582836,0.7342,0.734,76060100,0.733,118564100,0.732,82150400,0.731,37767300,0.730,39127300,0.735,111874600,0.736,98160900,0.737,75570400,0.738,26222100,0.739,32772700,844,99999,0
sh513130,09:40:10,1769478013424,5694.01,0.8914,3.2617,0.735,0.7351,-0.0136,1773500,1301784,0.734,0.734,121900400,0.733,118534400,0.732,82359300,0.731,35409700,0.730,39693300,0.735,112041400,0.736,99009500,0.737,75490400,0.738,26280900,0.739,32775800,839,99999,0
sh513130,09:40:13,1769478015434,5693.97,0.8914,3.3935,0.735,0.7351,-0.0136,6200,4554,0.7345,0.734,129571800,0.733,118549400,0.732,82481300,0.731,34919700,0.730,39862600,0.735,112454700,0.736,99858100,0.737,75490400,0.738,26280900,0.739,32775800,731,99999,0
sh513130,09:40:16,1769478019437,5694.58,0.8914,6.3861,0.735,0.7351,-0.0136,55500,40744,0.7341,0.734,130993300,0.733,118790800,0.732,82501300,0.731,35364000,0.730,39958800,0.735,112661300,0.736,101023300,0.737,75490400,0.738,26250900,0.739,32775800,360,99999,0
sh513130,09:40:19,1769478023438,5694.87,0.8914,5.3291,0.735,0.7351,-0.0136,1048800,770781,0.7349,0.734,118128100,0.733,118903600,0.732,82995400,0.731,35364000,0.730,39976700,0.735,114143700,0.736,101897300,0.737,75490400,0.738,26260900,0.739,32675800,809,99999,0
sh513130,09:40:22,1769478024421,5694.87,0.8914,7.7092,0.734,0.7344,-0.0545,291800,214205,0.7341,0.734,135524400,0.733,118921500,0.732,78992300,0.731,35195400,0.730,39945500,0.735,114400300,0.736,102745900,0.737,75490400,0.738,26176900,0.739,32620200,980,99999,0
sh513130,09:40:25,1769478028413,5695.25,0.8914,5.8462,0.735,0.7344,0.0817,119000,87404,0.7345,0.734,136750500,0.733,119051500,0.732,78005900,0.731,35250400,0.730,40017600,0.735,114488800,0.736,102903700,0.737,75490400,0.738,26107500,0.739,32620200,611,99999,0
sh513130,09:40:28,1769478030418,5696.84,0.8914,6.803,0.734,0.7351,-0.1496,342500,251413,0.7341,0.734,136759900,0.733,120021500,0.732,78035300,0.731,35250400,0.730,40049100,0.735,114625300,0.736,102906700,0.737,77487400,0.738,25963100,0.739,32620200,454,99999,0
sh513130,09:40:31,1769478033406,5695.59,0.8914,5.6458,0.734,0.7351,-0.1496,206600,151671,0.7341,0.734,136895200,0.733,120265900,0.732,78085300,0.731,35284900,0.730,40088900,0.735,114653500,0.736,102988100,0.737,77487400,0.738,25963100,0.739,32620200,801,99999,0
sh513130,09:40:34,1769478036409,5695.98,0.8914,6.1167,0.734,0.7351,-0.1496,195300,143359,0.734,0.734,127841900,0.733,120382400,0.732,82135800,0.731,35294900,0.730,40089100,0.735,114774600,0.736,103212300,0.737,77487400,0.738,25963100,0.739,32670200,1837,99999,0
sh513130,09:40:37,1769478040417,5696.04,0.8914,3.4807,0.734,0.7351,-0.1496,131100,96230,0.734,0.734,127822100,0.733,120622200,0.732,82142700,0.731,35368800,0.730,40227000,0.735,116489500,0.736,103212300,0.737,76497400,0.738,25963100,0.739,32970200,1743,99999,0
sh513130,09:40:40,1769478043432,5695.64,0.8914,2.6489,0.734,0.7351,-0.1496,474500,348596,0.7347,0.734,132830900,0.733,120617900,0.732,78247700,0.731,35379100,0.730,40258900,0.735,116132000,0.736,103192500,0.737,76497400,0.738,25963100,0.739,32970200,403,99999,0
sh513130,09:40:43,1769478045442,5696.06,0.8914,4.9966,0.734,0.7351,-0.1496,79200,58139,0.7341,0.734,132884300,0.733,120833900,0.732,78769500,0.731,35383600,0.730,40382500,0.735,105161600,0.736,103158000,0.737,77497400,0.738,35963100,0.739,32970200,237,99999,0
sh513130,09:40:46,1769478050450,5695.71,0.8914,5.9169,0.734,0.7351,-0.1496,716100,525775,0.7342,0.734,128894300,0.733,120875500,0.732,82920000,0.731,35383600,0.730,40389200,0.735,115206400,0.736,103158000,0.737,77497400,0.738,26174900,0.739,33980200,880,99999,0
sh513130,09:40:49,1769478051441,5696.66,0.8914,5.7881,0.734,0.7351,-0.1496,155900,114451,0.7341,0.734,132312200,0.733,121175600,0.732,78922100,0.731,35383600,0.730,40661200,0.735,115231300,0.736,103158000,0.737,77501300,0.738,26424900,0.739,33980200,822,99999,0
sh513130,09:40:52,1769478054445,5696.57,0.8914,3.9011,0.735,0.7351,-0.0136,308500,226487,0.7342,0.734,127573200,0.733,121356700,0.732,82955800,0.731,35383600,0.730,40696500,0.735,115719300,0.736,103158000,0.737,77567400,0.738,26424900,0.739,33980200,511,99999,0
sh513130,09:40:55,1769478058448,5696.6,0.8914,7.8669,0.735,0.7351,-0.0136,504000,370003,0.7341,0.734,115227300,0.733,121448400,0.732,81965800,0.731,35397700,0.730,40910000,0.735,116048500,0.736,103094600,0.737,77567400,0.738,26424900,0.739,34028600,150,99999,0
sh513130,09:40:58,1769478060479,5695.9,0.8914,6.7123,0.734,0.7351,-0.1496,867900,637151,0.7341,0.734,118729500,0.733,121448700,0.732,78965800,0.731,35461100,0.730,40920000,0.735,116199200,0.736,103085800,0.737,77715600,0.738,26424900,0.739,34028600,1805,99999,0
sh513130,09:41:01,1769478064423,5696.1,0.8914,6.0588,0.735,0.7351,-0.0136,169300,124373,0.7346,0.734,114866900,0.733,121459800,0.732,82974300,0.731,35461100,0.730,41193200,0.735,116231100,0.736,103085800,0.737,77784600,0.738,26400900,0.739,34063300,1211,99999,0
sh513130,09:41:04,1769478067411,5695.93,0.8914,5.0742,0.735,0.7351,-0.0136,862300,633146,0.7343,0.734,118455200,0.733,121543900,0.732,78975800,0.731,35461100,0.730,41266900,0.735,116613400,0.736,103085800,0.737,77796600,0.738,26400900,0.739,34063300,375,99999,0
sh513130,09:41:07,1769478069411,5696.17,0.8914,4.875,0.735,0.7351,-0.0136,111200,81663,0.7344,0.734,118512300,0.733,121680100,0.732,78983800,0.731,35461100,0.730,41439000,0.735,116123000,0.736,103085800,0.737,77796600,0.738,26400900,0.739,34063300,197,99999,0
sh513130,09:41:04,1769478070407,5696.17,0.8914,4.9401,0.735,0.7351,-0.0136,0,0,0.735,0.734,118455200,0.733,121543900,0.732,78975800,0.731,35461100,0.730,41266900,0.735,116613400,0.736,103085800,0.737,77796600,0.738,26400900,0.739,34063300,1193,99999,2
sh513130,09:41:07,1769478071404,5696.22,0.8914,4.814,0.735,0.7351,-0.0136,0,0,0.735,0.734,118512300,0.733,121680100,0.732,78983800,0.731,35461100,0.730,41439000,0.735,116123000,0.736,103085800,0.737,77796600,0.738,26400900,0.739,34063300,15,99999,0
sh513130,09:41:10,1769478072403,5696.22,0.8914,4.8048,0.735,0.7351,-0.0136,340200,250031,0.735,0.734,118790000,0.733,122031000,0.732,79478800,0.731,35461200,0.730,41489000,0.735,90927300,0.736,103085800,0.737,92796600,0.738,36903800,0.739,34063300,1016,99999,0
sh513130,09:41:13,1769478075398,5697.0,0.8914,6.2878,0.735,0.7351,-0.0136,646600,474833,0.7344,0.734,118764700,0.733,122054600,0.732,79490500,0.731,35463200,0.730,41494300,0.735,85971100,0.736,103077500,0.737,92796600,0.738,36903800,0.739,34263300,861,99999,0
sh513130,09:41:16,1769478078411,5697.19,0.8914,5.9599,0.735,0.7351,-0.0136,1464800,1076256,0.7347,0.734,118355200,0.733,122161200,0.732,79711000,0.731,35463200,0.730,41617100,0.735,85355400,0.736,103111500,0.737,92816600,0.738,36903800,0.739,34308300,482,99999,0
sh513130,09:41:19,1769478081407,5697.28,0.8914,5.0471,0.735,0.7351,-0.0136,267300,196302,0.7344,0.734,119131000,0.733,122116600,0.732,79715100,0.731,35468300,0.730,41747600,0.735,85563600,0.736,103111500,0.737,92816600,0.738,36903800,0.739,34308300,839,99999,0
sh513130,09:41:22,1769478084402,5696.63,0.8914,4.8887,0.735,0.7351,-0.0136,452000,331849,0.7342,0.734,115042700,0.733,122123900,0.732,83715100,0.731,35488800,0.730,41821500,0.735,109829100,0.736,103051900,0.737,77816600,0.738,26356300,0.739,34291700,1791,99999,0
sh513130,09:41:25,1769478087387,5695.57,0.8914,3.7273,0.735,0.7351,-0.0136,40400,29694,0.735,0.734,125306300,0.733,122124400,0.732,83965100,0.731,35491700,0.730,41841500,0.735,111102000,0.736,103062700,0.737,76824600,0.738,26426300,0.739,34291700,725,99999,0
sh513130,09:41:28,1769478090387,5695.38,0.8914,3.7028,0.734,0.7351,-0.1496,297100,218185,0.7344,0.734,130136900,0.733,122321600,0.732,79978100,0.731,35500100,0.730,41935700,0.735,110985600,0.736,103066700,0.737,76824600,0.738,26526900,0.739,34301700,1553,99999,0
sh513130,09:41:31,1769478095369,5698.3,0.8914,7.1268,0.734,0.7351,-0.1496,1134200,833564,0.7349,0.734,130582600,0.733,122316000,0.732,80022600,0.731,35500100,0.730,42132600,0.735,73974300,0.736,109864100,0.737,92789000,0.738,39926900,0.739,34301700,556,99999,0
sh513130,09:41:34,1769478096354,5698.3,0.8914,6.1863,0.734,0.7351,-0.1496,267500,196602,0.735,0.734,131086000,0.733,122491800,0.732,80083200,0.731,35512100,0.730,42154500,0.735,42764700,0.736,109955200,0.737,92791100,0.738,41951800,0.739,36147700,969,99999,0
sh513130,09:41:37,1769478099364,5698.78,0.8914,5.147,0.735,0.7351,-0.0136,547400,402152,0.7347,0.734,132160900,0.733,122484500,0.732,80083300,0.731,35512100,0.730,42164000,0.735,61793600,0.736,109980800,0.737,92791100,0.738,41951800,0.739,36147700,803,99999,0
sh513130,09:41:40,1769478103354,5699.51,0.8914,5.8579,0.734,0.7351,-0.1496,1428100,1049091,0.7346,0.734,133018900,0.733,122568400,0.732,80051000,0.731,35612100,0.730,42164500,0.735,42752700,0.736,109980800,0.737,92791100,0.738,41951800,0.739,36094400,770,99999,0
sh513130,09:41:43,1769478106344,5698.98,0.8914,3.5457,0.735,0.7351,-0.0136,876400,643794,0.7346,0.734,133606700,0.733,122628400,0.732,79980800,0.731,35612100,0.730,42174500,0.735,79782700,0.736,103265000,0.737,92793800,0.738,41961800,0.739,36097400,40,99999,0
sh513130,09:41:46,1769478108317,5699.61,0.8914,3.3069,0.735,0.7351,-0.0136,1022300,751386,0.735,0.734,135169500,0.733,121776300,0.732,79980800,0.731,35627100,0.730,42232000,0.735,31215600,0.736,83285000,0.737,92793800,0.738,41961800,0.739,36097400,1771,99999,0
sh513130,09:41:49,1769478111320,5699.96,0.8914,6.943,0.735,0.7351,-0.0136,32120000,23608000,0.735,0.735,20906300,0.734,134859800,0.733,120375100,0.732,79903800,0.731,35627100,0.736,92366400,0.737,102640600,0.738,46959200,0.739,36097400,0.740,51936400,660,99999,0
sh513130,09:41:52,1769478115330,5699.55,0.8914,4.0244,0.735,0.7351,-0.0136,126400,92904,0.735,0.735,20377100,0.734,133969300,0.733,120383700,0.732,79523800,0.731,35627800,0.736,92766500,0.737,102640600,0.738,46609900,0.739,36097400,0.740,52228400,312,99999,0
sh513130,09:41:55,1769478118312,5699.92,0.8914,3.9364,0.735,0.7351,-0.0136,9868000,7252990,0.735,0.734,133336800,0.733,121931500,0.732,79915800,0.731,35652300,0.730,42404800,0.735,51272100,0.736,86324600,0.737,93845800,0.738,46619900,0.739,36107400,1130,99999,0
sh513130,09:41:58,1769478120286,5700.13,0.8914,3.2208,0.735,0.7351,-0.0136,1685400,1238768,0.735,0.734,136079300,0.733,121931600,0.732,79931600,0.731,35652300,0.730,42408100,0.735,32490100,0.736,86245700,0.737,94785900,0.738,46269900,0.739,36107400,918,99999,0
sh513130,09:42:01,1769478124245,5700.58,0.8914,5.021,0.735,0.7351,-0.0136,585400,430262,0.735,0.734,137106100,0.733,121966600,0.732,80010400,0.731,35652300,0.730,42453800,0.735,29839000,0.736,86240700,0.737,94649900,0.738,46325400,0.739,36112400,491,99999,0
sh513130,09:42:04,1769478125231,5700.17,0.8914,7.3548,0.735,0.7351,-0.0136,1088200,799811,0.735,0.734,137928000,0.733,122402500,0.732,80031500,0.731,35670300,0.730,42503800,0.735,46393000,0.736,86340700,0.737,95587400,0.738,46325400,0.739,36112400,668,99999,0
sh513130,09:42:07,1769478130217,5700.87,0.8914,5.7816,0.735,0.7351,-0.0136,8365000,6147421,0.7349,0.735,30082100,0.734,136629700,0.733,120564900,0.732,75031500,0.731,35670300,0.736,93189900,0.737,106229700,0.738,46277600,0.739,36112400,0.740,51639000,1627,99999,0
sh513130,09:42:10,1769478133206,5701.37,0.8914,6.9873,0.735,0.7358,-0.1087,242800,178458,0.735,0.735,85245000,0.734,122714700,0.733,118007900,0.732,71528200,0.731,35672300,0.736,93533300,0.737,107077200,0.738,46270800,0.739,36112400,0.740,51664000,646,99999,0
sh513130,09:42:13,1769478134213,5701.37,0.8914,6.6734,0.735,0.7358,-0.1087,414400,304587,0.735,0.735,26355800,0.734,122898400,0.733,116503700,0.732,76528200,0.731,35708400,0.736,94620600,0.737,107077200,0.738,46773100,0.739,36112400,0.740,51654400,1652,99999,0
sh513130,09:42:16,1769478138194,5702.42,0.8914,6.1542,0.736,0.7358,0.0272,399900,293940,0.735,0.735,39364700,0.734,124184300,0.733,116592500,0.732,79548200,0.731,35708400,0.736,95297500,0.737,107098400,0.738,46773100,0.739,36112400,0.740,52154200,1314,99999,0
sh513130,09:42:19,1769478142175,5702.09,0.8914,5.2734,0.735,0.7358,-0.1087,89600,65866,0.7351,0.735,22620200,0.734,124093500,0.733,116654900,0.732,79537700,0.731,35706400,0.736,95626700,0.737,107098400,0.738,46773100,0.739,36112400,0.740,52209700,920,99999,0
sh513130,09:42:22,1769478144163,5700.99,0.8914,3.3769,0.735,0.7358,-0.1087,15462100,11364644,0.735,0.734,124506800,0.733,117651400,0.732,79907700,0.731,35707400,0.730,41890000,0.735,96341300,0.736,89037000,0.737,93066100,0.738,38773100,0.739,35505000,721,99999,0
sh513130,09:42:25,1769478148151,5700.72,0.8914,4.1598,0.735,0.7358,-0.1087,1883800,1384593,0.735,0.734,125134700,0.733,117657200,0.732,79911300,0.731,35788400,0.730,41935200,0.735,92194200,0.736,89062000,0.737,93066100,0.738,38480100,0.739,36281100,355,99999,0
sh513130,09:42:28,1769478151161,5698.81,0.8914,6.663,0.735,0.7358,-0.1087,236600,173901,0.735,0.734,125948700,0.733,117666400,0.732,80012300,0.731,35744300,0.730,41935200,0.735,97566100,0.736,89198000,0.737,93066100,0.738,38480100,0.739,36281100,548,99999,0
sh513130,09:42:31,1769478154171,5697.84,0.8914,4.5391,0.735,0.7358,-0.1087,731800,537646,0.7347,0.734,127845400,0.733,117610600,0.732,81487800,0.731,36086500,0.730,41940200,0.735,122256400,0.736,89019800,0.737,78166100,0.738,28480100,0.739,36281100,1579,99999,0
sh513130,09:42:34,1769478156144,5697.37,0.8914,3.9149,0.735,0.7358,-0.1087,436900,321070,0.7349,0.734,120315000,0.733,117620600,0.732,85501500,0.731,36086500,0.730,41947200,0.735,122343000,0.736,88650800,0.737,78954400,0.738,28480100,0.739,36333900,1572,99999,0
sh513130,09:42:37,1769478159148,5697.26,0.8914,4.6048,0.735,0.7351,-0.0136,47000,34545,0.735,0.734,116147000,0.733,117645200,0.732,85456200,0.731,36086500,0.730,41993600,0.735,122505100,0.736,88555800,0.737,78954400,0.738,28480100,0.739,36333900,439,99999,0
sh513130,09:42:40,1769478163146,5696.34,0.8914,3.4325,0.735,0.7351,-0.0136,178100,130889,0.7349,0.734,122286300,0.733,117627600,0.732,85819100,0.731,36487300,0.730,42100200,0.735,122574100,0.736,88474400,0.737,78934400,0.738,28480100,0.739,36094600,71,99999,0
sh513130,09:42:43,1769478166130,5696.3,0.8914,3.2278,0.734,0.7351,-0.1496,484100,355743,0.7349,0.734,140642500,0.733,117972400,0.732,81828900,0.731,36120600,0.730,42075700,0.735,122700800,0.736,88770100,0.737,78934400,0.738,28630100,0.739,36024600,867,99999,0
sh513130,09:42:46,1769478169139,5697.17,0.8914,3.5729,0.735,0.7351,-0.0136,982300,721959,0.735,0.734,137410700,0.733,117983300,0.732,85835700,0.731,36120600,0.730,42086200,0.735,121865300,0.736,88952400,0.737,78939400,0.738,28727800,0.739,36025600,519,99999,0
sh513130,09:42:49,1769478171115,5697.68,0.8914,5.9918,0.734,0.7351,-0.1496,138900,102056,0.7347,0.734,142621200,0.733,117949800,0.732,81912400,0.731,36186600,0.730,42163200,0.735,122262900,0.736,88756000,0.737,78589500,0.738,28755800,0.739,36025600,558,99999,0
sh513130,09:42:52,1769478176081,5697.84,0.8914,4.2844,0.734,0.7351,-0.1496,21800,16005,0.7342,0.734,139701400,0.733,117975000,0.732,85915800,0.731,36288600,0.730,42183300,0.735,123099600,0.736,89151500,0.737,78659500,0.738,28805800,0.739,36025600,1465,99999,0
sh513130,09:42:55,1769478177077,5697.33,0.8914,4.414,0.734,0.7351,-0.1496,243700,179045,0.7347,0.734,136065800,0.733,118054100,0.732,86186700,0.731,36688600,0.730,42206300,0.735,123107800,0.736,89913700,0.737,78709900,0.738,28805800,0.739,36082700,502,99999,0
sh513130,09:42:52,1769478178070,5697.33,0.8914,3.7934,0.734,0.7351,-0.1496,0,0,0.734,0.734,139701400,0.733,117975000,0.732,85915800,0.731,36288600,0.730,42183300,0.735,123099600,0.736,89151500,0.737,78659500,0.738,28805800,0.739,36025600,1498,99999,2
sh513130,09:42:55,1769478179070,5696.07,0.8914,3.7528,0.734,0.7351,-0.1496,0,0,0.734,0.734,136065800,0.733,118054100,0.732,86186700,0.731,36688600,0.730,42206300,0.735,123107800,0.736,89913700,0.737,78709900,0.738,28805800,0.739,36082700,529,99999,0
sh513130,09:42:58,1769478182084,5696.05,0.8914,4.4554,0.735,0.7351,-0.0136,154100,113174,0.7344,0.734,129949900,0.733,118072400,0.732,86337300,0.731,36688700,0.730,42365000,0.735,123345900,0.736,90682800,0.737,78604500,0.738,28822700,0.739,36082700,1514,99999,0
sh513130,09:43:01,1769478184069,5696.49,0.8914,4.4889,0.735,0.7351,-0.0136,159900,117375,0.7341,0.734,130798300,0.733,118100100,0.732,82416000,0.731,36738800,0.730,42377100,0.735,123571700,0.736,90623700,0.737,78642200,0.738,28865700,0.739,36016600,857,99999,0
sh513130,09:43:04,1769478186072,5694.96,0.8914,4.156,0.734,0.7351,-0.1496,49600,36436,0.7346,0.734,88096100,0.733,118066500,0.732,86654500,0.731,38138800,0.730,42382100,0.735,122511100,0.736,91352600,0.737,78642200,0.738,28865700,0.739,36026600,1118,99999,0
sh513130,09:43:07,1769478191044,5695.08,0.8914,5.5465,0.734,0.7351,-0.1496,173500,127384,0.7342,0.734,138471200,0.733,118088800,0.732,87644800,0.731,37141800,0.730,42444200,0.735,123916100,0.736,91751000,0.737,77652200,0.738,28865700,0.739,36129000,436,99999,0
sh513130,09:43:10,1769478193020,5695.73,0.8914,5.407,0.734,0.7351,-0.1496,400100,293708,0.7341,0.734,139315700,0.733,118105400,0.732,87656700,0.731,36776100,0.730,42444300,0.735,125385000,0.736,91889300,0.737,77652300,0.738,28865800,0.739,36129000,432,99999,0
sh513130,09:43:13,1769478195999,5695.58,0.8914,7.1522,0.734,0.7351,-0.1496,753100,552785,0.734,0.734,139728900,0.733,118112100,0.732,86667400,0.731,36776100,0.730,42970300,0.735,126613300,0.736,92791500,0.737,77652300,0.738,28704100,0.739,36129000,140,99999,0
sh513130,09:43:16,1769478198999,5694.11,0.8914,5.637,0.734,0.7351,-0.1496,798000,585743,0.734,0.734,92714000,0.733,118020800,0.732,87657500,0.731,37907600,0.730,42996200,0.735,126857800,0.736,93703500,0.737,77606800,0.738,28704100,0.739,36129100,425,99999,0
sh513130,09:43:19,1769478200999,5694.5,0.8914,5.5545,0.734,0.7351,-0.1496,51200,37581,0.734,0.734,90506700,0.733,118100400,0.732,87767700,0.731,42370000,0.730,42998700,0.735,130195500,0.736,94552100,0.737,77606800,0.738,28839700,0.739,36129100,359,99999,0
sh513130,09:43:22,1769478204991,5694.0,0.8914,6.2921,0.735,0.7351,-0.0136,1245400,914225,0.7341,0.734,139258000,0.733,119396000,0.732,87767700,0.731,37400000,0.730,43009200,0.735,130493300,0.736,95400700,0.737,77606800,0.738,28899700,0.739,36129100,385,99999,0
sh513130,09:43:25,1769478207975,5695.02,0.8914,8.6739,0.735,0.7351,-0.0136,72500,53287,0.735,0.734,140015600,0.733,120254200,0.732,86757700,0.731,37000000,0.730,43012400,0.735,133792300,0.736,96249300,0.737,77656800,0.738,28913700,0.739,36129100,1178,99999,0
sh513130,09:43:28,1769478209971,5695.08,0.8914,7.2552,0.734,0.7351,-0.1496,495200,363735,0.7345,0.734,140860300,0.733,120922000,0.732,86757700,0.731,37024600,0.730,43064400,0.735,133164200,0.736,97097900,0.737,77765700,0.738,28913700,0.739,36129100,1000,99999,0
sh513130,09:43:31,1769478214951,5694.01,0.8914,3.2566,0.734,0.7351,-0.1496,1294400,950095,0.734,0.734,142044800,0.733,122164100,0.732,86796700,0.731,37121100,0.730,43388500,0.735,133320200,0.736,97947600,0.737,78147700,0.738,28883200,0.739,36129100,382,99999,0
sh513130,09:43:34,1769478215941,5694.01,0.8914,3.2133,0.734,0.7351,-0.1496,105600,77525,0.7341,0.734,140228600,0.733,123073200,0.732,87827400,0.731,37531200,0.730,43415300,0.735,133612200,0.736,98796200,0.737,77989300,0.738,28885600,0.739,36129100,434,99999,0
sh513130,09:43:31,1769478216929,5694.67,0.8914,2.9044,0.734,0.7351,-0.1496,0,0,0.734,0.734,142044800,0.733,122164100,0.732,86796700,0.731,37121100,0.730,43388500,0.735,133320200,0.736,97947600,0.737,78147700,0.738,28883200,0.739,36129100,360,99999,2
sh513130,09:43:34,1769478217923,5694.67,0.8914,3.3667,0.734,0.7351,-0.1496,0,0,0.734,0.734,140228600,0.733,123073200,0.732,87827400,0.731,37531200,0.730,43415300,0.735,133612200,0.736,98796200,0.737,77989300,0.738,28885600,0.739,36129100,227,99999,0
sh513130,09:43:37,1769478219921,5693.84,0.8914,2.4009,0.735,0.7351,-0.0136,163800,120245,0.7341,0.734,119217000,0.733,123932100,0.732,87876400,0.731,37531200,0.730,43515800,0.735,133735200,0.736,98796200,0.737,78007200,0.738,28966500,0.739,36179100,47,99999,0
sh513130,09:43:40,1769478222902,5694.41,0.8914,3.0199,0.734,0.7351,-0.1496,1891300,1388228,0.734,0.734,90512100,0.733,123947400,0.732,87887400,0.731,40531200,0.730,43605200,0.735,133830100,0.736,99926900,0.737,78007200,0.738,28966500,0.739,36179100,360,99999,0
sh513130,09:43:43,1769478225906,5693.52,0.8914,3.1699,0.734,0.7351,-0.1496,149800,110037,0.7346,0.734,86162000,0.733,124040900,0.732,87888400,0.731,46848000,0.730,43657200,0.735,133802800,0.736,100775500,0.737,78007200,0.738,28966500,0.739,36194100,1338,99999,0
sh513130,09:43:46,1769478227898,5693.31,0.8914,2.4866,0.734,0.7351,-0.1496,2337300,1715581,0.734,0.734,84024200,0.733,123084500,0.732,87911400,0.731,46858000,0.730,43672700,0.735,133814900,0.736,101646200,0.737,77927200,0.738,29016500,0.739,35994100,1311,99999,0
sh513130,09:43:49,1769478230898,5693.05,0.8914,2.062,0.735,0.7351,-0.0136,289400,212616,0.7347,0.734,80006000,0.733,123099500,0.732,88085400,0.731,46858000,0.730,43712200,0.735,133685300,0.736,102494800,0.737,77827200,0.738,29044500,0.739,35994100,119,99999,0
sh513130,09:43:52,1769478234937,5692.1,0.8914,3.4686,0.734,0.7351,-0.1496,14406800,10574597,0.734,0.734,45983800,0.733,123149800,0.732,88095900,0.731,46858000,0.730,43723400,0.735,133789000,0.736,103343400,0.737,77829200,0.738,29044500,0.739,35994100,396,99999,0
sh513130,09:43:55,1769478238867,5693.67,0.8914,2.4611,0.734,0.7351,-0.1496,41010500,30101714,0.734,0.734,8021400,0.733,124045300,0.732,88245400,0.731,46858000,0.730,43755700,0.735,129229100,0.736,101904600,0.737,66981700,0.738,29045800,0.739,36094100,293,99999,0
sh513130,09:43:58,1769478240862,5693.98,0.8914,1.687,0.735,0.7351,-0.0136,2273700,1668901,0.734,0.734,78903200,0.733,124188900,0.732,88295400,0.731,39707800,0.730,43765200,0.735,129188500,0.736,101699200,0.737,66981700,0.738,29096800,0.739,36094100,302,99999,0
sh513130,09:44:01,1769478243843,5693.22,0.8914,2.0797,0.735,0.7351,-0.0136,50700,37219,0.7341,0.734,80891400,0.733,124873900,0.732,88296800,0.731,39707800,0.730,43765500,0.735,129404000,0.736,101695200,0.737,66981700,0.738,29200100,0.739,36111100,630,99999,0
sh513130,09:44:04,1769478247850,5695.59,0.8914,4.4459,0.735,0.7344,0.0817,900300,660841,0.734,0.734,81103000,0.733,124115900,0.732,87350700,0.731,39707800,0.730,44090900,0.735,129513700,0.736,101795900,0.737,66981700,0.738,29200100,0.739,36111100,1174,99999,0
sh513130,09:44:07,1769478249839,5695.23,0.8914,4.7708,0.735,0.7351,-0.0136,85000,62466,0.7349,0.734,87080700,0.733,124476300,0.732,83350700,0.731,39777100,0.730,44101400,0.735,130506900,0.736,101620900,0.737,66981700,0.738,29200100,0.739,36111100,1260,99999,0
sh513130,09:44:10,1769478253837,5695.59,0.8914,5.3091,0.735,0.7351,-0.0136,208700,153211,0.7341,0.734,87853600,0.733,124267700,0.732,83350700,0.731,39774500,0.730,44121400,0.735,131805400,0.736,101582700,0.737,67970700,0.738,29213100,0.739,36061100,1253,99999,0
sh513130,09:44:13,1769478255823,5695.35,0.8914,4.4681,0.735,0.7351,-0.0136,178900,131474,0.7349,0.734,40261100,0.733,124585900,0.732,87377000,0.731,39784500,0.730,44121600,0.735,132540400,0.736,101656200,0.737,67990700,0.738,29233100,0.739,36161100,1067,99999,0
sh513130,09:44:16,1769478257820,5695.6,0.8914,4.9575,0.735,0.7351,-0.0136,4142700,3041035,0.7341,0.734,81132700,0.733,124585900,0.732,87402000,0.731,39784500,0.730,44056600,0.735,137173200,0.736,101612800,0.737,71367200,0.738,29233100,0.739,36161100,883,99999,0
sh513130,09:44:19,1769478262792,5695.46,0.8914,2.6343,0.735,0.7351,-0.0136,329100,241809,0.7348,0.734,82002700,0.733,124544300,0.732,89241100,0.731,39816500,0.730,44057100,0.735,136117400,0.736,102078200,0.737,72423500,0.738,29433100,0.739,36161100,219,99999,0
sh513130,09:44:22,1769478264798,5695.72,0.8914,2.2243,0.734,0.7357,-0.2311,1565000,1148710,0.734,0.734,81361600,0.733,123949700,0.732,89271400,0.731,39889400,0.730,44111900,0.735,137168300,0.736,102078200,0.737,71435500,0.738,29443700,0.739,36214800,155,99999,0
sh513130,09:44:25,1769478267791,5695.74,0.8914,2.0371,0.734,0.7351,-0.1496,31000,22766,0.7344,0.734,85521100,0.733,123936500,0.732,85291400,0.731,39989400,0.730,44111900,0.735,127301400,0.736,100145700,0.737,80765500,0.738,29443700,0.739,36214800,1179,99999,0
sh513130,09:44:28,1769478270786,5696.69,0.8914,2.2616,0.734,0.7351,-0.1496,176700,129699,0.734,0.734,86345400,0.733,123903700,0.732,84461700,0.731,39989400,0.730,44111900,0.735,118782400,0.736,100135900,0.737,80865500,0.738,29443700,0.739,36244800,185,99999,0
sh513130,09:44:31,1769478273770,5696.98,0.8914,1.0963,0.735,0.7351,-0.0136,53900,39613,0.7349,0.734,87807000,0.733,122962300,0.732,84490300,0.731,39989400,0.730,44161900,0.735,120290700,0.736,100196400,0.737,81265500,0.738,29443700,0.739,36264800,1208,99999,0
sh513130,09:44:34,1769478276757,5696.41,0.8914,1.9249,0.734,0.7351,-0.1496,58500,42949,0.7342,0.734,87825100,0.733,122992300,0.732,84490300,0.731,40001400,0.730,44161900,0.735,128920200,0.736,100212400,0.737,73245500,0.738,29443700,0.739,36115200,183,99999,0
sh513130,09:44:37,1769478280759,5696.6,0.8914,0.9139,0.734,0.7351,-0.1496,27000,19819,0.734,0.734,89342700,0.733,123057400,0.732,84490300,0.731,40232100,0.730,44183900,0.735,121047800,0.736,100320300,0.737,81258600,0.738,29443700,0.739,36116200,187,99999,0
sh513130,09:44:40,1769478282743,5696.83,0.8914,1.9206,0.734,0.7351,-0.1496,448900,329492,0.734,0.734,89186400,0.733,123059300,0.732,84502300,0.731,40282100,0.730,44214900,0.735,129022400,0.736,100425700,0.737,73258600,0.738,29443700,0.739,36116200,102,99999,0
sh513130,09:44:43,1769478285747,5696.71,0.8914,6.1692,0.735,0.7351,-0.0136,448700,329376,0.7341,0.734,89845300,0.733,123388900,0.732,84533700,0.731,40295400,0.730,44417900,0.735,128992400,0.736,101392600,0.737,73258600,0.738,29329600,0.739,36116200,476,99999,0
sh513130,09:44:46,1769478288735,5697.01,0.8914,4.8018,0.734,0.7351,-0.1496,107800,79146,0.7342,0.734,90691600,0.733,123402600,0.732,84533700,0.731,40295400,0.730,44429100,0.735,130971600,0.736,102410800,0.737,81259600,0.738,29329600,0.739,36136700,142,99999,0
sh513130,09:44:49,1769478291737,5697.1,0.8914,3.7582,0.734,0.7351,-0.1496,78900,57913,0.734,0.734,92142500,0.733,123439000,0.732,84533700,0.731,40295400,0.730,45413200,0.735,82953800,0.736,103428300,0.737,96264600,0.738,32329600,0.739,36136700,1148,99999,0
sh513130,09:44:52,1769478294719,5699.14,0.8914,6.1975,0.734,0.7351,-0.1496,136200,99981,0.7341,0.734,93073400,0.733,123442000,0.732,84581400,0.731,40299400,0.730,45413400,0.735,60892000,0.736,112125900,0.737,105059400,0.738,32329600,0.739,36502000,154,99999,0
sh513130,09:44:55,1769478296717,5698.85,0.8914,6.2005,0.734,0.7351,-0.1496,194400,142697,0.734,0.734,94923700,0.733,123499500,0.732,84582200,0.731,40301400,0.730,45465100,0.735,60625300,0.736,92434200,0.737,105059400,0.738,37331600,0.739,36502000,142,99999,0
sh513130,09:44:58,1769478301704,5700.5,0.8914,8.8487,0.735,0.7351,-0.0136,3435200,2524686,0.7349,0.734,91913400,0.733,120306900,0.732,84597200,0.731,40301400,0.730,45478600,0.735,42051000,0.736,92321200,0.737,105906800,0.738,37341600,0.739,36532000,1083,99999,0
sh513130,09:45:01,1769478303706,5701.22,0.8914,7.7621,0.735,0.7357,-0.0951,7644400,5618252,0.735,0.734,94435500,0.733,120368000,0.732,84629000,0.731,40311400,0.730,45449600,0.735,28021700,0.736,92821200,0.737,105906800,0.738,37343700,0.739,36532500,492,99999,0
sh513130,09:45:04,1769478307683,5707.18,0.8914,7.6616,0.735,0.7357,-0.0951,29768800,21881068,0.735,0.735,136050000,0.734,96360000,0.733,112319900,0.732,76961700,0.731,40267000,0.736,41917900,0.737,107854200,0.738,95559500,0.739,49492500,0.740,49354000,605,99999,0
sh513130,09:45:07,1769478309680,5707.26,0.8914,8.0431,0.735,0.7357,-0.0951,1892300,1391689,0.7354,0.735,138822300,0.734,91643500,0.733,112385000,0.732,77101200,0.731,40267000,0.736,31487400,0.737,101921900,0.738,96549500,0.739,48992500,0.740,49354000,424,99999,0
sh513130,09:45:10,1769478312676,5706.2,0.8914,6.6283,0.735,0.7364,-0.1901,136700,100475,0.735,0.735,133880400,0.734,92017200,0.733,112337300,0.732,78861200,0.731,40267000,0.736,68095600,0.737,93127100,0.738,80751000,0.739,48992500,0.740,49389000,78,99999,0
sh513130,09:45:13,1769478315672,5704.48,0.8914,5.4188,0.735,0.7364,-0.1901,303000,222850,0.7355,0.735,109583600,0.734,93649000,0.733,102948000,0.732,59945800,0.731,40703100,0.736,107303400,0.737,93127100,0.738,65751000,0.739,37992500,0.740,49389000,1102,99999,0
sh513130,09:45:16,1769478318671,5704.88,0.8914,4.5434,0.735,0.7364,-0.1901,360300,264871,0.7351,0.735,86249700,0.734,95343700,0.733,102948000,0.732,60345800,0.731,40703100,0.736,107484900,0.737,93127100,0.738,65761000,0.739,37992500,0.740,49419000,56,99999,0
sh513130,09:45:19,1769478322653,5705.42,0.8914,4.1427,0.735,0.7364,-0.1901,1128400,830374,0.7359,0.735,120947000,0.734,96189800,0.733,102613100,0.732,65355800,0.731,40703600,0.736,106664000,0.737,93127100,0.738,65761000,0.739,37992500,0.740,49419000,62,99999,0
sh513130,09:45:22,1769478323649,5705.42,0.8914,3.7124,0.735,0.7364,-0.1901,280000,205814,0.735,0.735,126220600,0.734,96501000,0.733,98592200,0.732,64951500,0.731,40673600,0.736,107034100,0.737,93612700,0.738,65770000,0.739,37992500,0.740,49419000,1058,99999,0
sh513130,09:45:19,1769478324644,5704.8,0.8914,3.4769,0.735,0.7364,-0.1901,0,0,0.735,0.735,120947000,0.734,96189800,0.733,102613100,0.732,65355800,0.731,40703600,0.736,106664000,0.737,93127100,0.738,65761000,0.739,37992500,0.740,49419000,50,99999,2
sh513130,09:45:22,1769478325645,5704.8,0.8914,3.4313,0.735,0.7364,-0.1901,0,0,0.735,0.735,126220600,0.734,96501000,0.733,98592200,0.732,64951500,0.731,40673600,0.736,107034100,0.737,93612700,0.738,65770000,0.739,37992500,0.740,49419000,1050,99999,0
sh513130,09:45:25,1769478328628,5706.29,0.8914,5.0397,0.736,0.7364,-0.0543,202800,149117,0.7353,0.735,132245700,0.734,96704600,0.733,98628100,0.732,59951500,0.731,40673600,0.736,106772200,0.737,93766900,0.738,65770000,0.739,37992500,0.740,49502800,43,99999,0
sh513130,09:45:28,1769478330620,5706.28,0.8914,3.3943,0.736,0.7364,-0.0543,662800,487783,0.7359,0.735,132457800,0.734,97747300,0.733,98633600,0.732,59538900,0.731,40935600,0.736,106051300,0.737,93766900,0.738,65780000,0.739,38192500,0.740,49502800,19,99999,0
sh513130,09:45:31,1769478332610,5705.45,0.8914,3.0434,0.735,0.7364,-0.1901,121100,89122,0.7359,0.735,126456500,0.734,97892700,0.733,102636100,0.732,59554000,0.731,40635600,0.736,105787400,0.737,93766900,0.738,66707400,0.739,38232500,0.740,49503300,19,99999,0
sh513130,09:45:34,1769478336589,5703.31,0.8914,3.0236,0.735,0.7364,-0.1901,2187400,1609885,0.736,0.735,127556800,0.734,98017000,0.733,102669100,0.732,59053600,0.731,40635600,0.736,103825400,0.737,93821900,0.738,66707400,0.739,38232500,0.740,49503300,82,99999,0
sh513130,09:45:37,1769478338584,5702.75,0.8914,2.3653,0.736,0.7364,-0.0543,82200,60499,0.736,0.735,99053300,0.734,102189600,0.733,103629100,0.732,61653600,0.731,40706200,0.736,105258300,0.737,93667700,0.738,65717900,0.739,38232500,0.740,49503300,64,99999,0
sh513130,09:45:34,1769478339582,5702.75,0.8914,2.6746,0.735,0.7364,-0.1901,0,0,0.735,0.735,127556800,0.734,98017000,0.733,102669100,0.732,59053600,0.731,40635600,0.736,103825400,0.737,93821900,0.738,66707400,0.739,38232500,0.740,49503300,932,99999,2
sh513130,09:45:37,1769478340574,5703.38,0.8914,2.7237,0.736,0.7364,-0.0543,0,0,0.736,0.735,99053300,0.734,102189600,0.733,103629100,0.732,61653600,0.731,40706200,0.736,105258300,0.737,93667700,0.738,65717900,0.739,38232500,0.740,49503300,63,99999,0
sh513130,09:45:40,1769478342580,5703.6,0.8914,4.2099,0.735,0.7364,-0.1901,8500,6250,0.7353,0.735,131143400,0.734,102145900,0.733,103631100,0.732,63643800,0.731,40711200,0.736,105620200,0.737,94903900,0.738,65872200,0.739,37839900,0.740,49503300,93,99999,0
sh513130,09:45:43,1769478345569,5704.03,0.8914,3.6783,0.735,0.7364,-0.1901,441700,324741,0.7352,0.735,136783700,0.734,102969100,0.733,103669600,0.732,58311800,0.731,40711200,0.736,105948300,0.737,94930100,0.738,65972200,0.739,37839900,0.740,49504300,979,99999,0
sh513130,09:45:46,1769478348568,5704.14,0.8914,5.521,0.736,0.7364,-0.0543,51500,37901,0.7359,0.735,142702300,0.734,103170100,0.733,98679600,0.732,58313000,0.731,40711200,0.736,104995300,0.737,95807500,0.738,67181000,0.739,37990700,0.740,49502600,74,99999,0
sh513130,09:45:49,1769478351558,5704.54,0.8914,4.4383,0.735,0.7364,-0.1901,1271800,935773,0.7358,0.735,141323800,0.734,103320500,0.733,102653800,0.732,58712900,0.731,40711200,0.736,104401300,0.737,96656900,0.738,67310400,0.739,37990700,0.740,49512700,880,99999,0
sh513130,09:45:52,1769478354549,5703.73,0.8914,3.4187,0.735,0.7364,-0.1901,62500,45943,0.7351,0.735,147230200,0.734,103923200,0.733,98676400,0.732,58757700,0.731,40731800,0.736,104350300,0.737,97421500,0.738,67320400,0.739,37918400,0.740,49505200,47,99999,0
sh513130,09:45:55,1769478357526,5704.29,0.8914,2.8663,0.735,0.7364,-0.1901,202200,148685,0.7353,0.735,145319200,0.734,104191700,0.733,98682700,0.732,58757700,0.731,40731800,0.736,104345000,0.737,98281400,0.738,67320400,0.739,37918400,0.740,49481200,344,99999,0
sh513130,09:45:58,1769478360496,5704.55,0.8914,3.867,0.735,0.7364,-0.1901,79100,58154,0.7352,0.735,146528400,0.734,104228000,0.733,102704700,0.732,58757800,0.731,40741800,0.736,104768000,0.737,99133600,0.738,67348400,0.739,38030500,0.740,49495300,8,99999,0
sh513130,09:46:01,1769478363506,5704.29,0.8914,2.2376,0.735,0.7363,-0.1766,40000,29401,0.735,0.735,147535100,0.734,104287000,0.733,102694700,0.732,59784100,0.731,40742500,0.736,104984900,0.737,100277000,0.738,67498400,0.739,38232900,0.740,49495300,285,99999,0
sh513130,09:46:04,1769478366491,5703.76,0.8914,1.6389,0.736,0.7363,-0.0407,194300,142836,0.7351,0.735,136243800,0.734,104463300,0.733,102694700,0.732,62784100,0.731,40742500,0.736,106153000,0.737,101124400,0.738,66509900,0.739,39442500,0.740,49538300,571,99999,0
sh513130,09:46:07,1769478369491,5702.62,0.8914,1.4462,0.735,0.7363,-0.1766,743900,546808,0.7351,0.735,135976700,0.734,105682400,0.733,103714800,0.732,61786100,0.731,40742500,0.736,106112900,0.737,101124400,0.738,66537300,0.739,39462500,0.740,49302800,899,99999,0
sh513130,09:46:10,1769478372492,5703.88,0.8914,2.4069,0.736,0.7364,-0.0543,175900,129342,0.7353,0.735,147837900,0.734,106000300,0.733,102725000,0.732,59786100,0.731,40742500,0.736,105007800,0.737,102015800,0.738,66537300,0.739,39462500,0.740,49312800,17,99999,0
sh513130,09:46:13,1769478376473,5703.39,0.8914,3.4899,0.736,0.7364,-0.0543,338100,248621,0.7353,0.735,150082900,0.734,106024500,0.733,102725000,0.732,59795300,0.731,40767800,0.736,104965600,0.737,102858300,0.738,67637100,0.739,39512500,0.740,49512800,1808,99999,0
sh513130,09:46:16,1769478378472,5702.74,0.8914,6.6675,0.736,0.7364,-0.0543,1162000,855211,0.736,0.735,147751500,0.734,106176100,0.733,102734000,0.732,59902300,0.731,40767800,0.736,105240300,0.737,103764700,0.738,66663900,0.739,39512500,0.740,49637800,1610,99999,0
sh513130,09:46:19,1769478381468,5701.78,0.8914,4.7974,0.735,0.7364,-0.1901,352800,259460,0.7354,0.735,76703900,0.734,105194700,0.733,103734500,0.732,67902300,0.731,40695900,0.736,106415300,0.737,103877700,0.738,66799200,0.739,39542500,0.740,49637800,206,99999,0
sh513130,09:46:22,1769478384460,5701.52,0.8914,4.0058,0.736,0.7364,-0.0543,6865500,5046355,0.735,0.735,61821700,0.734,105254100,0.733,103757700,0.732,67902300,0.731,40686000,0.736,106333200,0.737,104815100,0.738,67799200,0.739,39607000,0.740,49637800,998,99999,0
sh513130,09:46:25,1769478387466,5700.59,0.8914,4.2614,0.736,0.7357,0.0408,97400,71613,0.7352,0.735,61866400,0.734,105436700,0.733,103788700,0.732,67922300,0.731,40686000,0.736,106312000,0.737,105095800,0.738,67799200,0.739,39935700,0.740,49637700,860,99999,0
sh513130,09:46:28,1769478390471,5700.12,0.8914,3.3653,0.736,0.7357,0.0408,239200,175860,0.7352,0.735,62857900,0.734,105466900,0.733,103888700,0.732,67942300,0.731,40706000,0.736,105834500,0.737,105953300,0.738,68611500,0.739,39505700,0.740,49644700,476,99999,0
sh513130,09:46:31,1769478392467,5699.93,0.8914,2.2945,0.735,0.7357,-0.0951,18655800,13712044,0.735,0.735,38397300,0.734,105461500,0.733,103874500,0.732,67942300,0.731,40706000,0.736,107691000,0.737,106800800,0.738,60429100,0.739,39806300,0.740,49633800,294,99999,0
sh513130,09:46:28,1769478393468,5700.03,0.8914,3.4031,0.736,0.7357,0.0408,0,0,0.736,0.735,62857900,0.734,105466900,0.733,103888700,0.732,67942300,0.731,40706000,0.736,105834500,0.737,105953300,0.738,68611500,0.739,39505700,0.740,49644700,888,99999,2
sh513130,09:46:31,1769478394470,5700.03,0.8914,3.2369,0.735,0.7357,-0.0951,0,0,0.735,0.735,38397300,0.734,105461500,0.733,103874500,0.732,67942300,0.731,40706000,0.736,107691000,0.737,106800800,0.738,60429100,0.739,39806300,0.740,49633800,126,99999,0
sh513130,09:46:34,1769478396469,5699.56,0.8914,2.4849,0.736,0.7357,0.0408,2429500,1785802,0.735,0.735,40506600,0.734,106332400,0.733,103924500,0.732,67942300,0.731,40706000,0.736,107884200,0.737,107729800,0.738,60429100,0.739,39811300,0.740,49533800,1898,99999,0
sh513130,09:46:37,1769478400462,5699.92,0.8914,3.818,0.735,0.7351,-0.0136,334300,245720,0.735,0.735,43086900,0.734,106875700,0.733,104539500,0.732,68533400,0.731,41310000,0.736,110267400,0.737,109215900,0.738,61129100,0.739,40486300,0.740,49721400,1750,99999,0
sh513130,09:46:40,1769478403463,5699.76,0.8914,5.6252,0.736,0.7351,0.1224,239900,176379,0.7352,0.735,50107400,0.734,108125000,0.733,104548000,0.732,68448400,0.731,41310000,0.736,109508400,0.737,110063400,0.738,61129100,0.739,40186300,0.740,49771400,375,99999,0
sh513130,09:46:43,1769478406459,5699.8,0.8914,6.5311,0.736,0.7351,0.1224,349000,256539,0.7351,0.735,46147700,0.734,107285800,0.733,104521200,0.732,68450400,0.731,41317500,0.736,111706400,0.737,110910900,0.738,61177400,0.739,40525900,0.740,50247900,1184,99999,0
