symbol,tx_server_time,tx_local_time,bd_server_time,bd_local_time,price,iopv,premium_rate,index_price,fx_rate,sentiment,tick_vol,tick_amt,tick_vwap,interval_s,bp1,bv1,bp2,bv2,bp3,bv3,bp4,bv4,bp5,bv5,sp1,sv1,sp2,sv2,sp3,sv3,sp4,sv4,sp5,sv5
sh513130,09:32:17,1764552737733,,0,0.738,0.7386,-0.0812,0.0,0.9083,0.0,0,0,0.738,0.0,0.738,4694500,0.737,66688200,0.736,60707300,0.735,54402600,0.734,36530800,0.739,81188000,0.74,59635100,0.741,36910700,0.742,26641600,0.743,20201600
sh513130,09:32:17,1764552738523,,0,0.738,0.7386,-0.0812,0.0,0.9083,1.1308,0,0,0.738,0.789,0.738,4694500,0.737,66688200,0.736,60707300,0.735,54402600,0.734,36530800,0.739,81188000,0.74,59635100,0.741,36910700,0.742,26641600,0.743,20201600
sh513130,09:32:17,1764552739521,,0,0.738,0.7386,-0.0812,0.0,0.9083,0.0328,0,0,0.738,0.999,0.738,4694500,0.737,66688200,0.736,60707300,0.735,54402600,0.734,36530800,0.739,81188000,0.74,59635100,0.741,36910700,0.742,26641600,0.743,20201600
sh513130,09:32:17,1764552740617,,0,0.738,0.7386,-0.0812,0.0,0.9083,0.0328,0,0,0.738,1.096,0.738,4694500,0.737,66688200,0.736,60707300,0.735,54402600,0.734,36530800,0.739,81188000,0.74,59635100,0.741,36910700,0.742,26641600,0.743,20201600
sh513130,09:32:20,1764552741554,,0,0.738,0.7386,-0.0812,0.0,0.9083,1.4789,5602000,4134227,0.738,0.937,0.737,67101700,0.736,61717200,0.735,64862400,0.734,36570800,0.733,31783100,0.738,7407400,0.739,80088600,0.74,59655100,0.741,36925700,0.742,26641600
sh513130,09:32:20,1764552742536,,0,0.738,0.7386,-0.0812,0.0,0.9083,1.5334,0,0,0.738,0.982,0.737,67101700,0.736,61717200,0.735,64862400,0.734,36570800,0.733,31783100,0.738,7407400,0.739,80088600,0.74,59655100,0.741,36925700,0.742,26641600
sh513130,09:32:20,1764552743638,09:33:22,1764552743415,0.738,0.7386,-0.0812,5611.38,0.9083,1.6172,0,0,0.738,1.102,0.737,67101700,0.736,61717200,0.735,64862400,0.734,36570800,0.733,31783100,0.738,7407400,0.739,80088600,0.74,59655100,0.741,36925700,0.742,26641600
sh513130,09:32:20,1764552744661,09:33:24,1764552744481,0.738,0.7386,-0.0812,5611.25,0.9083,3.5561,0,0,0.738,1.023,0.737,67101700,0.736,61717200,0.735,64862400,0.734,36570800,0.733,31783100,0.738,7407400,0.739,80088600,0.74,59655100,0.741,36925700,0.742,26641600
sh513130,09:32:23,1764552745680,09:33:24,1764552745678,0.738,0.7386,-0.0812,5611.25,0.9083,2.4031,999700,737765,0.738,1.019,0.737,60696200,0.736,63507100,0.735,65170100,0.734,44340800,0.733,31785100,0.738,13972000,0.739,68823300,0.74,59937700,0.741,36925700,0.742,26641600
sh513130,09:32:23,1764552746553,09:33:26,1764552746529,0.738,0.7386,-0.0812,5611.53,0.9083,2.2873,0,0,0.738,0.873,0.737,60696200,0.736,63507100,0.735,65170100,0.734,44340800,0.733,31785100,0.738,13972000,0.739,68823300,0.74,59937700,0.741,36925700,0.742,26641600
sh513130,09:32:26,1764552747554,09:33:26,1764552746529,0.738,0.7386,-0.0812,5611.53,0.9083,4.2527,452200,333716,0.738,1.001,0.737,68827300,0.736,63663300,0.735,65713700,0.734,37048700,0.733,31785100,0.738,9040900,0.739,78533900,0.74,60074000,0.741,36981400,0.742,26641600
sh513130,09:32:26,1764552748537,09:33:28,1764552748482,0.738,0.7386,-0.0812,5610.67,0.9083,6.1507,0,0,0.738,0.983,0.737,68827300,0.736,63663300,0.735,65713700,0.734,37048700,0.733,31785100,0.738,9040900,0.739,78533900,0.74,60074000,0.741,36981400,0.742,26641600
sh513130,09:32:26,1764552749562,09:33:28,1764552748482,0.738,0.7386,-0.0812,5610.67,0.9083,5.9229,0,0,0.738,1.025,0.737,68827300,0.736,63663300,0.735,65713700,0.734,37048700,0.733,31785100,0.738,9040900,0.739,78533900,0.74,60074000,0.741,36981400,0.742,26641600
sh513130,09:32:29,1764552750539,09:33:30,1764552750452,0.738,0.7386,-0.0812,5609.72,0.9083,4.7949,290900,214613,0.7378,0.977,0.737,49756000,0.736,62893300,0.735,77844500,0.734,44489000,0.733,31785100,0.738,16121900,0.739,69845000,0.74,60174000,0.741,37181400,0.742,26711100
sh513130,09:32:29,1764552751555,09:33:30,1764552750550,0.738,0.7386,-0.0812,5609.72,0.9083,4.6947,0,0,0.738,1.016,0.737,49756000,0.736,62893300,0.735,77844500,0.734,44489000,0.733,31785100,0.738,16121900,0.739,69845000,0.74,60174000,0.741,37181400,0.742,26711100
sh513130,09:32:32,1764552752527,09:33:32,1764552752497,0.738,0.7386,-0.0812,5612.11,0.9083,6.1447,244500,180441,0.738,0.972,0.737,71622400,0.736,63959500,0.735,65070900,0.734,38109000,0.733,31785100,0.738,12133500,0.739,82599900,0.74,58976500,0.741,37181400,0.742,26811100
sh513130,09:32:29,1764552753554,09:33:32,1764552752497,0.738,0.7386,-0.0812,5612.11,0.9083,5.917,-244500,-180441,0.738,1.027,0.737,49756000,0.736,62893300,0.735,77844500,0.734,44489000,0.733,31785100,0.738,16121900,0.739,69845000,0.74,60174000,0.741,37181400,0.742,26711100
sh513130,09:32:32,1764552754564,09:33:34,1764552754517,0.738,0.7386,-0.0812,5610.0,0.9083,8.5936,244500,180441,0.738,1.011,0.737,71622400,0.736,63959500,0.735,65070900,0.734,38109000,0.733,31785100,0.738,12133500,0.739,82599900,0.74,58976500,0.741,37181400,0.742,26811100
sh513130,09:32:32,1764552755560,09:33:34,1764552754517,0.738,0.7386,-0.0812,5610.0,0.9083,7.9585,0,0,0.738,0.996,0.737,71622400,0.736,63959500,0.735,65070900,0.734,38109000,0.733,31785100,0.738,12133500,0.739,82599900,0.74,58976500,0.741,37181400,0.742,26811100
sh513130,09:32:32,1764552756556,09:33:34,1764552756314,0.738,0.7386,-0.0812,5610.0,0.9083,7.2566,0,0,0.738,0.996,0.737,71622400,0.736,63959500,0.735,65070900,0.734,38109000,0.733,31785100,0.738,12133500,0.739,82599900,0.74,58976500,0.741,37181400,0.742,26811100
sh513130,09:32:32,1764552757563,09:33:36,1764552756629,0.738,0.7386,-0.0812,5611.45,0.9083,5.7951,0,0,0.738,1.008,0.737,71622400,0.736,63959500,0.735,65070900,0.734,38109000,0.733,31785100,0.738,12133500,0.739,82599900,0.74,58976500,0.741,37181400,0.742,26811100
sh513130,09:32:35,1764552758559,09:33:38,1764552758510,0.738,0.7386,-0.0812,5611.2,0.9083,5.346,9384100,6925456,0.738,0.996,0.738,1026300,0.737,73914100,0.736,63081200,0.735,65865900,0.734,38109000,0.739,82932500,0.74,58863100,0.741,37181400,0.742,26811100,0.743,20231600
sh513130,09:32:38,1764552759557,09:33:38,1764552758510,0.738,0.738,0.0,5611.2,0.9083,5.6781,3050400,2251151,0.738,0.997,0.738,37530500,0.737,79427200,0.736,63646600,0.735,56127900,0.734,36974600,0.739,70242400,0.74,58142500,0.741,37201400,0.742,26811700,0.743,20294500
sh513130,09:32:38,1764552760560,09:33:40,1764552760559,0.738,0.738,0.0,5613.62,0.9083,5.216,0,0,0.738,1.003,0.738,37530500,0.737,79427200,0.736,63646600,0.735,56127900,0.734,36974600,0.739,70242400,0.74,58142500,0.741,37201400,0.742,26811700,0.743,20294500
sh513130,09:32:38,1764552761559,09:33:40,1764552760613,0.738,0.738,0.0,5613.62,0.9083,7.1006,0,0,0.738,1.0,0.738,37530500,0.737,79427200,0.736,63646600,0.735,56127900,0.734,36974600,0.739,70242400,0.74,58142500,0.741,37201400,0.742,26811700,0.743,20294500
sh513130,09:32:41,1764552762554,09:33:42,1764552762525,0.738,0.7386,-0.0812,5616.7,0.9083,6.536,92800,68503,0.7382,0.995,0.738,64362300,0.737,71414100,0.736,51745400,0.735,55156800,0.734,36994300,0.739,45298000,0.74,66520900,0.741,49399300,0.742,41864000,0.743,20285400
sh513130,09:32:41,1764552763574,09:33:42,1764552762765,0.738,0.7386,-0.0812,5616.7,0.9083,5.0207,0,0,0.738,1.02,0.738,64362300,0.737,71414100,0.736,51745400,0.735,55156800,0.734,36994300,0.739,45298000,0.74,66520900,0.741,49399300,0.742,41864000,0.743,20285400
sh513130,09:32:41,1764552764552,09:33:44,1764552764502,0.738,0.7386,-0.0812,5618.36,0.9083,4.0757,0,0,0.738,0.978,0.738,64362300,0.737,71414100,0.736,51745400,0.735,55156800,0.734,36994300,0.739,45298000,0.74,66520900,0.741,49399300,0.742,41864000,0.743,20285400
sh513130,09:32:44,1764552765566,09:33:44,1764552764907,0.738,0.7386,-0.0812,5618.36,0.9083,3.6504,110300,81441,0.7384,1.015,0.738,63831900,0.737,71416700,0.736,52152700,0.735,55170300,0.734,37009100,0.739,37032000,0.74,67556200,0.741,53249000,0.742,41864000,0.743,23269300
sh513130,09:32:44,1764552766554,09:33:46,1764552766501,0.738,0.7386,-0.0812,5619.79,0.9083,4.6194,0,0,0.738,0.987,0.738,63831900,0.737,71416700,0.736,52152700,0.735,55170300,0.734,37009100,0.739,37032000,0.74,67556200,0.741,53249000,0.742,41864000,0.743,23269300
sh513130,09:32:44,1764552767566,09:33:46,1764552767052,0.738,0.7386,-0.0812,5619.79,0.9083,4.73,0,0,0.738,1.013,0.738,63831900,0.737,71416700,0.736,52152700,0.735,55170300,0.734,37009100,0.739,37032000,0.74,67556200,0.741,53249000,0.742,41864000,0.743,23269300
sh513130,09:32:47,1764552768555,09:33:46,1764552767052,0.739,0.7393,-0.0406,5619.79,0.9083,3.156,276400,204220,0.7389,0.989,0.738,66006000,0.737,71445400,0.736,52311300,0.735,56165100,0.734,37030700,0.739,39902500,0.74,67191500,0.741,54414300,0.742,41924700,0.743,23319300
sh513130,09:32:47,1764552769563,09:33:48,1764552769272,0.739,0.7393,-0.0406,5619.38,0.9083,3.2933,0,0,0.739,1.008,0.738,66006000,0.737,71445400,0.736,52311300,0.735,56165100,0.734,37030700,0.739,39902500,0.74,67191500,0.741,54414300,0.742,41924700,0.743,23319300
sh513130,09:32:47,1764552770553,09:33:50,1764552770507,0.739,0.7393,-0.0406,5619.85,0.9083,4.5141,0,0,0.739,0.99,0.738,66006000,0.737,71445400,0.736,52311300,0.735,56165100,0.734,37030700,0.739,39902500,0.74,67191500,0.741,54414300,0.742,41924700,0.743,23319300
sh513130,09:32:50,1764552771560,09:33:50,1764552771414,0.739,0.7393,-0.0406,5619.85,0.9083,4.426,213500,157746,0.7389,1.007,0.738,77401300,0.737,70507900,0.736,52304500,0.735,50365500,0.734,37029600,0.739,41110300,0.74,67191500,0.741,54414300,0.742,41925700,0.743,23319300
sh513130,09:32:50,1764552772560,09:33:52,1764552772544,0.739,0.7393,-0.0406,5617.95,0.9083,3.1506,0,0,0.739,1.0,0.738,77401300,0.737,70507900,0.736,52304500,0.735,50365500,0.734,37029600,0.739,41110300,0.74,67191500,0.741,54414300,0.742,41925700,0.743,23319300
sh513130,09:32:50,1764552773566,09:33:52,1764552773513,0.739,0.7393,-0.0406,5617.95,0.9083,2.3862,0,0,0.739,1.006,0.738,77401300,0.737,70507900,0.736,52304500,0.735,50365500,0.734,37029600,0.739,41110300,0.74,67191500,0.741,54414300,0.742,41925700,0.743,23319300
sh513130,09:32:53,1764552774573,09:33:54,1764552774498,0.739,0.7393,-0.0406,5617.43,0.9083,2.2786,836900,618045,0.7385,1.007,0.738,60762100,0.737,75735100,0.736,65252000,0.735,59605700,0.734,37054700,0.739,78923300,0.74,58851100,0.741,42696700,0.742,31053600,0.743,23319300
sh513130,09:32:53,1764552775574,09:33:54,1764552774498,0.739,0.7393,-0.0406,5617.43,0.9083,2.0728,0,0,0.739,1.001,0.738,60762100,0.737,75735100,0.736,65252000,0.735,59605700,0.734,37054700,0.739,78923300,0.74,58851100,0.741,42696700,0.742,31053600,0.743,23319300
sh513130,09:32:53,1764552776576,09:33:56,1764552776536,0.739,0.7393,-0.0406,5617.33,0.9083,1.3872,0,0,0.739,1.002,0.738,60762100,0.737,75735100,0.736,65252000,0.735,59605700,0.734,37054700,0.739,78923300,0.74,58851100,0.741,42696700,0.742,31053600,0.743,23319300
sh513130,09:32:56,1764552777571,09:33:56,1764552776536,0.739,0.7393,-0.0406,5617.33,0.9083,0.6346,880900,650986,0.739,0.995,0.738,82454400,0.737,76796100,0.736,53423400,0.735,52076000,0.734,37176300,0.739,42208800,0.74,65978500,0.741,54725800,0.742,46113400,0.743,23400200
sh513130,09:32:56,1764552778571,09:33:58,1764552778493,0.739,0.7393,-0.0406,5618.69,0.9083,0.2949,0,0,0.739,1.001,0.738,82454400,0.737,76796100,0.736,53423400,0.735,52076000,0.734,37176300,0.739,42208800,0.74,65978500,0.741,54725800,0.742,46113400,0.743,23400200
sh513130,09:32:56,1764552779580,09:33:58,1764552778493,0.739,0.7393,-0.0406,5618.69,0.9083,1.9995,0,0,0.739,1.008,0.738,82454400,0.737,76796100,0.736,53423400,0.735,52076000,0.734,37176300,0.739,42208800,0.74,65978500,0.741,54725800,0.742,46113400,0.743,23400200
sh513130,09:32:56,1764552780585,09:34:00,1764552780517,0.739,0.7393,-0.0406,5618.13,0.9083,1.5302,0,0,0.739,1.005,0.738,82454400,0.737,76796100,0.736,53423400,0.735,52076000,0.734,37176300,0.739,42208800,0.74,65978500,0.741,54725800,0.742,46113400,0.743,23400200
sh513130,09:32:59,1764552781572,09:34:00,1764552780792,0.738,0.7393,-0.1758,5618.13,0.9083,1.5957,1342800,992146,0.7389,0.987,0.738,83376100,0.737,76632600,0.736,53623400,0.735,52178700,0.734,37176300,0.739,36984000,0.74,66640100,0.741,53645800,0.742,46185500,0.743,23400200
sh513130,09:32:59,1764552782582,09:34:02,1764552782551,0.738,0.7393,-0.1758,5617.67,0.9083,1.8516,0,0,0.738,1.01,0.738,83376100,0.737,76632600,0.736,53623400,0.735,52178700,0.734,37176300,0.739,36984000,0.74,66640100,0.741,53645800,0.742,46185500,0.743,23400200
sh513130,09:32:59,1764552783596,09:34:02,1764552782551,0.738,0.7393,-0.1758,5617.67,0.9083,3.1541,0,0,0.738,1.014,0.738,83376100,0.737,76632600,0.736,53623400,0.735,52178700,0.734,37176300,0.739,36984000,0.74,66640100,0.741,53645800,0.742,46185500,0.743,23400200
sh513130,09:33:02,1764552784573,09:34:04,1764552784534,0.739,0.7393,-0.0406,5618.17,0.9083,2.7311,1276200,942941,0.7389,0.977,0.738,83957200,0.737,76774800,0.736,55272900,0.735,52182700,0.734,36807200,0.739,35435500,0.74,66818400,0.741,53582600,0.742,46662900,0.743,23407900
sh513130,09:33:02,1764552785575,09:34:04,1764552784534,0.739,0.7393,-0.0406,5618.17,0.9083,2.6061,0,0,0.739,1.002,0.738,83957200,0.737,76774800,0.736,55272900,0.735,52182700,0.734,36807200,0.739,35435500,0.74,66818400,0.741,53582600,0.742,46662900,0.743,23407900
sh513130,09:33:05,1764552786579,09:34:06,1764552786552,0.739,0.7393,-0.0406,5619.87,0.9083,3.5744,41584600,30730910,0.739,1.004,0.739,7314900,0.738,84081500,0.737,75501300,0.736,54005200,0.735,52392200,0.74,68816800,0.741,54603000,0.742,46709700,0.743,23550800,0.744,20392600
sh513130,09:33:05,1764552787585,09:34:06,1764552786552,0.739,0.7393,-0.0406,5619.87,0.9083,3.2208,0,0,0.739,1.005,0.739,7314900,0.738,84081500,0.737,75501300,0.736,54005200,0.735,52392200,0.74,68816800,0.741,54603000,0.742,46709700,0.743,23550800,0.744,20392600
sh513130,09:33:05,1764552788578,09:34:08,1764552788568,0.739,0.7393,-0.0406,5618.91,0.9083,3.2208,0,0,0.739,0.993,0.739,7314900,0.738,84081500,0.737,75501300,0.736,54005200,0.735,52392200,0.74,68816800,0.741,54603000,0.742,46709700,0.743,23550800,0.744,20392600
sh513130,09:33:08,1764552789583,09:34:08,1764552788568,0.739,0.7393,-0.0406,5618.91,0.9083,2.3747,3822100,2824532,0.739,1.005,0.739,27650800,0.738,84598200,0.737,75687500,0.736,43912300,0.735,52457200,0.74,69101700,0.741,54672600,0.742,46716300,0.743,23574400,0.744,20392600
sh513130,09:33:08,1764552790584,09:34:10,1764552790552,0.739,0.7393,-0.0406,5621.01,0.9083,1.9333,0,0,0.739,1.001,0.739,27650800,0.738,84598200,0.737,75687500,0.736,43912300,0.735,52457200,0.74,69101700,0.741,54672600,0.742,46716300,0.743,23574400,0.744,20392600
sh513130,09:33:08,1764552791595,09:34:10,1764552790725,0.739,0.7393,-0.0406,5621.01,0.9083,0.9521,0,0,0.739,1.011,0.739,27650800,0.738,84598200,0.737,75687500,0.736,43912300,0.735,52457200,0.74,69101700,0.741,54672600,0.742,46716300,0.743,23574400,0.744,20392600
sh513130,09:33:11,1764552792598,09:34:12,1764552792569,0.739,0.7394,-0.0541,5620.3,0.9083,0.884,116900,86389,0.739,1.003,0.739,38941100,0.738,85865800,0.737,75186700,0.736,44136200,0.735,52438200,0.74,69063000,0.741,55610800,0.742,46822500,0.743,23665000,0.744,20398700
sh513130,09:33:11,1764552793596,09:34:12,1764552792873,0.739,0.7394,-0.0541,5620.3,0.9083,0.0491,0,0,0.739,0.997,0.739,38941100,0.738,85865800,0.737,75186700,0.736,44136200,0.735,52438200,0.74,69063000,0.741,55610800,0.742,46822500,0.743,23665000,0.744,20398700
sh513130,09:33:11,1764552794594,09:34:14,1764552794490,0.739,0.7394,-0.0541,5618.92,0.9083,1.3452,0,0,0.739,0.999,0.739,38941100,0.738,85865800,0.737,75186700,0.736,44136200,0.735,52438200,0.74,69063000,0.741,55610800,0.742,46822500,0.743,23665000,0.744,20398700
sh513130,09:33:11,1764552795596,09:34:14,1764552795052,0.739,0.7394,-0.0541,5618.92,0.9083,1.3452,0,0,0.739,1.001,0.739,38941100,0.738,85865800,0.737,75186700,0.736,44136200,0.735,52438200,0.74,69063000,0.741,55610800,0.742,46822500,0.743,23665000,0.744,20398700
sh513130,09:33:14,1764552796594,09:34:16,1764552796504,0.739,0.7394,-0.0541,5619.57,0.9083,3.0103,24303500,17960338,0.739,0.999,0.738,87287600,0.737,74328900,0.736,54219400,0.735,52524600,0.734,36892800,0.739,3463900,0.74,70106500,0.741,56355100,0.742,46822500,0.743,23667900
sh513130,09:33:14,1764552797617,09:34:16,1764552797206,0.739,0.7394,-0.0541,5619.57,0.9083,1.0558,0,0,0.739,1.023,0.738,87287600,0.737,74328900,0.736,54219400,0.735,52524600,0.734,36892800,0.739,3463900,0.74,70106500,0.741,56355100,0.742,46822500,0.743,23667900
sh513130,09:33:14,1764552798605,09:34:18,1764552798508,0.739,0.7394,-0.0541,5619.49,0.9083,2.7846,0,0,0.739,0.988,0.738,87287600,0.737,74328900,0.736,54219400,0.735,52524600,0.734,36892800,0.739,3463900,0.74,70106500,0.741,56355100,0.742,46822500,0.743,23667900
sh513130,09:33:17,1764552799600,09:34:18,1764552799356,0.739,0.7394,-0.0541,5619.49,0.9083,3.735,4444800,3284910,0.739,0.995,0.739,9280300,0.738,88205200,0.737,75683200,0.736,54298200,0.735,52433400,0.74,70538100,0.741,56275100,0.742,46822500,0.743,23767900,0.744,21404300
sh513130,09:33:17,1764552800598,09:34:20,1764552800541,0.739,0.7394,-0.0541,5619.74,0.9083,2.5492,0,0,0.739,0.999,0.739,9280300,0.738,88205200,0.737,75683200,0.736,54298200,0.735,52433400,0.74,70538100,0.741,56275100,0.742,46822500,0.743,23767900,0.744,21404300
sh513130,09:33:20,1764552801613,09:34:20,1764552801513,0.739,0.7394,-0.0541,5619.74,0.9083,2.196,227400,168126,0.7393,1.015,0.739,26050100,0.738,89356800,0.737,76276800,0.736,54366200,0.735,53327100,0.74,71821300,0.741,56325100,0.742,47026300,0.743,23797900,0.744,21426800
sh513130,09:33:20,1764552802602,09:34:22,1764552802575,0.739,0.7394,-0.0541,5619.91,0.9083,2.0895,0,0,0.739,0.99,0.739,26050100,0.738,89356800,0.737,76276800,0.736,54366200,0.735,53327100,0.74,71821300,0.741,56325100,0.742,47026300,0.743,23797900,0.744,21426800
sh513130,09:33:20,1764552803612,09:34:22,1764552802575,0.739,0.7394,-0.0541,5619.91,0.9083,2.2821,0,0,0.739,1.01,0.739,26050100,0.738,89356800,0.737,76276800,0.736,54366200,0.735,53327100,0.74,71821300,0.741,56325100,0.742,47026300,0.743,23797900,0.744,21426800
sh513130,09:33:20,1764552804603,09:34:24,1764552804513,0.739,0.7394,-0.0541,5619.67,0.9083,2.5675,0,0,0.739,0.991,0.739,26050100,0.738,89356800,0.737,76276800,0.736,54366200,0.735,53327100,0.74,71821300,0.741,56325100,0.742,47026300,0.743,23797900,0.744,21426800
sh513130,09:33:20,1764552805618,09:34:24,1764552804513,0.739,0.7394,-0.0541,5619.67,0.9083,2.5801,0,0,0.739,1.015,0.739,26050100,0.738,89356800,0.737,76276800,0.736,54366200,0.735,53327100,0.74,71821300,0.741,56325100,0.742,47026300,0.743,23797900,0.744,21426800
sh513130,09:33:23,1764552806610,09:34:26,1764552806557,0.739,0.7394,-0.0541,5620.42,0.9083,2.5801,514100,379970,0.7391,0.993,0.739,42305100,0.738,90324300,0.737,76007800,0.736,44452900,0.735,53564600,0.74,75299000,0.741,56572200,0.742,47189300,0.743,23847900,0.744,22006200
sh513130,09:33:26,1764552807625,09:34:26,1764552806557,0.74,0.7394,0.0811,5620.42,0.9083,3.0905,902000,667410,0.7399,1.015,0.739,45802700,0.738,91260900,0.737,77064300,0.736,44266500,0.735,53584400,0.74,75679900,0.741,56690500,0.742,47244300,0.743,23847900,0.744,22006200
sh513130,09:33:26,1764552808616,09:34:28,1764552808540,0.74,0.7394,0.0811,5622.13,0.9083,2.8349,0,0,0.74,0.991,0.739,45802700,0.738,91260900,0.737,77064300,0.736,44266500,0.735,53584400,0.74,75679900,0.741,56690500,0.742,47244300,0.743,23847900,0.744,22006200
sh513130,09:33:26,1764552809624,09:34:28,1764552808540,0.74,0.7394,0.0811,5622.13,0.9083,2.4433,0,0,0.74,1.008,0.739,45802700,0.738,91260900,0.737,77064300,0.736,44266500,0.735,53584400,0.74,75679900,0.741,56690500,0.742,47244300,0.743,23847900,0.744,22006200
sh513130,09:33:29,1764552810612,09:34:30,1764552810517,0.739,0.7394,-0.0541,5622.04,0.9083,2.3257,356700,263707,0.7393,0.987,0.739,58307300,0.738,82907100,0.737,77069100,0.736,44373500,0.735,53665600,0.74,56763800,0.741,56692500,0.742,47504300,0.743,23883800,0.744,22006300
sh513130,09:33:29,1764552811621,09:34:30,1764552810517,0.739,0.7394,-0.0541,5622.04,0.9083,4.3185,0,0,0.739,1.009,0.739,58307300,0.738,82907100,0.737,77069100,0.736,44373500,0.735,53665600,0.74,56763800,0.741,56692500,0.742,47504300,0.743,23883800,0.744,22006300
sh513130,09:33:29,1764552812619,09:34:32,1764552812509,0.739,0.7394,-0.0541,5621.66,0.9083,4.6682,0,0,0.739,0.998,0.739,58307300,0.738,82907100,0.737,77069100,0.736,44373500,0.735,53665600,0.74,56763800,0.741,56692500,0.742,47504300,0.743,23883800,0.744,22006300
sh513130,09:33:32,1764552813626,09:34:32,1764552812509,0.739,0.7394,-0.0541,5621.66,0.9083,5.0204,642200,474692,0.7392,1.007,0.739,55638800,0.738,91584800,0.737,77424600,0.736,44519700,0.735,53269800,0.74,71772900,0.741,55797500,0.742,47457900,0.743,24873800,0.744,22006300
sh513130,09:33:32,1764552814621,09:34:34,1764552814469,0.739,0.7394,-0.0541,5621.71,0.9083,5.0204,0,0,0.739,0.995,0.739,55638800,0.738,91584800,0.737,77424600,0.736,44519700,0.735,53269800,0.74,71772900,0.741,55797500,0.742,47457900,0.743,24873800,0.744,22006300
sh513130,09:33:32,1764552815621,09:34:34,1764552814469,0.739,0.7394,-0.0541,5621.71,0.9083,2.5068,0,0,0.739,1.0,0.739,55638800,0.738,91584800,0.737,77424600,0.736,44519700,0.735,53269800,0.74,71772900,0.741,55797500,0.742,47457900,0.743,24873800,0.744,22006300
sh513130,09:33:35,1764552816621,09:34:36,1764552816586,0.74,0.7394,0.0811,5620.32,0.9083,2.5068,1118200,827451,0.74,1.0,0.739,54637700,0.738,91932600,0.737,77280300,0.736,44569200,0.735,53360900,0.74,70880900,0.741,56805700,0.742,47464100,0.743,24874800,0.744,22006300
sh513130,09:33:35,1764552817625,09:34:36,1764552816586,0.74,0.7394,0.0811,5620.32,0.9083,0.8313,0,0,0.74,1.004,0.739,54637700,0.738,91932600,0.737,77280300,0.736,44569200,0.735,53360900,0.74,70880900,0.741,56805700,0.742,47464100,0.743,24874800,0.744,22006300
sh513130,09:33:35,1764552818631,09:34:38,1764552818523,0.74,0.7394,0.0811,5621.34,0.9083,1.1687,0,0,0.74,1.006,0.739,54637700,0.738,91932600,0.737,77280300,0.736,44569200,0.735,53360900,0.74,70880900,0.741,56805700,0.742,47464100,0.743,24874800,0.744,22006300
sh513130,09:33:38,1764552819634,09:34:38,1764552818738,0.74,0.7401,-0.0135,5621.34,0.9083,1.1107,406300,300652,0.74,1.003,0.739,64837100,0.738,83181600,0.737,75932000,0.736,45105200,0.735,53333200,0.74,73437300,0.741,57776200,0.742,47464100,0.743,24874800,0.744,22006800
sh513130,09:33:38,1764552820644,09:34:40,1764552820553,0.74,0.7401,-0.0135,5620.56,0.9083,1.0518,0,0,0.74,1.01,0.739,64837100,0.738,83181600,0.737,75932000,0.736,45105200,0.735,53333200,0.74,73437300,0.741,57776200,0.742,47464100,0.743,24874800,0.744,22006800
sh513130,09:33:38,1764552821641,09:34:40,1764552820882,0.74,0.7401,-0.0135,5620.56,0.9083,0.4336,0,0,0.74,0.997,0.739,64837100,0.738,83181600,0.737,75932000,0.736,45105200,0.735,53333200,0.74,73437300,0.741,57776200,0.742,47464100,0.743,24874800,0.744,22006800
sh513130,09:33:41,1764552822636,09:34:42,1764552822561,0.74,0.7401,-0.0135,5620.82,0.9083,0.412,1677300,1241149,0.74,0.995,0.739,56637300,0.738,91667100,0.737,76915900,0.736,46044100,0.735,53473100,0.74,71901000,0.741,57856600,0.742,47589100,0.743,24943400,0.744,22036800
sh513130,09:33:41,1764552823635,09:34:42,1764552823124,0.74,0.7401,-0.0135,5620.82,0.9083,0.5995,0,0,0.74,0.999,0.739,56637300,0.738,91667100,0.737,76915900,0.736,46044100,0.735,53473100,0.74,71901000,0.741,57856600,0.742,47589100,0.743,24943400,0.744,22036800
sh513130,09:33:41,1764552824635,09:34:44,1764552824488,0.74,0.7401,-0.0135,5619.26,0.9083,1.169,0,0,0.74,1.0,0.739,56637300,0.738,91667100,0.737,76915900,0.736,46044100,0.735,53473100,0.74,71901000,0.741,57856600,0.742,47589100,0.743,24943400,0.744,22036800
sh513130,09:33:41,1764552825649,09:34:44,1764552825193,0.74,0.7401,-0.0135,5619.26,0.9083,1.316,0,0,0.74,1.014,0.739,56637300,0.738,91667100,0.737,76915900,0.736,46044100,0.735,53473100,0.74,71901000,0.741,57856600,0.742,47589100,0.743,24943400,0.744,22036800
sh513130,09:33:44,1764552826652,09:34:46,1764552826500,0.74,0.7401,-0.0135,5618.78,0.9083,1.4682,507100,375124,0.7397,1.003,0.739,16904600,0.738,92467300,0.737,77762100,0.736,56007600,0.735,52332400,0.74,71371300,0.741,59373400,0.742,47710200,0.743,24309500,0.744,22043800
sh513130,09:33:44,1764552827642,09:34:46,1764552827335,0.74,0.7401,-0.0135,5618.78,0.9083,1.1972,0,0,0.74,0.99,0.739,16904600,0.738,92467300,0.737,77762100,0.736,56007600,0.735,52332400,0.74,71371300,0.741,59373400,0.742,47710200,0.743,24309500,0.744,22043800
sh513130,09:33:47,1764552828648,09:34:48,1764552828493,0.739,0.7401,-0.1486,5618.01,0.9083,3.0835,15369800,11358531,0.739,1.006,0.738,92272000,0.737,79514900,0.736,55812100,0.735,52156300,0.734,36362900,0.739,11134600,0.74,59125800,0.741,59021500,0.742,47908700,0.743,24310500
sh513130,09:33:47,1764552829642,09:34:48,1764552829577,0.739,0.7401,-0.1486,5618.01,0.9083,2.3513,0,0,0.739,0.994,0.738,92272000,0.737,79514900,0.736,55812100,0.735,52156300,0.734,36362900,0.739,11134600,0.74,59125800,0.741,59021500,0.742,47908700,0.743,24310500
sh513130,09:33:47,1764552830655,09:34:50,1764552830527,0.739,0.7401,-0.1486,5617.18,0.9083,2.5806,0,0,0.739,1.013,0.738,92272000,0.737,79514900,0.736,55812100,0.735,52156300,0.734,36362900,0.739,11134600,0.74,59125800,0.741,59021500,0.742,47908700,0.743,24310500
sh513130,09:33:50,1764552831648,09:34:50,1764552831640,0.739,0.7401,-0.1486,5617.18,0.9083,4.3926,1874900,1385551,0.739,0.993,0.738,94020900,0.737,81276300,0.736,55689900,0.735,52161300,0.734,36362900,0.739,11519400,0.74,70007300,0.741,60061100,0.742,47945400,0.743,24310500
sh513130,09:33:50,1764552832675,09:34:52,1764552832561,0.739,0.7401,-0.1486,5616.52,0.9083,3.7168,0,0,0.739,1.027,0.738,94020900,0.737,81276300,0.736,55689900,0.735,52161300,0.734,36362900,0.739,11519400,0.74,70007300,0.741,60061100,0.742,47945400,0.743,24310500
sh513130,09:33:50,1764552833651,09:34:52,1764552832561,0.739,0.7401,-0.1486,5616.52,0.9083,4.6614,0,0,0.739,0.976,0.738,94020900,0.737,81276300,0.736,55689900,0.735,52161300,0.734,36362900,0.739,11519400,0.74,70007300,0.741,60061100,0.742,47945400,0.743,24310500
sh513130,09:33:53,1764552834664,09:34:54,1764552834551,0.739,0.7394,-0.0541,5616.55,0.9083,3.8256,1972300,1457518,0.739,1.014,0.738,81514600,0.737,82152000,0.736,68131700,0.735,64249000,0.734,48360500,0.739,17370600,0.74,70690400,0.741,60201700,0.742,60232100,0.743,36330200
sh513130,09:33:53,1764552835655,09:34:54,1764552834551,0.739,0.7394,-0.0541,5616.55,0.9083,3.5504,0,0,0.739,0.99,0.738,81514600,0.737,82152000,0.736,68131700,0.735,64249000,0.734,48360500,0.739,17370600,0.74,70690400,0.741,60201700,0.742,60232100,0.743,36330200
sh513130,09:33:53,1764552836659,09:34:56,1764552836567,0.739,0.7394,-0.0541,5614.99,0.9083,6.0269,0,0,0.739,1.004,0.738,81514600,0.737,82152000,0.736,68131700,0.735,64249000,0.734,48360500,0.739,17370600,0.74,70690400,0.741,60201700,0.742,60232100,0.743,36330200
sh513130,09:33:56,1764552837695,09:34:56,1764552836567,0.739,0.7394,-0.0541,5614.99,0.9083,5.7363,505100,373264,0.739,1.036,0.738,90636600,0.737,82536500,0.736,69266700,0.735,67319000,0.734,36372900,0.739,21166000,0.74,70843900,0.741,60176400,0.742,60559000,0.743,36663100
sh513130,09:33:56,1764552838654,09:34:58,1764552838496,0.739,0.7394,-0.0541,5614.61,0.9083,5.7363,0,0,0.739,0.96,0.738,90636600,0.737,82536500,0.736,69266700,0.735,67319000,0.734,36372900,0.739,21166000,0.74,70843900,0.741,60176400,0.742,60559000,0.743,36663100
sh513130,09:33:56,1764552839678,09:34:58,1764552838496,0.739,0.7394,-0.0541,5614.61,0.9083,4.6441,0,0,0.739,1.024,0.738,90636600,0.737,82536500,0.736,69266700,0.735,67319000,0.734,36372900,0.739,21166000,0.74,70843900,0.741,60176400,0.742,60559000,0.743,36663100
sh513130,09:33:59,1764552840661,09:35:00,1764552840516,0.739,0.7394,-0.0541,5614.22,0.9083,3.175,711800,526005,0.739,0.983,0.738,93617700,0.737,81894400,0.736,69372100,0.735,64411400,0.734,36432900,0.739,17969400,0.74,72542700,0.741,60350900,0.742,60694700,0.743,36663100
sh513130,09:33:59,1764552841673,09:35:00,1764552840516,0.739,0.7394,-0.0541,5614.22,0.9083,1.9071,0,0,0.739,1.013,0.738,93617700,0.737,81894400,0.736,69372100,0.735,64411400,0.734,36432900,0.739,17969400,0.74,72542700,0.741,60350900,0.742,60694700,0.743,36663100
sh513130,09:34:02,1764552842672,09:35:02,1764552842551,0.739,0.7394,-0.0541,5613.83,0.9083,1.5542,2611800,1930076,0.739,0.999,0.738,73753100,0.737,81174400,0.736,69592100,0.735,67099100,0.734,48430500,0.739,18794800,0.74,74399500,0.741,61911200,0.742,59771200,0.743,36663100
sh513130,09:34:02,1764552843675,09:35:02,1764552842551,0.739,0.7394,-0.0541,5613.83,0.9083,1.6911,0,0,0.739,1.002,0.738,73753100,0.737,81174400,0.736,69592100,0.735,67099100,0.734,48430500,0.739,18794800,0.74,74399500,0.741,61911200,0.742,59771200,0.743,36663100
sh513130,09:34:02,1764552844663,09:35:04,1764552844629,0.739,0.7394,-0.0541,5613.95,0.9083,1.3364,0,0,0.739,0.989,0.738,73753100,0.737,81174400,0.736,69592100,0.735,67099100,0.734,48430500,0.739,18794800,0.74,74399500,0.741,61911200,0.742,59771200,0.743,36663100
sh513130,09:34:02,1764552845675,09:35:04,1764552844629,0.739,0.7394,-0.0541,5613.95,0.9083,1.3261,0,0,0.739,1.011,0.738,73753100,0.737,81174400,0.736,69592100,0.735,67099100,0.734,48430500,0.739,18794800,0.74,74399500,0.741,61911200,0.742,59771200,0.743,36663100
sh513130,09:34:05,1764552846675,09:35:06,1764552846508,0.739,0.7394,-0.0541,5614.14,0.9083,2.3546,2631400,1944593,0.739,1.0,0.738,87453500,0.737,81887400,0.736,69592100,0.735,64515500,0.734,36432900,0.739,14068100,0.74,70978200,0.741,61889600,0.742,59808000,0.743,36785000
sh513130,09:34:05,1764552847690,09:35:06,1764552846725,0.739,0.7394,-0.0541,5614.14,0.9083,3.5973,0,0,0.739,1.015,0.738,87453500,0.737,81887400,0.736,69592100,0.735,64515500,0.734,36432900,0.739,14068100,0.74,70978200,0.741,61889600,0.742,59808000,0.743,36785000
sh513130,09:34:05,1764552848670,09:35:08,1764552848550,0.739,0.7394,-0.0541,5615.62,0.9083,3.2768,0,0,0.739,0.98,0.738,87453500,0.737,81887400,0.736,69592100,0.735,64515500,0.734,36432900,0.739,14068100,0.74,70978200,0.741,61889600,0.742,59808000,0.743,36785000
sh513130,09:34:08,1764552849679,09:35:08,1764552848877,0.739,0.7387,0.0406,5615.62,0.9083,2.6436,7995800,5908955,0.739,1.009,0.739,55526000,0.738,78879100,0.737,82214500,0.736,59542100,0.735,64606700,0.74,67457700,0.741,60025000,0.742,60856600,0.743,36785000,0.744,22364900
sh513130,09:34:08,1764552850677,09:35:10,1764552850567,0.739,0.7387,0.0406,5615.79,0.9083,2.3913,0,0,0.739,0.998,0.739,55526000,0.738,78879100,0.737,82214500,0.736,59542100,0.735,64606700,0.74,67457700,0.741,60025000,0.742,60856600,0.743,36785000,0.744,22364900
sh513130,09:34:08,1764552851682,09:35:10,1764552851037,0.739,0.7387,0.0406,5615.79,0.9083,7.1946,0,0,0.739,1.004,0.739,55526000,0.738,78879100,0.737,82214500,0.736,59542100,0.735,64606700,0.74,67457700,0.741,60025000,0.742,60856600,0.743,36785000,0.744,22364900
sh513130,09:34:11,1764552852689,09:35:12,1764552852551,0.739,0.7395,-0.0676,5618.98,0.9083,6.4939,2033100,1502461,0.739,1.007,0.739,54634700,0.738,79182300,0.737,77240200,0.736,59492900,0.735,64669500,0.74,68293400,0.741,59975000,0.742,60863700,0.743,36792700,0.744,22366200
sh513130,09:34:11,1764552853694,09:35:12,1764552853230,0.739,0.7395,-0.0676,5618.98,0.9083,5.339,0,0,0.739,1.005,0.739,54634700,0.738,79182300,0.737,77240200,0.736,59492900,0.735,64669500,0.74,68293400,0.741,59975000,0.742,60863700,0.743,36792700,0.744,22366200
sh513130,09:34:11,1764552871570,09:35:14,1764552871567,0.739,0.7395,-0.0676,5623.04,0.9083,5.339,0,0,0.739,17.876,0.739,54634700,0.738,79182300,0.737,77240200,0.736,59492900,0.735,64669500,0.74,68293400,0.741,59975000,0.742,60863700,0.743,36792700,0.744,22366200
sh513130,09:34:29,1764552871617,09:35:30,1764552871614,0.74,0.7402,-0.027,5622.83,0.9083,5.6774,53709700,39744614,0.74,0.048,0.739,75354100,0.738,82985600,0.737,83427600,0.736,54870900,0.735,53152800,0.74,15896000,0.741,66267300,0.742,68020600,0.743,53169100,0.744,34879300
sh513130,09:34:29,1764552872600,09:35:32,1764552872598,0.74,0.7402,-0.027,5624.06,0.9083,4.5794,0,0,0.74,0.983,0.739,75354100,0.738,82985600,0.737,83427600,0.736,54870900,0.735,53152800,0.74,15896000,0.741,66267300,0.742,68020600,0.743,53169100,0.744,34879300
sh513130,09:34:29,1764552873608,09:35:32,1764552872598,0.74,0.7402,-0.027,5624.06,0.9083,3.7654,0,0,0.74,1.008,0.739,75354100,0.738,82985600,0.737,83427600,0.736,54870900,0.735,53152800,0.74,15896000,0.741,66267300,0.742,68020600,0.743,53169100,0.744,34879300
sh513130,09:34:32,1764552874606,09:35:34,1764552874550,0.74,0.7402,-0.027,5623.09,0.9083,3.4407,4258800,3151452,0.74,0.998,0.739,80319500,0.738,83809800,0.737,83476500,0.736,51930500,0.735,53057900,0.74,3937000,0.741,74714500,0.742,68812800,0.743,53569100,0.744,35067500
sh513130,09:34:32,1764552875616,09:35:34,1764552874747,0.74,0.7402,-0.027,5623.09,0.9083,3.0299,0,0,0.74,1.01,0.739,80319500,0.738,83809800,0.737,83476500,0.736,51930500,0.735,53057900,0.74,3937000,0.741,74714500,0.742,68812800,0.743,53569100,0.744,35067500
sh513130,09:34:35,1764552876614,09:35:36,1764552876434,0.74,0.7402,-0.027,5622.35,0.9083,2.9805,1342600,993517,0.74,0.998,0.739,62107500,0.738,83407700,0.737,82488500,0.736,59685100,0.735,65104100,0.74,25643300,0.741,66389800,0.742,68846800,0.743,53246900,0.744,35072500
sh513130,09:34:35,1764552877613,09:35:36,1764552876900,0.74,0.7402,-0.027,5622.35,0.9083,1.9278,0,0,0.74,0.999,0.739,62107500,0.738,83407700,0.737,82488500,0.736,59685100,0.735,65104100,0.74,25643300,0.741,66389800,0.742,68846800,0.743,53246900,0.744,35072500
sh513130,09:34:35,1764552878618,09:35:36,1764552876900,0.74,0.7402,-0.027,5622.35,0.9083,1.8039,0,0,0.74,1.005,0.739,62107500,0.738,83407700,0.737,82488500,0.736,59685100,0.735,65104100,0.74,25643300,0.741,66389800,0.742,68846800,0.743,53246900,0.744,35072500
sh513130,09:34:38,1764552879614,09:35:38,1764552879311,0.74,0.7402,-0.027,5621.29,0.9083,1.8305,184500,136530,0.74,0.996,0.739,57861600,0.738,83447700,0.737,82522500,0.736,59655900,0.735,65104100,0.74,52756500,0.741,66521600,0.742,69227700,0.743,38077600,0.744,23178500
sh513130,09:34:38,1764552880631,09:35:40,1764552880470,0.74,0.7402,-0.027,5621.63,0.9083,2.5389,0,0,0.74,1.017,0.739,57861600,0.738,83447700,0.737,82522500,0.736,59655900,0.735,65104100,0.74,52756500,0.741,66521600,0.742,69227700,0.743,38077600,0.744,23178500
sh513130,09:34:38,1764552881620,09:35:40,1764552881197,0.74,0.7402,-0.027,5621.63,0.9083,3.3101,0,0,0.74,0.99,0.739,57861600,0.738,83447700,0.737,82522500,0.736,59655900,0.735,65104100,0.74,52756500,0.741,66521600,0.742,69227700,0.743,38077600,0.744,23178500
sh513130,09:34:41,1764552882635,09:35:42,1764552882496,0.74,0.7402,-0.027,5621.69,0.9083,2.7192,313400,231895,0.7399,1.015,0.739,59304400,0.738,83672700,0.737,83420500,0.736,59738600,0.735,65196400,0.74,53554000,0.741,67494100,0.742,67542500,0.743,38212200,0.744,23441300
sh513130,09:34:41,1764552883623,09:35:42,1764552883352,0.74,0.7402,-0.027,5621.69,0.9083,2.6473,0,0,0.74,0.988,0.739,59304400,0.738,83672700,0.737,83420500,0.736,59738600,0.735,65196400,0.74,53554000,0.741,67494100,0.742,67542500,0.743,38212200,0.744,23441300
sh513130,09:34:41,1764552884630,09:35:44,1764552884533,0.74,0.7402,-0.027,5620.54,0.9083,1.8066,0,0,0.74,1.007,0.739,59304400,0.738,83672700,0.737,83420500,0.736,59738600,0.735,65196400,0.74,53554000,0.741,67494100,0.742,67542500,0.743,38212200,0.744,23441300
sh513130,09:34:44,1764552885625,09:35:44,1764552885497,0.74,0.7402,-0.027,5620.54,0.9083,1.5445,958900,709449,0.7399,0.994,0.739,54683200,0.738,84969100,0.737,83436400,0.736,64756200,0.735,65198600,0.74,53417100,0.741,67818000,0.742,66913800,0.743,38422500,0.744,23449300
sh513130,09:34:44,1764552886639,09:35:46,1764552886438,0.74,0.7402,-0.027,5621.02,0.9083,0.9397,0,0,0.74,1.014,0.739,54683200,0.738,84969100,0.737,83436400,0.736,64756200,0.735,65198600,0.74,53417100,0.741,67818000,0.742,66913800,0.743,38422500,0.744,23449300
sh513130,09:34:44,1764552887641,09:35:46,1764552886674,0.74,0.7402,-0.027,5621.02,0.9083,1.5266,0,0,0.74,1.002,0.739,54683200,0.738,84969100,0.737,83436400,0.736,64756200,0.735,65198600,0.74,53417100,0.741,67818000,0.742,66913800,0.743,38422500,0.744,23449300
sh513130,09:34:44,1764552888630,09:35:48,1764552888471,0.74,0.7402,-0.027,5621.1,0.9083,0.3587,0,0,0.74,0.989,0.739,54683200,0.738,84969100,0.737,83436400,0.736,64756200,0.735,65198600,0.74,53417100,0.741,67818000,0.742,66913800,0.743,38422500,0.744,23449300
sh513130,09:34:47,1764552889630,09:35:48,1764552888471,0.74,0.7395,0.0676,5621.1,0.9083,0.2796,439800,325448,0.74,1.0,0.739,54760000,0.738,86035900,0.737,83444000,0.736,65134600,0.735,65249000,0.74,53874000,0.741,68071500,0.742,66968600,0.743,38742100,0.744,23449300
sh513130,09:34:47,1764552890636,09:35:50,1764552890489,0.74,0.7395,0.0676,5620.92,0.9083,0.5292,0,0,0.74,1.007,0.739,54760000,0.738,86035900,0.737,83444000,0.736,65134600,0.735,65249000,0.74,53874000,0.741,68071500,0.742,66968600,0.743,38742100,0.744,23449300
sh513130,09:34:50,1764552891645,09:35:50,1764552890489,0.74,0.7395,0.0676,5620.92,0.9083,1.2541,343800,254412,0.74,1.009,0.739,60067400,0.738,87372600,0.737,82601100,0.736,60035400,0.735,65264200,0.74,55891500,0.741,67399400,0.742,67386900,0.743,38886400,0.744,23419200
sh513130,09:34:50,1764552892638,09:35:52,1764552892517,0.74,0.7395,0.0676,5620.67,0.9083,1.1074,0,0,0.74,0.993,0.739,60067400,0.738,87372600,0.737,82601100,0.736,60035400,0.735,65264200,0.74,55891500,0.741,67399400,0.742,67386900,0.743,38886400,0.744,23419200
sh513130,09:34:50,1764552893638,09:35:52,1764552892517,0.74,0.7395,0.0676,5620.67,0.9083,1.0524,0,0,0.74,1.0,0.739,60067400,0.738,87372600,0.737,82601100,0.736,60035400,0.735,65264200,0.74,55891500,0.741,67399400,0.742,67386900,0.743,38886400,0.744,23419200
sh513130,09:34:50,1764552894650,09:35:54,1764552894519,0.74,0.7395,0.0676,5621.36,0.9083,1.3512,0,0,0.74,1.012,0.739,60067400,0.738,87372600,0.737,82601100,0.736,60035400,0.735,65264200,0.74,55891500,0.741,67399400,0.742,67386900,0.743,38886400,0.744,23419200
sh513130,09:34:53,1764552895642,09:35:54,1764552894519,0.74,0.7395,0.0676,5621.36,0.9083,1.9768,1131500,836858,0.7396,0.992,0.739,59261900,0.738,87264800,0.737,83596100,0.736,60025400,0.735,65156000,0.74,41617200,0.741,67550700,0.742,66987100,0.743,53933600,0.744,23269200
sh513130,09:34:53,1764552896649,09:35:56,1764552896516,0.74,0.7395,0.0676,5620.93,0.9083,2.8108,0,0,0.74,1.007,0.739,59261900,0.738,87264800,0.737,83596100,0.736,60025400,0.735,65156000,0.74,41617200,0.741,67550700,0.742,66987100,0.743,53933600,0.744,23269200
sh513130,09:34:56,1764552897635,09:35:56,1764552896516,0.74,0.7402,-0.027,5620.93,0.9083,2.1196,833300,616197,0.7395,0.986,0.739,59489800,0.738,87483500,0.737,83603000,0.736,60025400,0.735,66230800,0.74,42057400,0.741,67652600,0.742,67679300,0.743,53933600,0.744,23289200
sh513130,09:34:56,1764552898655,09:35:58,1764552898597,0.74,0.7402,-0.027,5619.41,0.9083,5.2205,0,0,0.74,1.02,0.739,59489800,0.738,87483500,0.737,83603000,0.736,60025400,0.735,66230800,0.74,42057400,0.741,67652600,0.742,67679300,0.743,53933600,0.744,23289200
sh513130,09:34:56,1764552899646,09:35:58,1764552898597,0.74,0.7402,-0.027,5619.41,0.9083,3.8497,0,0,0.74,0.991,0.739,59489800,0.738,87483500,0.737,83603000,0.736,60025400,0.735,66230800,0.74,42057400,0.741,67652600,0.742,67679300,0.743,53933600,0.744,23289200
sh513130,09:34:56,1764552900650,09:36:00,1764552900631,0.74,0.7402,-0.027,5618.05,0.9083,4.7147,0,0,0.74,1.004,0.739,59489800,0.738,87483500,0.737,83603000,0.736,60025400,0.735,66230800,0.74,42057400,0.741,67652600,0.742,67679300,0.743,53933600,0.744,23289200
sh513130,09:34:59,1764552901644,09:36:00,1764552900631,0.739,0.7402,-0.1621,5618.05,0.9083,3.0368,14314500,10579060,0.739,0.994,0.738,88188000,0.737,83376900,0.736,75088800,0.735,66207000,0.734,36161300,0.739,14354300,0.74,51839500,0.741,66607300,0.742,66900200,0.743,39078700
sh513130,09:34:59,1764552902652,09:36:02,1764552902503,0.739,0.7402,-0.1621,5618.66,0.9083,2.6271,0,0,0.739,1.009,0.738,88188000,0.737,83376900,0.736,75088800,0.735,66207000,0.734,36161300,0.739,14354300,0.74,51839500,0.741,66607300,0.742,66900200,0.743,39078700
sh513130,09:35:02,1764552903654,09:36:02,1764552902797,0.739,0.7402,-0.1621,5618.66,0.9083,2.6137,5233300,3867406,0.739,1.002,0.738,88474900,0.737,84320200,0.736,75542900,0.735,71214800,0.734,36161300,0.739,5643300,0.74,54263700,0.741,66778900,0.742,69640200,0.743,39078700
sh513130,09:35:02,1764552904663,09:36:04,1764552904471,0.739,0.7402,-0.1621,5617.54,0.9083,2.1018,0,0,0.739,1.009,0.738,88474900,0.737,84320200,0.736,75542900,0.735,71214800,0.734,36161300,0.739,5643300,0.74,54263700,0.741,66778900,0.742,69640200,0.743,39078700
sh513130,09:35:02,1764552905657,09:36:04,1764552904955,0.739,0.7402,-0.1621,5617.54,0.9083,2.2344,0,0,0.739,0.994,0.738,88474900,0.737,84320200,0.736,75542900,0.735,71214800,0.734,36161300,0.739,5643300,0.74,54263700,0.741,66778900,0.742,69640200,0.743,39078700
sh513130,09:35:02,1764552906654,09:36:06,1764552906555,0.739,0.7402,-0.1621,5618.05,0.9083,4.0778,0,0,0.739,0.997,0.738,88474900,0.737,84320200,0.736,75542900,0.735,71214800,0.734,36161300,0.739,5643300,0.74,54263700,0.741,66778900,0.742,69640200,0.743,39078700
sh513130,09:35:05,1764552907653,09:36:06,1764552907171,0.739,0.7402,-0.1621,5618.05,0.9083,3.5439,905400,669091,0.739,0.999,0.738,83918600,0.737,84777500,0.736,75542900,0.735,70764600,0.734,36161300,0.739,7059000,0.74,58500600,0.741,66762700,0.742,69526500,0.743,39228700
sh513130,09:35:05,1764552908662,09:36:08,1764552908535,0.739,0.7402,-0.1621,5617.27,0.9083,3.3784,0,0,0.739,1.009,0.738,83918600,0.737,84777500,0.736,75542900,0.735,70764600,0.734,36161300,0.739,7059000,0.74,58500600,0.741,66762700,0.742,69526500,0.743,39228700
sh513130,09:35:05,1764552909671,09:36:08,1764552909257,0.739,0.7402,-0.1621,5617.27,0.9083,2.4771,0,0,0.739,1.01,0.738,83918600,0.737,84777500,0.736,75542900,0.735,70764600,0.734,36161300,0.739,7059000,0.74,58500600,0.741,66762700,0.742,69526500,0.743,39228700
sh513130,09:35:08,1764552910662,09:36:10,1764552910576,0.739,0.7395,-0.0676,5615.55,0.9083,2.3823,2366100,1747583,0.7386,0.991,0.738,84042100,0.737,82973600,0.736,75562900,0.735,70757300,0.734,36161300,0.739,26117700,0.74,55244000,0.741,67865800,0.742,69946300,0.743,39420500
sh513130,09:35:11,1764552911677,09:36:10,1764552911408,0.739,0.7395,-0.0676,5615.55,0.9083,6.4732,405800,299886,0.739,1.015,0.738,83216400,0.737,83975600,0.736,75562900,0.735,70560300,0.734,36111300,0.739,11456500,0.74,65631900,0.741,68965400,0.742,69623000,0.743,39420700
sh513130,09:35:08,1764552912660,09:36:12,1764552912562,0.739,0.7395,-0.0676,5616.86,0.9083,6.2437,-405800,-299886,0.739,0.983,0.738,84042100,0.737,82973600,0.736,75562900,0.735,70757300,0.734,36161300,0.739,26117700,0.74,55244000,0.741,67865800,0.742,69946300,0.743,39420500
sh513130,09:35:11,1764552913670,09:36:12,1764552913645,0.739,0.7395,-0.0676,5616.86,0.9083,5.8478,405800,299886,0.739,1.011,0.738,83216400,0.737,83975600,0.736,75562900,0.735,70560300,0.734,36111300,0.739,11456500,0.74,65631900,0.741,68965400,0.742,69623000,0.743,39420700
sh513130,09:35:11,1764552914663,09:36:14,1764552914575,0.739,0.7395,-0.0676,5615.24,0.9083,4.6621,0,0,0.739,0.993,0.738,83216400,0.737,83975600,0.736,75562900,0.735,70560300,0.734,36111300,0.739,11456500,0.74,65631900,0.741,68965400,0.742,69623000,0.743,39420700
sh513130,09:35:14,1764552915675,09:36:14,1764552914575,0.739,0.7395,-0.0676,5615.24,0.9083,4.0738,1379400,1019333,0.739,1.011,0.738,85547000,0.737,84179400,0.736,75572300,0.735,70619100,0.734,36111300,0.739,41515700,0.74,57420100,0.741,68511300,0.742,54629800,0.743,39421700
sh513130,09:35:14,1764552916670,09:36:16,1764552916478,0.739,0.7395,-0.0676,5615.2,0.9083,3.4173,0,0,0.739,0.995,0.738,85547000,0.737,84179400,0.736,75572300,0.735,70619100,0.734,36111300,0.739,41515700,0.74,57420100,0.741,68511300,0.742,54629800,0.743,39421700
sh513130,09:35:14,1764552917690,09:36:16,1764552916478,0.739,0.7395,-0.0676,5615.2,0.9083,3.3314,0,0,0.739,1.02,0.738,85547000,0.737,84179400,0.736,75572300,0.735,70619100,0.734,36111300,0.739,41515700,0.74,57420100,0.741,68511300,0.742,54629800,0.743,39421700
sh513130,09:35:17,1764552918676,09:36:18,1764552918563,0.739,0.7395,-0.0676,5614.66,0.9083,2.4379,1897500,1402222,0.739,0.986,0.738,85594200,0.737,84167500,0.736,75672300,0.735,70639100,0.734,36131300,0.739,5508700,0.74,66993600,0.741,70867500,0.742,70775900,0.743,39480000
sh513130,09:35:17,1764552919694,09:36:18,1764552918563,0.739,0.7395,-0.0676,5614.66,0.9083,2.3205,0,0,0.739,1.017,0.738,85594200,0.737,84167500,0.736,75672300,0.735,70639100,0.734,36131300,0.739,5508700,0.74,66993600,0.741,70867500,0.742,70775900,0.743,39480000
sh513130,09:35:17,1764552920675,09:36:20,1764552920495,0.739,0.7395,-0.0676,5614.45,0.9083,2.2745,0,0,0.739,0.981,0.738,85594200,0.737,84167500,0.736,75672300,0.735,70639100,0.734,36131300,0.739,5508700,0.74,66993600,0.741,70867500,0.742,70775900,0.743,39480000
sh513130,09:35:20,1764552921693,09:36:20,1764552920495,0.739,0.7395,-0.0676,5614.45,0.9083,0.9897,6164600,4555638,0.739,1.018,0.738,86599400,0.737,84096500,0.736,75875000,0.735,70662100,0.734,36050600,0.739,12312000,0.74,68055600,0.741,71006900,0.742,71172900,0.743,39480000
sh513130,09:35:20,1764552922680,09:36:22,1764552922557,0.739,0.7395,-0.0676,5614.71,0.9083,0.6518,0,0,0.739,0.987,0.738,86599400,0.737,84096500,0.736,75875000,0.735,70662100,0.734,36050600,0.739,12312000,0.74,68055600,0.741,71006900,0.742,71172900,0.743,39480000
sh513130,09:35:20,1764552923700,09:36:22,1764552922557,0.739,0.7395,-0.0676,5614.71,0.9083,1.2449,0,0,0.739,1.02,0.738,86599400,0.737,84096500,0.736,75875000,0.735,70662100,0.734,36050600,0.739,12312000,0.74,68055600,0.741,71006900,0.742,71172900,0.743,39480000
sh513130,09:35:23,1764552924684,09:36:24,1764552924454,0.739,0.7395,-0.0676,5614.6,0.9083,1.2449,240400,177586,0.7387,0.984,0.738,87454900,0.737,84113200,0.736,75892000,0.735,70554600,0.734,35990000,0.739,15716500,0.74,67621200,0.741,71302800,0.742,70185400,0.743,39480000
sh513130,09:35:23,1764552925693,09:36:24,1764552924454,0.739,0.7395,-0.0676,5614.6,0.9083,1.8317,0,0,0.739,1.009,0.738,87454900,0.737,84113200,0.736,75892000,0.735,70554600,0.734,35990000,0.739,15716500,0.74,67621200,0.741,71302800,0.742,70185400,0.743,39480000
sh513130,09:35:23,1764552926683,09:36:26,1764552926475,0.739,0.7395,-0.0676,5613.4,0.9083,0.7036,0,0,0.739,0.989,0.738,87454900,0.737,84113200,0.736,75892000,0.735,70554600,0.734,35990000,0.739,15716500,0.74,67621200,0.741,71302800,0.742,70185400,0.743,39480000
sh513130,09:35:26,1764552927691,09:36:26,1764552926475,0.739,0.7395,-0.0676,5613.4,0.9083,1.0588,341700,252516,0.739,1.008,0.738,90844800,0.737,82381600,0.736,74761700,0.735,70438000,0.734,35990000,0.739,15578100,0.74,70236100,0.741,71515000,0.742,69600600,0.743,39880000
sh513130,09:35:26,1764552928697,09:36:28,1764552928612,0.739,0.7395,-0.0676,5614.57,0.9083,1.7223,0,0,0.739,1.006,0.738,90844800,0.737,82381600,0.736,74761700,0.735,70438000,0.734,35990000,0.739,15578100,0.74,70236100,0.741,71515000,0.742,69600600,0.743,39880000
sh513130,09:35:26,1764552929695,09:36:28,1764552928612,0.739,0.7395,-0.0676,5614.57,0.9083,1.3552,0,0,0.739,0.998,0.738,90844800,0.737,82381600,0.736,74761700,0.735,70438000,0.734,35990000,0.739,15578100,0.74,70236100,0.741,71515000,0.742,69600600,0.743,39880000
sh513130,09:35:29,1764552930691,09:36:30,1764552930478,0.739,0.7395,-0.0676,5613.36,0.9083,1.2825,1091600,806192,0.7385,0.996,0.738,93099100,0.737,82233500,0.736,74744500,0.735,70460300,0.734,35990000,0.739,35297400,0.74,63228000,0.741,71528000,0.742,71777400,0.743,39989300
sh513130,09:35:29,1764552931701,09:36:30,1764552930766,0.739,0.7395,-0.0676,5613.36,0.9083,1.5154,0,0,0.739,1.01,0.738,93099100,0.737,82233500,0.736,74744500,0.735,70460300,0.734,35990000,0.739,35297400,0.74,63228000,0.741,71528000,0.742,71777400,0.743,39989300
sh513130,09:35:29,1764552932690,09:36:32,1764552932490,0.739,0.7395,-0.0676,5613.89,0.9083,1.4407,0,0,0.739,0.989,0.738,93099100,0.737,82233500,0.736,74744500,0.735,70460300,0.734,35990000,0.739,35297400,0.74,63228000,0.741,71528000,0.742,71777400,0.743,39989300
sh513130,09:35:32,1764552933701,09:36:32,1764552932915,0.739,0.7395,-0.0676,5613.89,0.9083,1.251,137300,101432,0.7388,1.011,0.738,93835200,0.737,83323700,0.736,75062800,0.735,70632700,0.734,35998000,0.739,35333400,0.74,64073500,0.741,71528000,0.742,71777400,0.743,40066500
sh513130,09:35:32,1764552934696,09:36:34,1764552934504,0.739,0.7395,-0.0676,5613.24,0.9083,2.753,0,0,0.739,0.995,0.738,93835200,0.737,83323700,0.736,75062800,0.735,70632700,0.734,35998000,0.739,35333400,0.74,64073500,0.741,71528000,0.742,71777400,0.743,40066500
sh513130,09:35:32,1764552935702,09:36:34,1764552935059,0.739,0.7395,-0.0676,5613.24,0.9083,3.5968,0,0,0.739,1.005,0.738,93835200,0.737,83323700,0.736,75062800,0.735,70632700,0.734,35998000,0.739,35333400,0.74,64073500,0.741,71528000,0.742,71777400,0.743,40066500
sh513130,09:35:32,1764552936699,09:36:36,1764552936533,0.739,0.7395,-0.0676,5612.62,0.9083,5.4822,0,0,0.739,0.998,0.738,93835200,0.737,83323700,0.736,75062800,0.735,70632700,0.734,35998000,0.739,35333400,0.74,64073500,0.741,71528000,0.742,71777400,0.743,40066500
sh513130,09:35:35,1764552937706,09:36:36,1764552937249,0.739,0.7395,-0.0676,5612.62,0.9083,4.3561,405400,299591,0.739,1.006,0.738,86443800,0.737,83326100,0.736,75092800,0.735,75692700,0.734,35993300,0.739,76920600,0.74,65486200,0.741,71530000,0.742,58788200,0.743,30222700
sh513130,09:35:35,1764552938709,09:36:38,1764552938468,0.739,0.7395,-0.0676,5612.22,0.9083,3.0513,0,0,0.739,1.003,0.738,86443800,0.737,83326100,0.736,75092800,0.735,75692700,0.734,35993300,0.739,76920600,0.74,65486200,0.741,71530000,0.742,58788200,0.743,30222700
sh513130,09:35:35,1764552939715,09:36:38,1764552939373,0.739,0.7395,-0.0676,5612.22,0.9083,2.9279,0,0,0.739,1.006,0.738,86443800,0.737,83326100,0.736,75092800,0.735,75692700,0.734,35993300,0.739,76920600,0.74,65486200,0.741,71530000,0.742,58788200,0.743,30222700
sh513130,09:35:38,1764552940712,09:36:40,1764552940551,0.739,0.7389,0.0135,5611.47,0.9083,5.3341,34700,25643,0.739,0.996,0.738,64136400,0.737,82326100,0.736,75363900,0.735,81092300,0.734,48238200,0.739,79464200,0.74,68004500,0.741,66478300,0.742,58876200,0.743,30284700
sh513130,09:35:41,1764552941707,09:36:40,1764552941602,0.739,0.7389,0.0135,5611.47,0.9083,3.7753,321500,237588,0.739,0.996,0.738,47182900,0.737,82374900,0.736,76363900,0.735,93122700,0.734,48238200,0.739,80790100,0.74,68056600,0.741,66578600,0.742,58876200,0.743,32283500
sh513130,09:35:38,1764552942707,09:36:42,1764552942534,0.739,0.7389,0.0135,5610.96,0.9083,3.9471,-321500,-237588,0.739,0.999,0.738,64136400,0.737,82326100,0.736,75363900,0.735,81092300,0.734,48238200,0.739,79464200,0.74,68004500,0.741,66478300,0.742,58876200,0.743,30284700
sh513130,09:35:41,1764552943709,09:36:42,1764552943672,0.739,0.7389,0.0135,5610.96,0.9083,3.3388,321500,237588,0.739,1.002,0.738,47182900,0.737,82374900,0.736,76363900,0.735,93122700,0.734,48238200,0.739,80790100,0.74,68056600,0.741,66578600,0.742,58876200,0.743,32283500
sh513130,09:35:41,1764552944710,09:36:44,1764552944524,0.739,0.7389,0.0135,5610.83,0.9083,3.6034,0,0,0.739,1.001,0.738,47182900,0.737,82374900,0.736,76363900,0.735,93122700,0.734,48238200,0.739,80790100,0.74,68056600,0.741,66578600,0.742,58876200,0.743,32283500
sh513130,09:35:41,1764552945722,09:36:44,1764552944524,0.739,0.7389,0.0135,5610.83,0.9083,3.3954,0,0,0.739,1.012,0.738,47182900,0.737,82374900,0.736,76363900,0.735,93122700,0.734,48238200,0.739,80790100,0.74,68056600,0.741,66578600,0.742,58876200,0.743,32283500
sh513130,09:35:44,1764552946714,09:36:46,1764552946485,0.738,0.7389,-0.1218,5610.29,0.9083,3.6721,26498500,19555939,0.738,0.992,0.737,85402800,0.736,94415300,0.735,93536300,0.734,48253300,0.733,32445300,0.738,8341600,0.739,82984900,0.74,73203400,0.741,71625600,0.742,57876900
sh513130,09:35:44,1764552947707,09:36:46,1764552946485,0.738,0.7389,-0.1218,5610.29,0.9083,3.9745,0,0,0.738,0.993,0.737,85402800,0.736,94415300,0.735,93536300,0.734,48253300,0.733,32445300,0.738,8341600,0.739,82984900,0.74,73203400,0.741,71625600,0.742,57876900
sh513130,09:35:47,1764552948713,09:36:48,1764552948563,0.739,0.7382,0.1084,5610.03,0.9083,4.037,7686300,5672492,0.738,1.006,0.738,8849800,0.737,86196400,0.736,96405300,0.735,94676600,0.734,48253300,0.739,83579200,0.74,74867900,0.741,71295000,0.742,57851900,0.743,29352100
sh513130,09:35:47,1764552949723,09:36:48,1764552948563,0.739,0.7382,0.1084,5610.03,0.9083,2.615,0,0,0.739,1.01,0.738,8849800,0.737,86196400,0.736,96405300,0.735,94676600,0.734,48253300,0.739,83579200,0.74,74867900,0.741,71295000,0.742,57851900,0.743,29352100
sh513130,09:35:47,1764552950712,09:36:50,1764552950709,0.739,0.7382,0.1084,5610.57,0.9083,2.2581,0,0,0.739,0.989,0.738,8849800,0.737,86196400,0.736,96405300,0.735,94676600,0.734,48253300,0.739,83579200,0.74,74867900,0.741,71295000,0.742,57851900,0.743,29352100
sh513130,09:35:47,1764552951729,09:36:50,1764552950709,0.739,0.7382,0.1084,5610.57,0.9083,2.4076,0,0,0.739,1.017,0.738,8849800,0.737,86196400,0.736,96405300,0.735,94676600,0.734,48253300,0.739,83579200,0.74,74867900,0.741,71295000,0.742,57851900,0.743,29352100
sh513130,09:35:50,1764552952732,09:36:50,1764552952298,0.739,0.7382,0.1084,5610.57,0.9083,2.118,240300,177361,0.7381,1.003,0.738,59651000,0.737,84908100,0.736,97905300,0.735,79436600,0.734,48253300,0.739,86413800,0.74,74916900,0.741,71712500,0.742,57849900,0.743,29541300
sh513130,09:35:50,1764552953775,09:36:50,1764552952298,0.739,0.7382,0.1084,5610.57,0.9083,2.1341,0,0,0.739,1.043,0.738,59651000,0.737,84908100,0.736,97905300,0.735,79436600,0.734,48253300,0.739,86413800,0.74,74916900,0.741,71712500,0.742,57849900,0.743,29541300
sh513130,09:35:50,1764552954737,09:36:50,1764552954449,0.739,0.7382,0.1084,5610.57,0.9083,1.8332,0,0,0.739,0.962,0.738,59651000,0.737,84908100,0.736,97905300,0.735,79436600,0.734,48253300,0.739,86413800,0.74,74916900,0.741,71712500,0.742,57849900,0.743,29541300
sh513130,09:35:53,1764552955723,09:36:54,1764552955631,0.739,0.7389,0.0135,5610.15,0.9083,3.5046,135300,99903,0.7384,0.987,0.738,44804100,0.737,85905100,0.736,97914300,0.735,89446600,0.734,48253300,0.739,86704200,0.74,74958000,0.741,71812500,0.742,57815200,0.743,32639500
sh513130,09:35:53,1764552956737,09:36:56,1764552956598,0.739,0.7389,0.0135,5609.97,0.9083,2.8337,0,0,0.739,1.013,0.738,44804100,0.737,85905100,0.736,97914300,0.735,89446600,0.734,48253300,0.739,86704200,0.74,74958000,0.741,71812500,0.742,57815200,0.743,32639500
sh513130,09:35:56,1764552957735,09:36:56,1764552956598,0.739,0.7389,0.0135,5609.97,0.9083,2.3318,291200,215079,0.7386,0.999,0.738,48875400,0.737,86768100,0.736,97914300,0.735,88445100,0.734,48273300,0.739,87962400,0.74,76027600,0.741,71772900,0.742,57760200,0.743,32652900
sh513130,09:35:56,1764552958736,09:36:58,1764552958704,0.739,0.7389,0.0135,5609.47,0.9083,1.9558,0,0,0.739,1.0,0.738,48875400,0.737,86768100,0.736,97914300,0.735,88445100,0.734,48273300,0.739,87962400,0.74,76027600,0.741,71772900,0.742,57760200,0.743,32652900
sh513130,09:35:56,1764552959738,09:36:58,1764552958745,0.739,0.7389,0.0135,5609.47,0.9083,2.8116,0,0,0.739,1.002,0.738,48875400,0.737,86768100,0.736,97914300,0.735,88445100,0.734,48273300,0.739,87962400,0.74,76027600,0.741,71772900,0.742,57760200,0.743,32652900
sh513130,09:35:59,1764552960737,09:37:00,1764552960581,0.739,0.7389,0.0135,5610.45,0.9083,3.7877,658800,486198,0.738,0.999,0.738,54814900,0.737,88253500,0.736,98090700,0.735,80508100,0.734,48277400,0.739,88488900,0.74,76988100,0.741,71899000,0.742,57811400,0.743,32652900
sh513130,09:35:59,1764552961735,09:37:00,1764552960901,0.739,0.7389,0.0135,5610.45,0.9083,5.3015,0,0,0.739,0.998,0.738,54814900,0.737,88253500,0.736,98090700,0.735,80508100,0.734,48277400,0.739,88488900,0.74,76988100,0.741,71899000,0.742,57811400,0.743,32652900
sh513130,09:35:59,1764552962732,09:37:02,1764552962496,0.739,0.7389,0.0135,5609.13,0.9083,5.086,0,0,0.739,0.997,0.738,54814900,0.737,88253500,0.736,98090700,0.735,80508100,0.734,48277400,0.739,88488900,0.74,76988100,0.741,71899000,0.742,57811400,0.743,32652900
sh513130,09:36:02,1764552963754,09:37:02,1764552963105,0.739,0.7389,0.0135,5609.13,0.9083,5.8361,1305600,964639,0.7388,1.022,0.738,45041700,0.737,89216500,0.736,98218700,0.735,90528700,0.734,48277400,0.739,90844100,0.74,77043200,0.741,72881900,0.742,57851800,0.743,32652700
sh513130,09:36:02,1764552964743,09:37:04,1764552964725,0.739,0.7389,0.0135,5610.78,0.9083,5.8361,0,0,0.739,0.989,0.738,45041700,0.737,89216500,0.736,98218700,0.735,90528700,0.734,48277400,0.739,90844100,0.74,77043200,0.741,72881900,0.742,57851800,0.743,32652700
sh513130,09:36:02,1764552965740,09:37:04,1764552965218,0.739,0.7389,0.0135,5610.78,0.9083,6.9244,0,0,0.739,0.996,0.738,45041700,0.737,89216500,0.736,98218700,0.735,90528700,0.734,48277400,0.739,90844100,0.74,77043200,0.741,72881900,0.742,57851800,0.743,32652700
sh513130,09:36:05,1764552966746,09:37:06,1764552966470,0.739,0.7389,0.0135,5609.53,0.9083,4.1564,424200,313480,0.739,1.006,0.738,67417300,0.737,89709900,0.736,97404500,0.735,72987600,0.734,48360500,0.739,90781800,0.74,76500300,0.741,72353000,0.742,57920400,0.743,32652700
sh513130,09:36:05,1764552967747,09:37:06,1764552967358,0.739,0.7389,0.0135,5609.53,0.9083,3.0786,0,0,0.739,1.001,0.738,67417300,0.737,89709900,0.736,97404500,0.735,72987600,0.734,48360500,0.739,90781800,0.74,76500300,0.741,72353000,0.742,57920400,0.743,32652700
sh513130,09:36:05,1764552968751,09:37:08,1764552968486,0.739,0.7389,0.0135,5608.68,0.9083,2.8542,0,0,0.739,1.004,0.738,67417300,0.737,89709900,0.736,97404500,0.735,72987600,0.734,48360500,0.739,90781800,0.74,76500300,0.741,72353000,0.742,57920400,0.743,32652700
sh513130,09:36:05,1764552969752,09:37:08,1764552969510,0.739,0.7389,0.0135,5608.68,0.9083,2.9023,0,0,0.739,1.0,0.738,67417300,0.737,89709900,0.736,97404500,0.735,72987600,0.734,48360500,0.739,90781800,0.74,76500300,0.741,72353000,0.742,57920400,0.743,32652700
sh513130,09:36:08,1764552970741,09:37:10,1764552970552,0.738,0.7389,-0.1218,5608.91,0.9083,5.3298,3249200,2398091,0.7381,0.989,0.738,12704100,0.737,90682900,0.736,97540000,0.735,90782600,0.734,48361500,0.739,91790800,0.74,76715100,0.741,71774700,0.742,57820200,0.743,32462700
sh513130,09:36:08,1764552971740,09:37:10,1764552971707,0.738,0.7389,-0.1218,5608.91,0.9083,3.4642,0,0,0.738,0.999,0.738,12704100,0.737,90682900,0.736,97540000,0.735,90782600,0.734,48361500,0.739,91790800,0.74,76715100,0.741,71774700,0.742,57820200,0.743,32462700
sh513130,09:36:11,1764552972745,09:37:12,1764552972631,0.739,0.7389,0.0135,5608.75,0.9083,3.9682,4072700,3005729,0.738,1.005,0.738,15504700,0.737,91384900,0.736,97790000,0.735,90714400,0.734,48361500,0.739,93040000,0.74,77069900,0.741,71774700,0.742,57665800,0.743,32560800
sh513130,09:36:11,1764552973771,09:37:12,1764552972631,0.739,0.7389,0.0135,5608.75,0.9083,2.666,0,0,0.739,1.026,0.738,15504700,0.737,91384900,0.736,97790000,0.735,90714400,0.734,48361500,0.739,93040000,0.74,77069900,0.741,71774700,0.742,57665800,0.743,32560800
sh513130,09:36:11,1764552974750,09:37:14,1764552974540,0.739,0.7389,0.0135,5609.44,0.9083,2.666,0,0,0.739,0.979,0.738,15504700,0.737,91384900,0.736,97790000,0.735,90714400,0.734,48361500,0.739,93040000,0.74,77069900,0.741,71774700,0.742,57665800,0.743,32560800
sh513130,09:36:14,1764552975750,09:37:14,1764552974540,0.739,0.7389,0.0135,5609.44,0.9083,1.6144,431500,318457,0.738,1.0,0.738,58849000,0.737,91604900,0.736,98166900,0.735,72460700,0.734,48362500,0.739,92466700,0.74,77127000,0.741,71939200,0.742,57674000,0.743,32560800
sh513130,09:36:14,1764552976753,09:37:16,1764552976722,0.739,0.7389,0.0135,5609.52,0.9083,1.5707,0,0,0.739,1.003,0.738,58849000,0.737,91604900,0.736,98166900,0.735,72460700,0.734,48362500,0.739,92466700,0.74,77127000,0.741,71939200,0.742,57674000,0.743,32560800
sh513130,09:36:17,1764552977769,09:37:16,1764552976722,0.738,0.7382,-0.0271,5609.52,0.9083,1.8963,176600,130355,0.7381,1.016,0.738,51133000,0.737,92978600,0.736,98366900,0.735,79870700,0.734,48261000,0.739,92710700,0.74,77767600,0.741,71987400,0.742,57674000,0.743,32563800
sh513130,09:36:17,1764552978756,09:37:18,1764552978515,0.738,0.7382,-0.0271,5611.93,0.9083,4.9526,0,0,0.738,0.987,0.738,51133000,0.737,92978600,0.736,98366900,0.735,79870700,0.734,48261000,0.739,92710700,0.74,77767600,0.741,71987400,0.742,57674000,0.743,32563800
sh513130,09:36:17,1764552979755,09:37:18,1764552978515,0.738,0.7382,-0.0271,5611.93,0.9083,5.4943,0,0,0.738,0.999,0.738,51133000,0.737,92978600,0.736,98366900,0.735,79870700,0.734,48261000,0.739,92710700,0.74,77767600,0.741,71987400,0.742,57674000,0.743,32563800
sh513130,09:36:17,1764552980751,09:37:20,1764552980552,0.738,0.7382,-0.0271,5611.15,0.9083,4.6287,0,0,0.738,0.996,0.738,51133000,0.737,92978600,0.736,98366900,0.735,79870700,0.734,48261000,0.739,92710700,0.74,77767600,0.741,71987400,0.742,57674000,0.743,32563800
sh513130,09:36:20,1764552981777,09:37:20,1764552980552,0.738,0.7382,-0.0271,5611.15,0.9083,3.0616,53300,39339,0.7381,1.026,0.738,11808800,0.737,93211300,0.736,99314000,0.735,89867100,0.734,48461000,0.739,93517300,0.74,77844300,0.741,72615400,0.742,58074000,0.743,32643800
sh513130,09:36:20,1764552982758,09:37:22,1764552982569,0.738,0.7382,-0.0271,5610.67,0.9083,2.7291,0,0,0.738,0.981,0.738,11808800,0.737,93211300,0.736,99314000,0.735,89867100,0.734,48461000,0.739,93517300,0.74,77844300,0.741,72615400,0.742,58074000,0.743,32643800
sh513130,09:36:20,1764552983778,09:37:22,1764552982569,0.738,0.7382,-0.0271,5610.67,0.9083,3.5814,0,0,0.738,1.02,0.738,11808800,0.737,93211300,0.736,99314000,0.735,89867100,0.734,48461000,0.739,93517300,0.74,77844300,0.741,72615400,0.742,58074000,0.743,32643800
sh513130,09:36:23,1764552984778,09:37:24,1764552984578,0.738,0.7388,-0.1083,5608.48,0.9083,3.0038,8971900,6621262,0.738,1.0,0.737,95266300,0.736,100325200,0.735,96295100,0.734,54451900,0.733,32446000,0.738,16296200,0.739,94935400,0.74,78883100,0.741,76213400,0.742,58104000
sh513130,09:36:23,1764552985776,09:37:24,1764552984578,0.738,0.7388,-0.1083,5608.48,0.9083,3.584,0,0,0.738,0.998,0.737,95266300,0.736,100325200,0.735,96295100,0.734,54451900,0.733,32446000,0.738,16296200,0.739,94935400,0.74,78883100,0.741,76213400,0.742,58104000
sh513130,09:36:26,1764552986767,09:37:26,1764552986735,0.737,0.7388,-0.2436,5608.43,0.9083,3.584,68700,50691,0.7379,0.991,0.737,95496200,0.736,100185800,0.735,96345100,0.734,55001900,0.733,32466000,0.738,40804500,0.739,96344700,0.74,77106000,0.741,75079700,0.742,46106400
sh513130,09:36:26,1764552987772,09:37:26,1764552986735,0.737,0.7388,-0.2436,5608.43,0.9083,4.4261,0,0,0.737,1.006,0.737,95496200,0.736,100185800,0.735,96345100,0.734,55001900,0.733,32466000,0.738,40804500,0.739,96344700,0.74,77106000,0.741,75079700,0.742,46106400
sh513130,09:36:26,1764552988766,09:37:28,1764552988497,0.737,0.7388,-0.2436,5606.98,0.9083,4.5074,0,0,0.737,0.994,0.737,95496200,0.736,100185800,0.735,96345100,0.734,55001900,0.733,32466000,0.738,40804500,0.739,96344700,0.74,77106000,0.741,75079700,0.742,46106400
sh513130,09:36:26,1764552989781,09:37:28,1764552988879,0.737,0.7388,-0.2436,5606.98,0.9083,4.1572,0,0,0.737,1.014,0.737,95496200,0.736,100185800,0.735,96345100,0.734,55001900,0.733,32466000,0.738,40804500,0.739,96344700,0.74,77106000,0.741,75079700,0.742,46106400
sh513130,09:36:29,1764552990776,09:37:30,1764552990491,0.738,0.7388,-0.1083,5607.27,0.9083,4.1572,974100,718522,0.7376,0.995,0.737,85075400,0.736,100521100,0.735,96376100,0.734,55037600,0.733,32466000,0.738,68742500,0.739,88863500,0.74,77047000,0.741,55198100,0.742,46116300
sh513130,09:36:29,1764552991776,09:37:30,1764552991031,0.738,0.7388,-0.1083,5607.27,0.9083,4.4718,0,0,0.738,1.0,0.737,85075400,0.736,100521100,0.735,96376100,0.734,55037600,0.733,32466000,0.738,68742500,0.739,88863500,0.74,77047000,0.741,55198100,0.742,46116300
sh513130,09:36:29,1764552992770,09:37:32,1764552992481,0.738,0.7388,-0.1083,5608.23,0.9083,4.2139,0,0,0.738,0.994,0.737,85075400,0.736,100521100,0.735,96376100,0.734,55037600,0.733,32466000,0.738,68742500,0.739,88863500,0.74,77047000,0.741,55198100,0.742,46116300
sh513130,09:36:32,1764552993778,09:37:32,1764552993189,0.738,0.7382,-0.0271,5608.23,0.9083,4.4592,405500,299209,0.7379,1.008,0.737,85149400,0.736,101489200,0.735,96428100,0.734,55037600,0.733,32471000,0.738,65044400,0.739,89682700,0.74,77140900,0.741,60203100,0.742,46276000
sh513130,09:36:32,1764552994774,09:37:34,1764552994563,0.738,0.7382,-0.0271,5606.6,0.9083,5.2619,0,0,0.738,0.996,0.737,85149400,0.736,101489200,0.735,96428100,0.734,55037600,0.733,32471000,0.738,65044400,0.739,89682700,0.74,77140900,0.741,60203100,0.742,46276000
sh513130,09:36:32,1764552995783,09:37:34,1764552995408,0.738,0.7382,-0.0271,5606.6,0.9083,3.9927,0,0,0.738,1.008,0.737,85149400,0.736,101489200,0.735,96428100,0.734,55037600,0.733,32471000,0.738,65044400,0.739,89682700,0.74,77140900,0.741,60203100,0.742,46276000
sh513130,09:36:32,1764552996791,09:37:36,1764552996528,0.738,0.7382,-0.0271,5606.88,0.9083,2.6993,0,0,0.738,1.008,0.737,85149400,0.736,101489200,0.735,96428100,0.734,55037600,0.733,32471000,0.738,65044400,0.739,89682700,0.74,77140900,0.741,60203100,0.742,46276000
sh513130,09:36:35,1764552997778,09:37:36,1764552997511,0.738,0.7382,-0.0271,5606.88,0.9083,2.6993,172100,126880,0.7372,0.987,0.737,86052500,0.736,102335500,0.735,96574600,0.734,55129800,0.733,32471000,0.738,65238700,0.739,90847500,0.74,76815300,0.741,60075200,0.742,46276000
sh513130,09:36:35,1764552998791,09:37:38,1764552998517,0.738,0.7382,-0.0271,5607.14,0.9083,3.5075,0,0,0.738,1.014,0.737,86052500,0.736,102335500,0.735,96574600,0.734,55129800,0.733,32471000,0.738,65238700,0.739,90847500,0.74,76815300,0.741,60075200,0.742,46276000
sh513130,09:36:35,1764552999784,09:37:38,1764552999663,0.738,0.7382,-0.0271,5607.14,0.9083,3.5075,0,0,0.738,0.993,0.737,86052500,0.736,102335500,0.735,96574600,0.734,55129800,0.733,32471000,0.738,65238700,0.739,90847500,0.74,76815300,0.741,60075200,0.742,46276000
sh513130,09:36:38,1764553000779,09:37:40,1764553000526,0.738,0.7382,-0.0271,5607.12,0.9083,3.9245,1062400,784036,0.738,0.995,0.737,87185900,0.736,102344300,0.735,96640300,0.734,55129800,0.733,32475000,0.738,37366800,0.739,90386200,0.74,76858000,0.741,75075200,0.742,46276000
sh513130,09:36:38,1764553001800,09:37:40,1764553000526,0.738,0.7382,-0.0271,5607.12,0.9083,3.4814,0,0,0.738,1.021,0.737,87185900,0.736,102344300,0.735,96640300,0.734,55129800,0.733,32475000,0.738,37366800,0.739,90386200,0.74,76858000,0.741,75075200,0.742,46276000
sh513130,09:36:41,1764553002787,09:37:42,1764553002557,0.738,0.7382,-0.0271,5607.12,0.9083,3.4814,48600,35866,0.738,0.987,0.737,88655200,0.736,103367500,0.735,96682400,0.734,55129800,0.733,31530000,0.738,29301200,0.739,96839400,0.74,77252500,0.741,75075200,0.742,58273600
sh513130,09:36:41,1764553003789,09:37:42,1764553002557,0.738,0.7382,-0.0271,5607.12,0.9083,4.4506,0,0,0.738,1.002,0.737,88655200,0.736,103367500,0.735,96682400,0.734,55129800,0.733,31530000,0.738,29301200,0.739,96839400,0.74,77252500,0.741,75075200,0.742,58273600
sh513130,09:36:41,1764553004790,09:37:44,1764553004526,0.738,0.7382,-0.0271,5606.9,0.9083,3.9473,0,0,0.738,1.001,0.737,88655200,0.736,103367500,0.735,96682400,0.734,55129800,0.733,31530000,0.738,29301200,0.739,96839400,0.74,77252500,0.741,75075200,0.742,58273600
sh513130,09:36:44,1764553005804,09:37:44,1764553004526,0.738,0.7382,-0.0271,5606.9,0.9083,2.5036,405300,299023,0.7378,1.014,0.737,89562200,0.736,102424700,0.735,96641000,0.734,55159800,0.733,32609200,0.738,23223500,0.739,96041500,0.74,78242300,0.741,74970700,0.742,58273600
sh513130,09:36:44,1764553006789,09:37:46,1764553006551,0.738,0.7382,-0.0271,5606.27,0.9083,2.5036,0,0,0.738,0.985,0.737,89562200,0.736,102424700,0.735,96641000,0.734,55159800,0.733,32609200,0.738,23223500,0.739,96041500,0.74,78242300,0.741,74970700,0.742,58273600
sh513130,09:36:44,1764553007787,09:37:46,1764553006551,0.738,0.7382,-0.0271,5606.27,0.9083,3.6436,0,0,0.738,0.998,0.737,89562200,0.736,102424700,0.735,96641000,0.734,55159800,0.733,32609200,0.738,23223500,0.739,96041500,0.74,78242300,0.741,74970700,0.742,58273600
sh513130,09:36:47,1764553008808,09:37:48,1764553008535,0.738,0.7382,-0.0271,5606.21,0.9083,4.0362,370100,272909,0.7374,1.021,0.737,90129500,0.736,102449600,0.735,96702700,0.734,55159800,0.733,32609200,0.738,64145800,0.739,88273800,0.74,78253700,0.741,55318400,0.742,46376000
sh513130,09:36:47,1764553009801,09:37:48,1764553008535,0.738,0.7382,-0.0271,5606.21,0.9083,3.8651,0,0,0.738,0.992,0.737,90129500,0.736,102449600,0.735,96702700,0.734,55159800,0.733,32609200,0.738,64145800,0.739,88273800,0.74,78253700,0.741,55318400,0.742,46376000
sh513130,09:36:50,1764553010793,09:37:50,1764553010554,0.738,0.7382,-0.0271,5605.1,0.9083,3.1712,1180000,870260,0.7375,0.993,0.737,85214400,0.736,103000000,0.735,96982700,0.734,56213400,0.733,32626200,0.738,65813700,0.739,87752500,0.74,78253700,0.741,55369000,0.742,46376000
sh513130,09:36:47,1764553011795,09:37:50,1764553010554,0.738,0.7382,-0.0271,5605.1,0.9083,3.6442,-1180000,-870260,0.738,1.002,0.737,90129500,0.736,102449600,0.735,96702700,0.734,55159800,0.733,32609200,0.738,64145800,0.739,88273800,0.74,78253700,0.741,55318400,0.742,46376000
sh513130,09:36:50,1764553012795,09:37:52,1764553012571,0.738,0.7382,-0.0271,5604.01,0.9083,2.5504,1180000,870260,0.7375,0.999,0.737,85214400,0.736,103000000,0.735,96982700,0.734,56213400,0.733,32626200,0.738,65813700,0.739,87752500,0.74,78253700,0.741,55369000,0.742,46376000
sh513130,09:36:50,1764553013808,09:37:52,1764553012571,0.738,0.7382,-0.0271,5604.01,0.9083,3.1028,0,0,0.738,1.014,0.737,85214400,0.736,103000000,0.735,96982700,0.734,56213400,0.733,32626200,0.738,65813700,0.739,87752500,0.74,78253700,0.741,55369000,0.742,46376000
sh513130,09:36:53,1764553014810,09:37:54,1764553014783,0.738,0.7382,-0.0271,5603.24,0.9083,2.9571,405900,299187,0.7371,1.002,0.737,75919500,0.736,103056600,0.735,97047600,0.734,55257900,0.733,32626200,0.738,66282300,0.739,87707700,0.74,77293700,0.741,55328000,0.742,46153400
sh513130,09:36:53,1764553015819,09:37:54,1764553014783,0.738,0.7382,-0.0271,5603.24,0.9083,5.142,0,0,0.738,1.009,0.737,75919500,0.736,103056600,0.735,97047600,0.734,55257900,0.733,32626200,0.738,66282300,0.739,87707700,0.74,77293700,0.741,55328000,0.742,46153400
sh513130,09:36:53,1764553016815,09:37:56,1764553016515,0.738,0.7382,-0.0271,5602.0,0.9083,4.9717,0,0,0.738,0.996,0.737,75919500,0.736,103056600,0.735,97047600,0.734,55257900,0.733,32626200,0.738,66282300,0.739,87707700,0.74,77293700,0.741,55328000,0.742,46153400
sh513130,09:36:56,1764553017802,09:37:56,1764553016886,0.738,0.7382,-0.0271,5602.0,0.9083,4.9717,261300,192796,0.7378,0.987,0.737,37825300,0.736,103077600,0.735,115050800,0.734,72673400,0.733,44623800,0.738,69646500,0.739,89054700,0.74,79216200,0.741,55131300,0.742,46153400
sh513130,09:36:56,1764553018808,09:37:58,1764553018493,0.738,0.7382,-0.0271,5603.71,0.9083,4.1128,0,0,0.738,1.007,0.737,37825300,0.736,103077600,0.735,115050800,0.734,72673400,0.733,44623800,0.738,69646500,0.739,89054700,0.74,79216200,0.741,55131300,0.742,46153400
sh513130,09:36:56,1764553019811,09:37:58,1764553019038,0.738,0.7382,-0.0271,5603.71,0.9083,3.8631,0,0,0.738,1.002,0.737,37825300,0.736,103077600,0.735,115050800,0.734,72673400,0.733,44623800,0.738,69646500,0.739,89054700,0.74,79216200,0.741,55131300,0.742,46153400
sh513130,09:36:59,1764553020829,09:37:58,1764553019038,0.738,0.7382,-0.0271,5603.71,0.9083,5.2917,271400,200103,0.7373,1.018,0.737,88310300,0.736,103097600,0.735,115267000,0.734,55293400,0.733,32628200,0.738,38777700,0.739,88602100,0.74,78736300,0.741,75424700,0.742,58450800
sh513130,09:36:59,1764553021820,09:38:00,1764553021214,0.738,0.7382,-0.0271,5604.46,0.9083,4.0205,0,0,0.738,0.991,0.737,88310300,0.736,103097600,0.735,115267000,0.734,55293400,0.733,32628200,0.738,38777700,0.739,88602100,0.74,78736300,0.741,75424700,0.742,58450800
sh513130,09:36:59,1764553022816,09:38:02,1764553022504,0.738,0.7382,-0.0271,5604.72,0.9083,4.0013,0,0,0.738,0.996,0.737,88310300,0.736,103097600,0.735,115267000,0.734,55293400,0.733,32628200,0.738,38777700,0.739,88602100,0.74,78736300,0.741,75424700,0.742,58450800
sh513130,09:37:02,1764553023815,09:38:02,1764553023782,0.738,0.7382,-0.0271,5604.72,0.9083,2.9789,1446900,1067385,0.7377,1.0,0.737,89647400,0.736,103274600,0.735,115322800,0.734,55321600,0.733,32628200,0.738,57337800,0.739,96522900,0.74,79008900,0.741,60442800,0.742,46453200
sh513130,09:37:02,1764553024828,09:38:04,1764553024629,0.738,0.7382,-0.0271,5604.16,0.9083,3.0708,0,0,0.738,1.013,0.737,89647400,0.736,103274600,0.735,115322800,0.734,55321600,0.733,32628200,0.738,57337800,0.739,96522900,0.74,79008900,0.741,60442800,0.742,46453200
sh513130,09:37:02,1764553025821,09:38:04,1764553025498,0.738,0.7382,-0.0271,5604.16,0.9083,3.0708,0,0,0.738,0.993,0.737,89647400,0.736,103274600,0.735,115322800,0.734,55321600,0.733,32628200,0.738,57337800,0.739,96522900,0.74,79008900,0.741,60442800,0.742,46453200
sh513130,09:37:05,1764553026825,09:38:06,1764553026489,0.738,0.7382,-0.0271,5604.46,0.9083,2.5175,1102000,813183,0.7379,1.004,0.737,61464200,0.736,103631300,0.735,115628900,0.734,72722600,0.733,44653700,0.738,72270700,0.739,90806000,0.74,79008600,0.741,55442800,0.742,46553200
sh513130,09:37:05,1764553027818,09:38:06,1764553027655,0.738,0.7382,-0.0271,5604.46,0.9083,2.5175,0,0,0.738,0.993,0.737,61464200,0.736,103631300,0.735,115628900,0.734,72722600,0.733,44653700,0.738,72270700,0.739,90806000,0.74,79008600,0.741,55442800,0.742,46553200
sh513130,09:37:05,1764553028825,09:38:08,1764553028509,0.738,0.7382,-0.0271,5604.08,0.9083,2.0206,0,0,0.738,1.008,0.737,61464200,0.736,103631300,0.735,115628900,0.734,72722600,0.733,44653700,0.738,72270700,0.739,90806000,0.74,79008600,0.741,55442800,0.742,46553200
sh513130,09:37:08,1764553029835,09:38:08,1764553029803,0.738,0.7375,0.0678,5604.08,0.9083,3.5336,1115300,823061,0.738,1.01,0.737,91782100,0.736,103702800,0.735,115606800,0.734,55162300,0.733,32664300,0.738,44614900,0.739,99090200,0.74,79008300,0.741,75442800,0.742,46553200
sh513130,09:37:08,1764553030828,09:38:10,1764553030518,0.738,0.7375,0.0678,5605.06,0.9083,2.2056,0,0,0.738,0.993,0.737,91782100,0.736,103702800,0.735,115606800,0.734,55162300,0.733,32664300,0.738,44614900,0.739,99090200,0.74,79008300,0.741,75442800,0.742,46553200
sh513130,09:37:08,1764553031838,09:38:10,1764553030518,0.738,0.7375,0.0678,5605.06,0.9083,2.6275,0,0,0.738,1.01,0.737,91782100,0.736,103702800,0.735,115606800,0.734,55162300,0.733,32664300,0.738,44614900,0.739,99090200,0.74,79008300,0.741,75442800,0.742,46553200
sh513130,09:37:11,1764553032822,09:38:12,1764553032487,0.738,0.7382,-0.0271,5604.86,0.9083,2.6275,109800,80940,0.7372,0.983,0.737,93011300,0.736,104877500,0.735,115834600,0.734,55242800,0.733,32641800,0.738,44878400,0.739,99935600,0.74,79017700,0.741,75445500,0.742,46553200
sh513130,09:37:11,1764553033837,09:38:12,1764553032487,0.738,0.7382,-0.0271,5604.86,0.9083,2.5063,0,0,0.738,1.015,0.737,93011300,0.736,104877500,0.735,115834600,0.734,55242800,0.733,32641800,0.738,44878400,0.739,99935600,0.74,79017700,0.741,75445500,0.742,46553200
sh513130,09:37:11,1764553034837,09:38:14,1764553034549,0.738,0.7382,-0.0271,5605.26,0.9083,3.14,0,0,0.738,0.999,0.737,93011300,0.736,104877500,0.735,115834600,0.734,55242800,0.733,32641800,0.738,44878400,0.739,99935600,0.74,79017700,0.741,75445500,0.742,46553200
sh513130,09:37:14,1764553035833,09:38:14,1764553034549,0.737,0.7382,-0.1626,5605.26,0.9083,2.8091,1112500,820944,0.7379,0.997,0.737,93934400,0.736,104970800,0.735,115976100,0.734,55242800,0.733,32772100,0.738,32921800,0.739,100796100,0.74,79029600,0.741,75445500,0.742,58565800
sh513130,09:37:14,1764553036834,09:38:16,1764553036490,0.737,0.7382,-0.1626,5605.8,0.9083,2.5548,0,0,0.737,1.0,0.737,93934400,0.736,104970800,0.735,115976100,0.734,55242800,0.733,32772100,0.738,32921800,0.739,100796100,0.74,79029600,0.741,75445500,0.742,58565800
sh513130,09:37:17,1764553037831,09:38:16,1764553036490,0.738,0.7381,-0.0135,5605.8,0.9083,2.8581,1348200,994724,0.7378,0.997,0.737,94990700,0.736,105074900,0.735,114986100,0.734,55242800,0.733,31892100,0.738,33313600,0.739,101556700,0.74,79952500,0.741,75379900,0.742,58565800
sh513130,09:37:17,1764553038844,09:38:18,1764553038513,0.738,0.7381,-0.0135,5605.75,0.9083,2.8581,0,0,0.738,1.014,0.737,94990700,0.736,105074900,0.735,114986100,0.734,55242800,0.733,31892100,0.738,33313600,0.739,101556700,0.74,79952500,0.741,75379900,0.742,58565800
sh513130,09:37:17,1764553039836,09:38:18,1764553038513,0.738,0.7381,-0.0135,5605.75,0.9083,2.5307,0,0,0.738,0.992,0.737,94990700,0.736,105074900,0.735,114986100,0.734,55242800,0.733,31892100,0.738,33313600,0.739,101556700,0.74,79952500,0.741,75379900,0.742,58565800
sh513130,09:37:17,1764553040841,09:38:20,1764553040590,0.738,0.7381,-0.0135,5609.94,0.9083,2.8162,0,0,0.738,1.005,0.737,94990700,0.736,105074900,0.735,114986100,0.734,55242800,0.733,31892100,0.738,33313600,0.739,101556700,0.74,79952500,0.741,75379900,0.742,58565800
sh513130,09:37:17,1764553041847,09:38:20,1764553040590,0.738,0.7381,-0.0135,5609.94,0.9083,6.2523,0,0,0.738,1.006,0.737,94990700,0.736,105074900,0.735,114986100,0.734,55242800,0.733,31892100,0.738,33313600,0.739,101556700,0.74,79952500,0.741,75379900,0.742,58565800
sh513130,09:37:20,1764553042844,09:38:22,1764553042725,0.738,0.7381,-0.0135,5609.35,0.9083,4.433,25257800,18640255,0.738,0.997,0.738,71365000,0.737,96055500,0.736,101082900,0.735,75542000,0.734,54253500,0.739,91964000,0.74,79971600,0.741,75779900,0.742,58765800,0.743,31447500
sh513130,09:37:20,1764553043856,09:38:22,1764553042725,0.738,0.7381,-0.0135,5609.35,0.9083,3.3822,0,0,0.738,1.011,0.738,71365000,0.737,96055500,0.736,101082900,0.735,75542000,0.734,54253500,0.739,91964000,0.74,79971600,0.741,75779900,0.742,58765800,0.743,31447500
sh513130,09:37:23,1764553044843,09:38:24,1764553044521,0.738,0.7381,-0.0135,5609.43,0.9083,4.1206,986700,728185,0.738,0.987,0.738,66268100,0.737,97424200,0.736,106479800,0.735,82609400,0.734,54254500,0.739,71964000,0.74,80961600,0.741,76608600,0.742,58765800,0.743,31447500
sh513130,09:37:23,1764553045859,09:38:24,1764553044883,0.738,0.7381,-0.0135,5609.43,0.9083,4.2788,0,0,0.738,1.016,0.738,66268100,0.737,97424200,0.736,106479800,0.735,82609400,0.734,54254500,0.739,71964000,0.74,80961600,0.741,76608600,0.742,58765800,0.743,31447500
sh513130,09:37:23,1764553046852,09:38:26,1764553046486,0.738,0.7381,-0.0135,5610.58,0.9083,4.212,0,0,0.738,0.993,0.738,66268100,0.737,97424200,0.736,106479800,0.735,82609400,0.734,54254500,0.739,71964000,0.74,80961600,0.741,76608600,0.742,58765800,0.743,31447500
sh513130,09:37:23,1764553047852,09:38:26,1764553047034,0.738,0.7381,-0.0135,5610.58,0.9083,4.212,0,0,0.738,1.0,0.738,66268100,0.737,97424200,0.736,106479800,0.735,82609400,0.734,54254500,0.739,71964000,0.74,80961600,0.741,76608600,0.742,58765800,0.743,31447500
sh513130,09:37:26,1764553048858,09:38:28,1764553048505,0.738,0.7381,-0.0135,5609.71,0.9083,2.8793,100800,74392,0.738,1.005,0.738,71193300,0.737,98981600,0.736,102194200,0.735,79692400,0.734,42263800,0.739,72360300,0.74,80195400,0.741,76608600,0.742,58739800,0.743,31447500
sh513130,09:37:26,1764553049965,09:38:28,1764553049192,0.738,0.7381,-0.0135,5609.71,0.9083,2.6273,0,0,0.738,1.107,0.738,71193300,0.737,98981600,0.736,102194200,0.735,79692400,0.734,42263800,0.739,72360300,0.74,80195400,0.741,76608600,0.742,58739800,0.743,31447500
sh513130,09:37:26,1764553050871,09:38:30,1764553050489,0.738,0.7381,-0.0135,5610.4,0.9083,2.3133,0,0,0.738,0.906,0.738,71193300,0.737,98981600,0.736,102194200,0.735,79692400,0.734,42263800,0.739,72360300,0.74,80195400,0.741,76608600,0.742,58739800,0.743,31447500
sh513130,09:37:29,1764553051870,09:38:30,1764553051371,0.738,0.7381,-0.0135,5610.4,0.9083,1.859,2087800,1541796,0.7385,0.999,0.738,76739400,0.737,102943000,0.736,102096200,0.735,74273400,0.734,42324400,0.739,71666500,0.74,80306800,0.741,77638100,0.742,58849800,0.743,31447500
sh513130,09:37:29,1764553052904,09:38:32,1764553052502,0.738,0.7381,-0.0135,5611.72,0.9083,3.2285,0,0,0.738,1.034,0.738,76739400,0.737,102943000,0.736,102096200,0.735,74273400,0.734,42324400,0.739,71666500,0.74,80306800,0.741,77638100,0.742,58849800,0.743,31447500
sh513130,09:37:32,1764553053913,09:38:32,1764553053522,0.738,0.7388,-0.1083,5611.72,0.9083,3.2853,79900,58978,0.7381,1.009,0.738,78111800,0.737,102396500,0.736,102065500,0.735,74345400,0.734,54312000,0.739,71587000,0.74,81129600,0.741,77644200,0.742,58850800,0.743,31447500
sh513130,09:37:32,1764553054873,09:38:34,1764553054507,0.738,0.7388,-0.1083,5609.92,0.9083,2.599,0,0,0.738,0.959,0.738,78111800,0.737,102396500,0.736,102065500,0.735,74345400,0.734,54312000,0.739,71587000,0.74,81129600,0.741,77644200,0.742,58850800,0.743,31447500
sh513130,09:37:32,1764553055875,09:38:34,1764553055643,0.738,0.7388,-0.1083,5609.92,0.9083,2.599,0,0,0.738,1.002,0.738,78111800,0.737,102396500,0.736,102065500,0.735,74345400,0.734,54312000,0.739,71587000,0.74,81129600,0.741,77644200,0.742,58850800,0.743,31447500
sh513130,09:37:35,1764553056876,09:38:36,1764553056495,0.738,0.7388,-0.1083,5611.19,0.9083,2.3774,1281900,947171,0.7389,1.001,0.738,90011400,0.737,103344400,0.736,102229400,0.735,74357900,0.734,42521200,0.739,67680800,0.74,80656100,0.741,78422600,0.742,63850800,0.743,31447700
sh513130,09:37:35,1764553057872,09:38:36,1764553057790,0.738,0.7388,-0.1083,5611.19,0.9083,2.5703,0,0,0.738,0.996,0.738,90011400,0.737,103344400,0.736,102229400,0.735,74357900,0.734,42521200,0.739,67680800,0.74,80656100,0.741,78422600,0.742,63850800,0.743,31447700
sh513130,09:37:35,1764553058888,09:38:38,1764553058559,0.738,0.7388,-0.1083,5612.6,0.9083,3.1131,0,0,0.738,1.015,0.738,90011400,0.737,103344400,0.736,102229400,0.735,74357900,0.734,42521200,0.739,67680800,0.74,80656100,0.741,78422600,0.742,63850800,0.743,31447700
sh513130,09:37:38,1764553059888,09:38:38,1764553058559,0.739,0.7388,0.0271,5612.6,0.9083,4.6281,1569300,1159148,0.7386,1.001,0.738,90577800,0.737,103921800,0.736,102258100,0.735,74478200,0.734,42621200,0.739,35537800,0.74,87841600,0.741,77927300,0.742,79250800,0.743,43445300
sh513130,09:37:38,1764553060904,09:38:40,1764553060494,0.739,0.7388,0.0271,5613.49,0.9083,4.1022,0,0,0.739,1.016,0.738,90577800,0.737,103921800,0.736,102258100,0.735,74478200,0.734,42621200,0.739,35537800,0.74,87841600,0.741,77927300,0.742,79250800,0.743,43445300
sh513130,09:37:41,1764553061893,09:38:40,1764553060494,0.739,0.7388,0.0271,5613.49,0.9083,3.9194,400400,295895,0.739,0.988,0.738,91014400,0.737,104247900,0.736,102288100,0.735,76578300,0.734,42691200,0.739,62519100,0.74,84254900,0.741,78278200,0.742,64250800,0.743,31540200
sh513130,09:37:41,1764553062890,09:38:42,1764553062551,0.739,0.7388,0.0271,5612.92,0.9083,4.867,0,0,0.739,0.997,0.738,91014400,0.737,104247900,0.736,102288100,0.735,76578300,0.734,42691200,0.739,62519100,0.74,84254900,0.741,78278200,0.742,64250800,0.743,31540200
sh513130,09:37:41,1764553063898,09:38:42,1764553062551,0.739,0.7388,0.0271,5612.92,0.9083,4.3036,0,0,0.739,1.008,0.738,91014400,0.737,104247900,0.736,102288100,0.735,76578300,0.734,42691200,0.739,62519100,0.74,84254900,0.741,78278200,0.742,64250800,0.743,31540200
sh513130,09:37:41,1764553064898,09:38:44,1764553064468,0.739,0.7388,0.0271,5612.97,0.9083,3.7491,0,0,0.739,1.0,0.738,91014400,0.737,104247900,0.736,102288100,0.735,76578300,0.734,42691200,0.739,62519100,0.74,84254900,0.741,78278200,0.742,64250800,0.743,31540200
sh513130,09:37:44,1764553065901,09:38:44,1764553064468,0.739,0.7388,0.0271,5612.97,0.9083,3.7491,1155800,854132,0.739,1.003,0.738,91964400,0.737,104269800,0.736,102322200,0.735,74578300,0.734,42691200,0.739,71001100,0.74,80800400,0.741,78428100,0.742,64251000,0.743,31540200
sh513130,09:37:44,1764553066899,09:38:46,1764553066535,0.739,0.7388,0.0271,5613.65,0.9083,3.3001,0,0,0.739,0.999,0.738,91964400,0.737,104269800,0.736,102322200,0.735,74578300,0.734,42691200,0.739,71001100,0.74,80800400,0.741,78428100,0.742,64251000,0.743,31540200
sh513130,09:37:47,1764553067908,09:38:46,1764553066535,0.739,0.7388,0.0271,5613.65,0.9083,3.9356,107800,79645,0.7388,1.008,0.738,92388200,0.737,105003600,0.736,102343200,0.735,74387100,0.734,41567800,0.739,34388200,0.74,89212900,0.741,78501800,0.742,79251000,0.743,43507800
sh513130,09:37:47,1764553068913,09:38:48,1764553068570,0.739,0.7388,0.0271,5614.07,0.9083,3.3924,0,0,0.739,1.005,0.738,92388200,0.737,105003600,0.736,102343200,0.735,74387100,0.734,41567800,0.739,34388200,0.74,89212900,0.741,78501800,0.742,79251000,0.743,43507800
sh513130,09:37:47,1764553069914,09:38:48,1764553068570,0.739,0.7388,0.0271,5614.07,0.9083,4.7425,0,0,0.739,1.001,0.738,92388200,0.737,105003600,0.736,102343200,0.735,74387100,0.734,41567800,0.739,34388200,0.74,89212900,0.741,78501800,0.742,79251000,0.743,43507800
sh513130,09:37:47,1764553070911,09:38:50,1764553070725,0.739,0.7388,0.0271,5613.66,0.9083,4.7425,0,0,0.739,0.997,0.738,92388200,0.737,105003600,0.736,102343200,0.735,74387100,0.734,41567800,0.739,34388200,0.74,89212900,0.741,78501800,0.742,79251000,0.743,43507800
sh513130,09:37:50,1764553071924,09:38:50,1764553070725,0.739,0.7388,0.0271,5613.66,0.9083,4.5841,8753600,6468909,0.739,1.013,0.738,93563400,0.737,105083400,0.736,102337200,0.735,74380900,0.734,41554100,0.739,26529500,0.74,89350400,0.741,79765700,0.742,79271000,0.743,43510500
sh513130,09:37:50,1764553072912,09:38:52,1764553072872,0.739,0.7388,0.0271,5613.52,0.9083,2.7146,0,0,0.739,0.988,0.738,93563400,0.737,105083400,0.736,102337200,0.735,74380900,0.734,41554100,0.739,26529500,0.74,89350400,0.741,79765700,0.742,79271000,0.743,43510500
sh513130,09:37:53,1764553073920,09:38:52,1764553072872,0.739,0.7388,0.0271,5613.52,0.9083,2.0867,5042700,3726545,0.739,1.009,0.738,94670000,0.737,105032100,0.736,103101800,0.735,74380900,0.734,40554200,0.739,85863800,0.74,81117500,0.741,78770500,0.742,59271000,0.743,31522000
sh513130,09:37:50,1764553074918,09:38:54,1764553074548,0.739,0.7388,0.0271,5613.22,0.9083,2.0867,-5042700,-3726545,0.739,0.998,0.738,93563400,0.737,105083400,0.736,102337200,0.735,74380900,0.734,41554100,0.739,26529500,0.74,89350400,0.741,79765700,0.742,79271000,0.743,43510500
sh513130,09:37:53,1764553075936,09:38:54,1764553075030,0.739,0.7388,0.0271,5613.22,0.9083,3.9477,5042700,3726545,0.739,1.017,0.738,94670000,0.737,105032100,0.736,103101800,0.735,74380900,0.734,40554200,0.739,85863800,0.74,81117500,0.741,78770500,0.742,59271000,0.743,31522000
sh513130,09:37:56,1764553076922,09:38:56,1764553076490,0.738,0.7388,-0.1083,5613.3,0.9083,4.4487,650700,480865,0.739,0.986,0.738,83758200,0.737,103612100,0.736,103966100,0.735,74565700,0.734,52551800,0.739,85422300,0.74,82162300,0.741,79866600,0.742,58871000,0.743,31512700
sh513130,09:37:56,1764553077933,09:38:56,1764553077213,0.738,0.7388,-0.1083,5613.3,0.9083,3.6342,0,0,0.738,1.011,0.738,83758200,0.737,103612100,0.736,103966100,0.735,74565700,0.734,52551800,0.739,85422300,0.74,82162300,0.741,79866600,0.742,58871000,0.743,31512700
sh513130,09:37:56,1764553078929,09:38:58,1764553078482,0.738,0.7388,-0.1083,5612.93,0.9083,3.6342,0,0,0.738,0.997,0.738,83758200,0.737,103612100,0.736,103966100,0.735,74565700,0.734,52551800,0.739,85422300,0.74,82162300,0.741,79866600,0.742,58871000,0.743,31512700
sh513130,09:37:56,1764553079934,09:38:58,1764553079331,0.738,0.7388,-0.1083,5612.93,0.9083,2.4553,0,0,0.738,1.005,0.738,83758200,0.737,103612100,0.736,103966100,0.735,74565700,0.734,52551800,0.739,85422300,0.74,82162300,0.741,79866600,0.742,58871000,0.743,31512700
sh513130,09:37:59,1764553080936,09:39:00,1764553080492,0.739,0.7388,0.0271,5612.41,0.9083,2.4553,1104600,816199,0.7389,1.001,0.738,95801300,0.737,104613700,0.736,105396800,0.735,74609200,0.734,40488400,0.739,85390100,0.74,81210600,0.741,79911600,0.742,58874000,0.743,31562700
sh513130,09:37:59,1764553081936,09:39:00,1764553081582,0.739,0.7388,0.0271,5612.41,0.9083,2.1158,0,0,0.739,1.0,0.738,95801300,0.737,104613700,0.736,105396800,0.735,74609200,0.734,40488400,0.739,85390100,0.74,81210600,0.741,79911600,0.742,58874000,0.743,31562700
sh513130,09:38:02,1764553082934,09:39:02,1764553082535,0.739,0.7388,0.0271,5612.88,0.9083,5.0963,77300,57124,0.739,0.999,0.738,68642200,0.737,103647600,0.736,106298300,0.735,90330000,0.734,52489000,0.739,86626000,0.74,82210600,0.741,80123200,0.742,58901000,0.743,31682700
sh513130,09:38:02,1764553083950,09:39:02,1764553083776,0.739,0.7388,0.0271,5612.88,0.9083,3.774,0,0,0.739,1.015,0.738,68642200,0.737,103647600,0.736,106298300,0.735,90330000,0.734,52489000,0.739,86626000,0.74,82210600,0.741,80123200,0.742,58901000,0.743,31682700
sh513130,09:38:02,1764553084953,09:39:04,1764553084512,0.739,0.7388,0.0271,5612.48,0.9083,4.8338,0,0,0.739,1.003,0.738,68642200,0.737,103647600,0.736,106298300,0.735,90330000,0.734,52489000,0.739,86626000,0.74,82210600,0.741,80123200,0.742,58901000,0.743,31682700
sh513130,09:38:02,1764553085948,09:39:04,1764553085792,0.739,0.7388,0.0271,5612.48,0.9083,3.966,0,0,0.739,0.995,0.738,68642200,0.737,103647600,0.736,106298300,0.735,90330000,0.734,52489000,0.739,86626000,0.74,82210600,0.741,80123200,0.742,58901000,0.743,31682700
sh513130,09:38:05,1764553086954,09:39:06,1764553086451,0.738,0.7388,-0.1083,5612.68,0.9083,5.1476,1710100,1263140,0.7386,1.006,0.738,96219900,0.737,104755100,0.736,107353200,0.735,74972100,0.734,40491500,0.739,86799400,0.74,81079500,0.741,80356900,0.742,58901000,0.743,31746900
sh513130,09:38:05,1764553087948,09:39:06,1764553086451,0.738,0.7388,-0.1083,5612.68,0.9083,5.1476,0,0,0.738,0.993,0.738,96219900,0.737,104755100,0.736,107353200,0.735,74972100,0.734,40491500,0.739,86799400,0.74,81079500,0.741,80356900,0.742,58901000,0.743,31746900
sh513130,09:38:05,1764553088954,09:39:08,1764553088474,0.738,0.7388,-0.1083,5613.64,0.9083,3.6842,0,0,0.738,1.006,0.738,96219900,0.737,104755100,0.736,107353200,0.735,74972100,0.734,40491500,0.739,86799400,0.74,81079500,0.741,80356900,0.742,58901000,0.743,31746900
sh513130,09:38:08,1764553089955,09:39:08,1764553088474,0.738,0.7388,-0.1083,5613.64,0.9083,4.477,210500,155544,0.7389,1.001,0.738,96568000,0.737,104761100,0.736,108247300,0.735,75152500,0.734,40491500,0.739,86808400,0.74,80583500,0.741,80489500,0.742,59301000,0.743,31770200
sh513130,09:38:08,1764553090955,09:39:10,1764553090549,0.738,0.7388,-0.1083,5613.45,0.9083,4.8584,0,0,0.738,1.0,0.738,96568000,0.737,104761100,0.736,108247300,0.735,75152500,0.734,40491500,0.739,86808400,0.74,80583500,0.741,80489500,0.742,59301000,0.743,31770200
sh513130,09:38:08,1764553091957,09:39:10,1764553090549,0.738,0.7388,-0.1083,5613.45,0.9083,4.6531,0,0,0.738,1.002,0.738,96568000,0.737,104761100,0.736,108247300,0.735,75152500,0.734,40491500,0.739,86808400,0.74,80583500,0.741,80489500,0.742,59301000,0.743,31770200
sh513130,09:38:11,1764553092966,09:39:12,1764553092744,0.739,0.7388,0.0271,5613.92,0.9083,4.6531,9700,7163,0.7385,1.009,0.738,101221400,0.737,108741700,0.736,113150700,0.735,79165600,0.734,44489100,0.739,43468900,0.74,89051500,0.741,81421000,0.742,79320000,0.743,43777800
sh513130,09:38:11,1764553093964,09:39:12,1764553092744,0.739,0.7388,0.0271,5613.92,0.9083,5.2302,0,0,0.739,0.998,0.738,101221400,0.737,108741700,0.736,113150700,0.735,79165600,0.734,44489100,0.739,43468900,0.74,89051500,0.741,81421000,0.742,79320000,0.743,43777800
sh513130,09:38:11,1764553094977,09:39:14,1764553094494,0.739,0.7388,0.0271,5613.53,0.9083,4.9027,0,0,0.739,1.013,0.738,101221400,0.737,108741700,0.736,113150700,0.735,79165600,0.734,44489100,0.739,43468900,0.74,89051500,0.741,81421000,0.742,79320000,0.743,43777800
sh513130,09:38:14,1764553095970,09:39:14,1764553094494,0.739,0.7388,0.0271,5613.53,0.9083,5.2578,17700,13071,0.7385,0.992,0.738,102328000,0.737,108805700,0.736,107202500,0.735,78958000,0.734,44495000,0.739,49247000,0.74,79963300,0.741,81454200,0.742,74320000,0.743,43777800
sh513130,09:38:14,1764553096978,09:39:16,1764553096580,0.739,0.7388,0.0271,5612.71,0.9083,4.7025,0,0,0.739,1.008,0.738,102328000,0.737,108805700,0.736,107202500,0.735,78958000,0.734,44495000,0.739,49247000,0.74,79963300,0.741,81454200,0.742,74320000,0.743,43777800
sh513130,09:38:14,1764553097969,09:39:16,1764553096580,0.739,0.7388,0.0271,5612.71,0.9083,4.3157,0,0,0.739,0.991,0.738,102328000,0.737,108805700,0.736,107202500,0.735,78958000,0.734,44495000,0.739,49247000,0.74,79963300,0.741,81454200,0.742,74320000,0.743,43777800
sh513130,09:38:17,1764553098976,09:39:18,1764553098782,0.739,0.7388,0.0271,5613.42,0.9083,4.3157,345400,255250,0.739,1.007,0.738,104330100,0.737,108890200,0.736,107634000,0.735,78983000,0.734,44495000,0.739,40923900,0.74,80068900,0.741,81499200,0.742,79320000,0.743,43792800
sh513130,09:38:17,1764553099979,09:39:18,1764553098782,0.739,0.7388,0.0271,5613.42,0.9083,2.0709,0,0,0.739,1.003,0.738,104330100,0.737,108890200,0.736,107634000,0.735,78983000,0.734,44495000,0.739,40923900,0.74,80068900,0.741,81499200,0.742,79320000,0.743,43792800
sh513130,09:38:17,1764553100978,09:39:20,1764553100887,0.739,0.7388,0.0271,5613.75,0.9083,2.2758,0,0,0.739,0.999,0.738,104330100,0.737,108890200,0.736,107634000,0.735,78983000,0.734,44495000,0.739,40923900,0.74,80068900,0.741,81499200,0.742,79320000,0.743,43792800
sh513130,09:38:20,1764553101980,09:39:20,1764553100887,0.739,0.7388,0.0271,5613.75,0.9083,2.2758,28700,21209,0.739,1.001,0.738,105301200,0.737,108903000,0.736,107578000,0.735,79134400,0.734,44500000,0.739,37541900,0.74,80094600,0.741,82695200,0.742,79384600,0.743,43511900
sh513130,09:38:20,1764553102978,09:39:22,1764553102595,0.739,0.7388,0.0271,5616.96,0.9083,6.1894,0,0,0.739,0.998,0.738,105301200,0.737,108903000,0.736,107578000,0.735,79134400,0.734,44500000,0.739,37541900,0.74,80094600,0.741,82695200,0.742,79384600,0.743,43511900
sh513130,09:38:20,1764553103981,09:39:22,1764553103046,0.739,0.7388,0.0271,5616.96,0.9083,5.5875,0,0,0.739,1.003,0.738,105301200,0.737,108903000,0.736,107578000,0.735,79134400,0.734,44500000,0.739,37541900,0.74,80094600,0.741,82695200,0.742,79384600,0.743,43511900
sh513130,09:38:23,1764553104988,09:39:22,1764553103046,0.739,0.7395,-0.0676,5616.96,0.9083,4.1038,32582500,24078468,0.739,1.007,0.739,87830800,0.738,105559700,0.737,94173200,0.736,71222900,0.735,69165500,0.74,81045300,0.741,83543500,0.742,79384600,0.743,43532900,0.744,28934300
sh513130,09:38:23,1764553105994,09:39:24,1764553105508,0.739,0.7395,-0.0676,5618.1,0.9083,4.9192,0,0,0.739,1.006,0.739,87830800,0.738,105559700,0.737,94173200,0.736,71222900,0.735,69165500,0.74,81045300,0.741,83543500,0.742,79384600,0.743,43532900,0.744,28934300
sh513130,09:38:26,1764553106990,09:39:26,1764553106502,0.739,0.7395,-0.0676,5618.67,0.9083,4.9192,397700,293900,0.739,0.996,0.739,70031000,0.738,106790300,0.737,94205200,0.736,87873200,0.735,80103300,0.74,81175500,0.741,84401700,0.742,79384600,0.743,43532900,0.744,28969900
sh513130,09:38:26,1764553107989,09:39:26,1764553107360,0.739,0.7395,-0.0676,5618.67,0.9083,3.6503,0,0,0.739,0.999,0.739,70031000,0.738,106790300,0.737,94205200,0.736,87873200,0.735,80103300,0.74,81175500,0.741,84401700,0.742,79384600,0.743,43532900,0.744,28969900
sh513130,09:38:26,1764553108998,09:39:28,1764553108468,0.739,0.7395,-0.0676,5616.85,0.9083,3.1403,0,0,0.739,1.009,0.739,70031000,0.738,106790300,0.737,94205200,0.736,87873200,0.735,80103300,0.74,81175500,0.741,84401700,0.742,79384600,0.743,43532900,0.744,28969900
sh513130,09:38:26,1764553110015,09:39:28,1764553109513,0.739,0.7395,-0.0676,5616.85,0.9083,2.7423,0,0,0.739,1.017,0.739,70031000,0.738,106790300,0.737,94205200,0.736,87873200,0.735,80103300,0.74,81175500,0.741,84401700,0.742,79384600,0.743,43532900,0.744,28969900
sh513130,09:38:29,1764553111008,09:39:30,1764553110517,0.739,0.7395,-0.0676,5616.8,0.9083,2.7026,29363400,21699553,0.739,0.993,0.738,105904500,0.737,96156200,0.736,93659200,0.735,79102300,0.734,44473000,0.739,19466300,0.74,82082600,0.741,86261900,0.742,79384600,0.743,43562900
sh513130,09:38:29,1764553112016,09:39:30,1764553111791,0.739,0.7395,-0.0676,5616.8,0.9083,1.9271,0,0,0.739,1.008,0.738,105904500,0.737,96156200,0.736,93659200,0.735,79102300,0.734,44473000,0.739,19466300,0.74,82082600,0.741,86261900,0.742,79384600,0.743,43562900
sh513130,09:38:29,1764553113007,09:39:32,1764553112474,0.739,0.7395,-0.0676,5614.28,0.9083,0.1046,0,0,0.739,0.991,0.738,105904500,0.737,96156200,0.736,93659200,0.735,79102300,0.734,44473000,0.739,19466300,0.74,82082600,0.741,86261900,0.742,79384600,0.743,43562900
sh513130,09:38:32,1764553114018,09:39:32,1764553113846,0.739,0.7395,-0.0676,5614.28,0.9083,1.4363,395900,292570,0.739,1.012,0.738,106538700,0.737,96157200,0.736,93680900,0.735,79179700,0.734,44483000,0.739,57163600,0.74,83108000,0.741,87289500,0.742,59084600,0.743,31665500
sh513130,09:38:32,1764553115014,09:39:34,1764553114477,0.739,0.7395,-0.0676,5613.84,0.9083,2.4779,0,0,0.739,0.995,0.738,106538700,0.737,96157200,0.736,93680900,0.735,79179700,0.734,44483000,0.739,57163600,0.74,83108000,0.741,87289500,0.742,59084600,0.743,31665500
sh513130,09:38:32,1764553116015,09:39:34,1764553115996,0.739,0.7395,-0.0676,5613.84,0.9083,2.4779,0,0,0.739,1.001,0.738,106538700,0.737,96157200,0.736,93680900,0.735,79179700,0.734,44483000,0.739,57163600,0.74,83108000,0.741,87289500,0.742,59084600,0.743,31665500
sh513130,09:38:35,1764553117015,09:39:36,1764553116520,0.739,0.7395,-0.0676,5613.36,0.9083,4.5188,152000,112328,0.739,1.001,0.738,88432700,0.737,95215800,0.736,94620900,0.735,79285100,0.734,56480600,0.739,67746500,0.74,76658400,0.741,86324400,0.742,59084600,0.743,31665500
sh513130,09:38:35,1764553118013,09:39:36,1764553116520,0.739,0.7395,-0.0676,5613.36,0.9083,3.7238,0,0,0.739,0.997,0.738,88432700,0.737,95215800,0.736,94620900,0.735,79285100,0.734,56480600,0.739,67746500,0.74,76658400,0.741,86324400,0.742,59084600,0.743,31665500
sh513130,09:38:35,1764553119021,09:39:38,1764553118490,0.739,0.7395,-0.0676,5613.61,0.9083,3.4236,0,0,0.739,1.009,0.738,88432700,0.737,95215800,0.736,94620900,0.735,79285100,0.734,56480600,0.739,67746500,0.74,76658400,0.741,86324400,0.742,59084600,0.743,31665500
sh513130,09:38:38,1764553120024,09:39:38,1764553118490,0.739,0.7395,-0.0676,5613.61,0.9083,4.2281,336900,248763,0.7384,1.003,0.738,88818800,0.737,95219900,0.736,94764700,0.735,79261800,0.734,44485000,0.739,68103300,0.74,75720400,0.741,86364600,0.742,59134600,0.743,31665500
sh513130,09:38:38,1764553121023,09:39:40,1764553120553,0.739,0.7395,-0.0676,5614.66,0.9083,3.68,0,0,0.739,0.999,0.738,88818800,0.737,95219900,0.736,94764700,0.735,79261800,0.734,44485000,0.739,68103300,0.74,75720400,0.741,86364600,0.742,59134600,0.743,31665500
sh513130,09:38:41,1764553122028,09:39:40,1764553120553,0.739,0.7388,0.0271,5614.66,0.9083,3.3727,28500,21062,0.739,1.006,0.738,101766500,0.737,97224000,0.736,93778700,0.735,78940600,0.734,44513300,0.739,68456600,0.74,76836800,0.741,86364600,0.742,59134600,0.743,31665500
sh513130,09:38:41,1764553123028,09:39:42,1764553122498,0.739,0.7388,0.0271,5614.64,0.9083,3.3727,0,0,0.739,0.999,0.738,101766500,0.737,97224000,0.736,93778700,0.735,78940600,0.734,44513300,0.739,68456600,0.74,76836800,0.741,86364600,0.742,59134600,0.743,31665500
sh513130,09:38:41,1764553124039,09:39:42,1764553122498,0.739,0.7388,0.0271,5614.64,0.9083,3.7137,0,0,0.739,1.011,0.738,101766500,0.737,97224000,0.736,93778700,0.735,78940600,0.734,44513300,0.739,68456600,0.74,76836800,0.741,86364600,0.742,59134600,0.743,31665500
sh513130,09:38:41,1764553125032,09:39:44,1764553124614,0.739,0.7388,0.0271,5615.06,0.9083,4.0164,0,0,0.739,0.993,0.738,101766500,0.737,97224000,0.736,93778700,0.735,78940600,0.734,44513300,0.739,68456600,0.74,76836800,0.741,86364600,0.742,59134600,0.743,31665500
sh513130,09:38:44,1764553126033,09:39:44,1764553124614,0.738,0.7388,-0.1083,5615.06,0.9083,4.6196,453900,335428,0.739,1.001,0.738,102804800,0.737,99645300,0.736,93782700,0.735,78927400,0.734,44518300,0.739,21810800,0.74,86542900,0.741,87692500,0.742,78680100,0.743,43663100
sh513130,09:38:44,1764553127034,09:39:46,1764553126761,0.738,0.7388,-0.1083,5615.24,0.9083,4.6196,0,0,0.738,1.001,0.738,102804800,0.737,99645300,0.736,93782700,0.735,78927400,0.734,44518300,0.739,21810800,0.74,86542900,0.741,87692500,0.742,78680100,0.743,43663100
