symbol,tx_server_time,tx_local_time,index_price,fx_rate,sentiment,price,iopv,premium_rate,tick_vol,tick_amt,tick_vwap,bp1,bv1,bp2,bv2,bp3,bv3,bp4,bv4,bp5,bv5,sp1,sv1,sp2,sv2,sp3,sv3,sp4,sv4,sp5,sv5,idx_delay_ms,fut_delay_ms,data_flags
sh513130,14:00:44,1767938448271,,0.8959,1.7834,0.74,0.7375,0.339,0,0,0.74,0.739,81015100,0.738,96254900,0.737,150765900,0.736,102830700,0.735,84139200,0.740,114838100,0.741,90644300,0.742,88873700,0.743,71577700,0.744,76929700,99999,99999,1
sh513130,14:00:48,1767938449251,,0.8959,2.5386,0.739,0.7375,0.2034,241300,178552,0.74,0.739,81292000,0.738,96295200,0.737,150366600,0.736,102779300,0.735,84090900,0.740,111783100,0.741,90671700,0.742,88874400,0.743,71567700,0.744,76947600,99999,99999,0
sh513130,14:00:50,1767938453256,5688.91,0.8959,2.7735,0.74,0.7375,0.339,6300,4656,0.739,0.739,81329300,0.738,95759700,0.737,150356600,0.736,102761300,0.735,84090900,0.740,112017700,0.741,90464500,0.742,88873000,0.743,71567700,0.744,76947600,746,99999,0
sh513130,14:00:53,1767938456251,5689.22,0.8959,3.9886,0.739,0.7375,0.2034,125600,92909,0.7397,0.739,81576200,0.738,96400100,0.737,150353100,0.736,101717600,0.735,84042900,0.740,112552100,0.741,90445500,0.742,88873000,0.743,71590900,0.744,76947600,1554,99999,0
sh513130,14:00:56,1767938458243,5689.93,0.8959,3.3272,0.74,0.7375,0.339,1128600,835078,0.7399,0.739,82766100,0.738,96476300,0.737,150352100,0.736,102682500,0.735,84000400,0.740,110933300,0.741,90545500,0.742,88903200,0.743,71990900,0.744,76947600,1368,99999,0
sh513130,14:01:00,1767938462296,5690.38,0.8959,3.1874,0.74,0.7374,0.3526,117600,86990,0.7397,0.739,82908000,0.738,97501400,0.737,150541500,0.736,102682500,0.735,84000300,0.740,118455100,0.741,82573700,0.742,88862400,0.743,72631200,0.744,80500800,1037,99999,0
sh513130,14:01:03,1767938466249,5690.06,0.8959,4.6415,0.74,0.7381,0.2574,47200,34928,0.74,0.739,83462800,0.738,97433200,0.737,150483900,0.736,101690500,0.735,83970700,0.740,119220500,0.741,82573700,0.742,88662400,0.743,72161200,0.744,80999400,593,99999,0
sh513130,14:01:05,1767938468248,5689.08,0.8959,4.7313,0.739,0.7381,0.1219,156400,115685,0.7397,0.739,83460800,0.738,97538200,0.737,150783900,0.736,102671800,0.735,83970800,0.740,119203500,0.741,82074200,0.742,88662400,0.743,72161200,0.744,81199400,388,99999,0
sh513130,14:01:08,1767938470259,5689.34,0.8959,4.3215,0.74,0.7381,0.2574,147200,108928,0.74,0.739,83628100,0.738,97643700,0.737,150348900,0.736,102651800,0.735,83874800,0.740,119153800,0.741,82088200,0.742,88652400,0.743,72161200,0.744,81199400,209,99999,0
sh513130,14:01:11,1767938473263,5689.27,0.8959,2.8273,0.74,0.7381,0.2574,241500,178630,0.7397,0.739,83672700,0.738,97890400,0.737,150221800,0.736,102624100,0.735,83876800,0.740,118995600,0.741,82193600,0.742,88652400,0.743,72176200,0.744,81199400,896,99999,0
sh513130,14:01:14,1767938477262,5687.97,0.8959,1.7551,0.74,0.7381,0.2574,152300,112675,0.7398,0.739,80504900,0.738,97672000,0.737,150164300,0.736,104603900,0.735,83606800,0.740,118961600,0.741,82091500,0.742,88656400,0.743,72187900,0.744,81199400,654,99999,0
sh513130,14:01:17,1767938480275,5688.16,0.8959,1.7717,0.739,0.7381,0.1219,33400,24707,0.7397,0.739,63275100,0.738,97534300,0.737,151857500,0.736,104546900,0.735,83616700,0.740,111005200,0.741,90099500,0.742,88126400,0.743,72337900,0.744,81199400,1480,99999,0
sh513130,14:01:20,1767938483273,5688.58,0.8959,2.6638,0.74,0.7381,0.2574,275300,203722,0.74,0.739,50168600,0.738,97631300,0.737,151857500,0.736,104546900,0.735,83510700,0.740,111090100,0.741,90039500,0.742,88219600,0.743,72337900,0.744,81216100,107,99999,0
sh513130,14:01:23,1767938485267,5687.9,0.8959,2.305,0.739,0.7374,0.217,36400,26900,0.739,0.739,49504500,0.738,99401300,0.737,151732500,0.736,104546900,0.735,83510700,0.740,111080100,0.741,90090800,0.742,88221800,0.743,72606800,0.744,81350100,900,99999,0
sh513130,14:01:26,1767938488620,5688.11,0.8959,2.1227,0.739,0.7374,0.217,239500,177060,0.7393,0.739,41603900,0.738,100110400,0.737,151734500,0.736,104154600,0.735,83534700,0.740,119251800,0.741,82899800,0.742,88321800,0.743,72606800,0.744,81350100,97,99999,0
sh513130,14:01:23,1767938489360,5688.11,0.8959,2.0093,0.739,0.7374,0.217,0,0,0.739,0.739,49504500,0.738,99401300,0.737,151732500,0.736,104546900,0.735,83510700,0.740,111080100,0.741,90090800,0.742,88221800,0.743,72606800,0.744,81350100,747,99999,2
sh513130,14:01:26,1767938490341,5687.48,0.8959,1.3768,0.739,0.7374,0.217,0,0,0.739,0.739,41603900,0.738,100110400,0.737,151734500,0.736,104154600,0.735,83534700,0.740,119251800,0.741,82899800,0.742,88321800,0.743,72606800,0.744,81350100,33,99999,0
sh513130,14:01:29,1767938491348,5687.48,0.8959,1.396,0.739,0.7381,0.1219,125300,92711,0.7399,0.739,72710000,0.738,100636500,0.737,151744500,0.736,104104600,0.735,83584700,0.740,119518300,0.741,81992600,0.742,88300800,0.743,72606800,0.744,81350100,973,99999,0
sh513130,14:01:32,1767938495357,5688.19,0.8959,1.7209,0.74,0.7381,0.2574,4700,3478,0.74,0.739,76463300,0.738,101892500,0.737,150623500,0.736,104162700,0.735,83584800,0.740,119447000,0.741,90065400,0.742,88250800,0.743,72606800,0.744,81350100,987,99999,0
sh513130,14:01:35,1767938498367,5689.04,0.8959,4.0624,0.74,0.7381,0.2574,49000,36260,0.74,0.739,80823300,0.738,101330700,0.737,147754300,0.736,104142700,0.735,83584700,0.740,111598900,0.741,90094100,0.742,87935000,0.743,72576800,0.744,81352100,62,99999,0
sh513130,14:01:38,1767938500365,5689.56,0.8959,3.785,0.74,0.7374,0.3526,18700,13829,0.7395,0.739,83736000,0.738,101565100,0.737,147754300,0.736,102138200,0.735,83584700,0.740,111671400,0.741,90403900,0.742,87935000,0.743,72556800,0.744,81352100,45,99999,0
sh513130,14:01:41,1767938503369,5689.95,0.8959,5.6604,0.739,0.7374,0.217,13100,9681,0.739,0.739,84924600,0.738,101583000,0.737,147822000,0.736,102720100,0.735,83584800,0.740,119287300,0.741,82413900,0.742,88305000,0.743,72558800,0.744,81352100,522,99999,0
sh513130,14:01:44,1767938506366,5690.78,0.8959,5.0692,0.739,0.7374,0.217,0,0,0.739,0.739,85110700,0.738,101477000,0.737,147802000,0.736,102720100,0.735,83584700,0.740,119393800,0.741,82474900,0.742,88230000,0.743,73958800,0.744,81352100,32,99999,0
sh513130,14:01:47,1767938510381,5690.85,0.8959,5.3239,0.74,0.7381,0.2574,1001500,741110,0.74,0.739,85185200,0.738,100845600,0.737,147767800,0.736,102661100,0.735,83584700,0.740,118274000,0.741,82503800,0.742,88230000,0.743,73958800,0.744,81352100,31,99999,0
sh513130,14:01:51,1767938513377,5691.62,0.8959,7.1939,0.74,0.7381,0.2574,0,0,0.74,0.739,86364200,0.738,100877600,0.737,147258900,0.736,102659200,0.735,83584700,0.740,89650900,0.741,98246400,0.742,97218400,0.743,73908800,0.744,81337100,1004,99999,0
sh513130,14:01:53,1767938515406,5691.65,0.8959,6.8819,0.739,0.7381,0.1219,188500,139427,0.7397,0.739,86516100,0.738,100937600,0.737,147238000,0.736,102728200,0.735,83584700,0.740,109855500,0.741,89966200,0.742,88345100,0.743,73848800,0.744,81337100,962,99999,0
sh513130,14:01:56,1767938518382,5691.34,0.8959,4.5793,0.74,0.7381,0.2574,118000,87263,0.7395,0.739,86087100,0.738,101259700,0.737,147208000,0.736,101705200,0.735,83599100,0.740,109831400,0.741,90066200,0.742,88394300,0.743,73853800,0.744,81337100,69,99999,0
sh513130,14:01:59,1767938522411,5689.77,0.8959,3.1939,0.74,0.7381,0.2574,81100,60006,0.7399,0.739,86159600,0.738,100764700,0.737,147701100,0.736,101395200,0.735,83599100,0.740,109484000,0.741,90131900,0.742,88424400,0.743,73453800,0.744,81337100,16,99999,0
sh513130,14:02:03,1767938526389,5689.55,0.8959,2.9959,0.74,0.7381,0.2574,27800,20572,0.74,0.739,83225700,0.738,100831900,0.737,147663100,0.736,104400200,0.735,83599100,0.740,110481200,0.741,90256800,0.742,88124400,0.743,73453800,0.744,81337100,58,99999,0
sh513130,14:02:05,1767938527406,5689.55,0.8959,3.2321,0.74,0.7381,0.2574,65700,48618,0.74,0.739,55612800,0.738,103266100,0.737,147748400,0.736,104404300,0.735,83596200,0.740,110042300,0.741,90570600,0.742,88124400,0.743,73453800,0.744,81337100,467,99999,0
sh513130,14:02:08,1767938530397,5689.58,0.8959,3.1532,0.74,0.7381,0.2574,276800,204682,0.7395,0.739,81658400,0.738,103271000,0.737,148598400,0.736,104395300,0.735,83596200,0.740,110728400,0.741,90570600,0.742,88548400,0.743,73483300,0.744,81337100,42,99999,0
sh513130,14:02:11,1767938533423,5689.44,0.8959,2.3229,0.739,0.7381,0.1219,65000,48073,0.7396,0.739,85100700,0.738,103265100,0.737,147536400,0.736,102281600,0.735,83581200,0.740,110873200,0.741,90637600,0.742,88550900,0.743,73523300,0.744,81337100,1039,99999,0
sh513130,14:02:14,1767938536395,5689.21,0.8959,1.4692,0.739,0.7381,0.1219,128000,94592,0.739,0.739,82916900,0.738,107406800,0.737,147515200,0.736,104279600,0.735,83572400,0.740,110889700,0.741,90670500,0.742,88595900,0.743,73523300,0.744,81308500,27,99999,0
sh513130,14:02:17,1767938539405,5689.02,0.8959,1.746,0.74,0.7381,0.2574,9700,7178,0.74,0.739,83142900,0.738,107576800,0.737,147455400,0.736,104279600,0.735,83567400,0.740,110873500,0.741,90640500,0.742,88525900,0.743,73523300,0.744,81323500,1013,99999,0
sh513130,14:02:20,1767938542398,5688.77,0.8959,1.4079,0.74,0.7381,0.2574,1118900,827977,0.74,0.739,86154700,0.738,107586900,0.737,147171200,0.736,102279600,0.735,83567400,0.740,109815400,0.741,90777400,0.742,88500900,0.743,73482400,0.744,81343500,29,99999,0
sh513130,14:02:23,1767938545406,5688.93,0.8959,1.4445,0.74,0.7381,0.2574,33500,24786,0.7399,0.739,86494700,0.738,107650800,0.737,146872100,0.736,101289600,0.735,83567400,0.740,109843900,0.741,90787400,0.742,88470900,0.743,73512400,0.744,81363500,988,99999,0
sh513130,14:02:26,1767938548445,5689.12,0.8959,1.4259,0.739,0.7381,0.1219,199300,147288,0.739,0.739,86437000,0.738,107664600,0.737,146745500,0.736,101222100,0.735,83567400,0.740,110038900,0.741,90957400,0.742,88450900,0.743,73512400,0.744,81363500,69,99999,0
sh513130,14:02:29,1767938551406,5689.05,0.8959,2.4886,0.74,0.7381,0.2574,19200,14207,0.7399,0.739,86435700,0.738,107708000,0.737,146677200,0.736,101712900,0.735,83567400,0.740,110068600,0.741,91005000,0.742,88480900,0.743,73512400,0.744,81363500,408,99999,0
sh513130,14:02:32,1767938554425,5688.99,0.8959,2.0533,0.74,0.7381,0.2574,42400,31371,0.7399,0.739,83477500,0.738,108404900,0.737,146639800,0.736,104712900,0.735,83562400,0.740,110063200,0.741,91111700,0.742,88550600,0.743,73512400,0.744,81364500,27,99999,0
sh513130,14:02:35,1767938557422,5689.86,0.8959,2.11,0.74,0.7381,0.2574,886400,655936,0.74,0.739,86476300,0.738,108410400,0.737,146933200,0.736,102935700,0.735,83542400,0.740,109592700,0.741,91091700,0.742,88350600,0.743,73399600,0.744,81314500,1066,99999,0
sh513130,14:02:38,1767938560426,5689.22,0.8959,1.7273,0.739,0.7381,0.1219,180000,133110,0.7395,0.739,86570300,0.738,108418100,0.737,146946200,0.736,102935700,0.735,83542400,0.740,109522900,0.741,91141800,0.742,88363600,0.743,73399600,0.744,81314500,52,99999,0
sh513130,14:02:41,1767938563428,5689.29,0.8959,1.0796,0.74,0.7381,0.2574,3100,2294,0.74,0.739,86580300,0.738,108418100,0.737,144971200,0.736,103402200,0.735,83542400,0.740,109714200,0.741,92161800,0.742,88413600,0.743,73399600,0.744,81314500,1078,99999,0
sh513130,14:02:45,1767938567426,5689.4,0.8959,1.4968,0.739,0.7381,0.1219,131700,97446,0.7399,0.739,86639900,0.738,108440000,0.737,144323200,0.736,103432300,0.735,83542400,0.740,109649300,0.741,91784300,0.742,88413600,0.743,73372800,0.744,81404500,1046,99999,0
sh513130,14:02:47,1767938569447,5689.61,0.8959,4.0616,0.74,0.7381,0.2574,48300,35726,0.7397,0.739,86667700,0.738,108553000,0.737,144317800,0.736,102433700,0.735,83542400,0.740,109738200,0.741,91784800,0.742,88472800,0.743,73372800,0.744,81304900,938,99999,0
sh513130,14:02:50,1767938572454,5689.33,0.8959,5.5568,0.74,0.7381,0.2574,51000,37740,0.74,0.739,86984300,0.738,108522100,0.737,144277800,0.736,102411600,0.735,83542400,0.740,109651700,0.741,91827000,0.742,88379000,0.743,73371800,0.744,81304900,79,99999,0
sh513130,14:02:53,1767938575438,5689.43,0.8959,4.3934,0.74,0.7381,0.2574,879700,650978,0.74,0.739,83186400,0.738,108486600,0.737,145267800,0.736,105411500,0.735,83542500,0.740,117655400,0.741,83666400,0.742,88359500,0.743,73371800,0.744,81304900,365,99999,0
sh513130,14:02:56,1767938577439,5689.7,0.8959,3.7292,0.74,0.7381,0.2574,9700,7178,0.74,0.739,84176600,0.738,108486600,0.737,144276900,0.736,105414500,0.735,83542500,0.740,117852900,0.741,83749600,0.742,88386300,0.743,73371800,0.744,80674900,171,99999,0
sh513130,14:02:53,1767938578444,5688.73,0.8959,4.0782,0.74,0.7381,0.2574,0,0,0.74,0.739,83186400,0.738,108486600,0.737,145267800,0.736,105411500,0.735,83542500,0.740,117655400,0.741,83666400,0.742,88359500,0.743,73371800,0.744,81304900,34,99999,2
sh513130,14:02:56,1767938579438,5688.73,0.8959,4.5874,0.74,0.7381,0.2574,0,0,0.74,0.739,84176600,0.738,108486600,0.737,144276900,0.736,105414500,0.735,83542500,0.740,117852900,0.741,83749600,0.742,88386300,0.743,73371800,0.744,80674900,1030,99999,0
sh513130,14:02:59,1767938581449,5689.45,0.8959,6.258,0.739,0.7374,0.217,299700,221673,0.7396,0.739,84567600,0.738,108585400,0.737,144257500,0.736,105364500,0.735,83542500,0.740,117728700,0.741,83749600,0.742,88386300,0.743,60691800,0.744,80674900,1060,99999,0
sh513130,14:03:02,1767938585447,5689.45,0.8959,5.3313,0.74,0.7381,0.2574,6900,5106,0.74,0.739,87821900,0.738,109027700,0.737,144149500,0.736,103374500,0.735,83542400,0.740,117918300,0.741,83759600,0.742,88398300,0.743,60691800,0.744,80674900,1058,99999,0
sh513130,14:03:05,1767938587446,5689.24,0.8959,4.9621,0.74,0.7381,0.2574,42200,31218,0.7398,0.739,88093700,0.738,109030100,0.737,144144400,0.736,103364300,0.735,83542500,0.740,117907100,0.741,83854300,0.742,88389900,0.743,60992100,0.744,80674900,1082,99999,0
sh513130,14:03:09,1767938590447,5689.38,0.8959,2.6717,0.739,0.7381,0.1219,1177600,870421,0.7391,0.739,87949600,0.738,109052300,0.737,144167900,0.736,102842500,0.735,83512500,0.740,117783900,0.741,83864300,0.742,88861400,0.743,60892100,0.744,80674900,16,99999,0
sh513130,14:03:11,1767938593462,5689.65,0.8959,5.4847,0.74,0.7381,0.2574,42500,31412,0.7391,0.739,88033800,0.738,109957600,0.737,144167900,0.736,102823500,0.735,83512500,0.740,117832500,0.741,83924800,0.742,88816900,0.743,60892100,0.744,80674900,840,99999,0
sh513130,14:03:14,1767938596463,5688.89,0.8959,4.5097,0.74,0.7381,0.2574,1055800,780279,0.739,0.739,86472700,0.738,109948600,0.737,145894100,0.736,102623500,0.735,83513500,0.740,117530300,0.741,83958700,0.742,89166300,0.743,60889100,0.744,80574900,91,99999,0
sh513130,14:03:17,1767938599472,5689.0,0.8959,2.6093,0.74,0.7381,0.2574,37100,27445,0.7398,0.739,86785600,0.738,110062200,0.737,145866100,0.736,101673500,0.735,83503500,0.740,117571600,0.741,84158700,0.742,89167200,0.743,60952300,0.744,80584900,286,99999,0
sh513130,14:03:20,1767938602466,5689.62,0.8959,2.4496,0.739,0.7381,0.1219,70000,51730,0.739,0.739,86727500,0.738,110218800,0.737,145808200,0.736,102644000,0.735,83493500,0.740,116617600,0.741,84159200,0.742,89167200,0.743,60952300,0.744,80584900,101,99999,0
sh513130,14:03:23,1767938606476,5690.7,0.8959,3.0874,0.74,0.7381,0.2574,137900,102046,0.74,0.739,87046800,0.738,110193800,0.737,145729200,0.736,102644000,0.735,83449500,0.740,116087600,0.741,84159200,0.742,89467200,0.743,61413800,0.744,80598400,108,99999,0
sh513130,14:03:26,1767938609495,5690.68,0.8959,3.6528,0.74,0.7381,0.2574,331400,245235,0.74,0.739,87071300,0.738,111170800,0.737,145729200,0.736,102701600,0.735,83218500,0.740,115772700,0.741,83837300,0.742,89470200,0.743,61513800,0.744,80604400,1096,99999,0
sh513130,14:03:30,1767938612476,5690.17,0.8959,3.5742,0.74,0.7381,0.2574,0,0,0.74,0.739,88084000,0.738,111179700,0.737,144759200,0.736,102393600,0.735,83258500,0.740,115866100,0.741,84742900,0.742,89460200,0.743,61513800,0.744,80609500,76,99999,0
sh513130,14:03:32,1767938614487,5690.66,0.8959,3.3367,0.74,0.7381,0.2574,106900,79077,0.7397,0.739,89145900,0.738,111110800,0.737,145749200,0.736,102427400,0.735,83405500,0.740,115838600,0.741,84737900,0.742,89460200,0.743,61487800,0.744,80610400,106,99999,0
sh513130,14:03:35,1767938618486,5691.41,0.8959,2.2655,0.739,0.7381,0.1219,29700,21976,0.7399,0.739,91079500,0.738,111112700,0.737,145652400,0.736,102427400,0.735,83405500,0.740,115829400,0.741,84717900,0.742,89462200,0.743,61907800,0.744,80617300,116,99999,0
sh513130,14:03:38,1767938620529,5690.73,0.8959,2.3806,0.74,0.7381,0.2574,128300,94942,0.74,0.739,92291200,0.738,110959900,0.737,144868400,0.736,102299400,0.735,83375500,0.740,115784200,0.741,84708000,0.742,89362200,0.743,61907800,0.744,80617300,144,99999,0
sh513130,14:03:41,1767938623502,5691.28,0.8959,2.5997,0.74,0.7381,0.2574,74200,54908,0.74,0.739,92393200,0.738,110962800,0.737,145468400,0.736,102285200,0.735,83375500,0.740,115865700,0.741,84625600,0.742,89387200,0.743,62451800,0.744,80729300,275,99999,0
sh513130,14:03:44,1767938626514,5691.84,0.8959,2.116,0.739,0.7381,0.1219,1067200,789689,0.74,0.739,92410800,0.738,110955300,0.737,145467300,0.736,102285200,0.735,83375500,0.740,114914700,0.741,84530500,0.742,89387200,0.743,62451800,0.744,80729300,125,99999,0
sh513130,14:03:47,1767938629514,5692.27,0.8959,2.2819,0.74,0.7381,0.2574,260500,192770,0.74,0.739,92582400,0.738,111291800,0.737,145626800,0.736,102092100,0.735,83370300,0.740,114664300,0.741,84518400,0.742,89396300,0.743,62451800,0.744,80729300,1101,99999,0
sh513130,14:03:50,1767938632507,5691.63,0.8959,2.1115,0.739,0.7381,0.1219,41200,30488,0.74,0.739,92592300,0.738,111386100,0.737,145573600,0.736,102087100,0.735,83230300,0.740,110743200,0.741,84579400,0.742,89399800,0.743,62451800,0.744,80742800,152,99999,0
sh513130,14:03:53,1767938635516,5692.05,0.8959,3.5008,0.74,0.7381,0.2574,62300,46102,0.74,0.739,94072500,0.738,111492100,0.737,145464600,0.736,102357600,0.735,83230300,0.740,110899500,0.741,84578400,0.742,89406800,0.743,62451800,0.744,80742800,1161,99999,0
sh513130,14:03:56,1767938638524,5690.85,0.8959,4.6391,0.74,0.7381,0.2574,12900,9546,0.74,0.739,93968200,0.738,110710800,0.737,145468600,0.736,102358600,0.735,83230300,0.740,110244400,0.741,84548400,0.742,89092200,0.743,62451800,0.744,80762800,178,99999,0
sh513130,14:03:59,1767938640525,5691.61,0.8959,3.8959,0.739,0.7381,0.1219,754400,557561,0.7391,0.739,93511000,0.738,110727400,0.737,145510700,0.736,102258600,0.735,83227300,0.740,114832800,0.741,84548400,0.742,89305500,0.743,62451800,0.744,80768900,154,99999,0
sh513130,14:04:02,1767938644525,5691.65,0.8959,5.596,0.739,0.7381,0.1219,213400,157906,0.74,0.739,94639300,0.738,110835300,0.737,145464700,0.736,102312600,0.735,83225300,0.740,110629400,0.741,84741800,0.742,89295400,0.743,62451800,0.744,80555600,145,99999,0
sh513130,14:04:05,1767938647526,5691.52,0.8959,4.9284,0.739,0.7381,0.1219,28100,20766,0.739,0.739,95298100,0.738,110576900,0.737,145377700,0.736,102312600,0.735,83225300,0.740,94031200,0.741,95623900,0.742,99329400,0.743,62451800,0.744,80555800,234,99999,0
sh513130,14:04:08,1767938649526,5691.52,0.8959,4.3495,0.739,0.7381,0.1219,29000,21447,0.7396,0.739,96430300,0.738,110571900,0.737,145374200,0.736,102302600,0.735,83215300,0.740,90022000,0.741,95623900,0.742,99329400,0.743,62451800,0.744,80555800,38,99999,0
sh513130,14:04:05,1767938650525,5692.02,0.8959,3.4465,0.739,0.7381,0.1219,0,0,0.739,0.739,95298100,0.738,110576900,0.737,145377700,0.736,102312600,0.735,83225300,0.740,94031200,0.741,95623900,0.742,99329400,0.743,62451800,0.744,80555800,157,99999,2
sh513130,14:04:08,1767938651539,5692.02,0.8959,5.7531,0.739,0.7381,0.1219,0,0,0.739,0.739,96430300,0.738,110571900,0.737,145374200,0.736,102302600,0.735,83215300,0.740,90022000,0.741,95623900,0.742,99329400,0.743,62451800,0.744,80555800,1171,99999,0
sh513130,14:04:11,1767938654533,5692.8,0.8959,5.3834,0.74,0.7381,0.2574,354900,262368,0.7393,0.739,95329200,0.738,110671900,0.737,145370500,0.736,102214600,0.735,78217800,0.740,87839300,0.741,95353700,0.742,99304500,0.743,62451800,0.744,80474300,106,99999,0
sh513130,14:04:14,1767938656543,5692.74,0.8959,5.0894,0.74,0.7381,0.2574,156900,116106,0.74,0.739,95601300,0.738,110671900,0.737,145438600,0.736,102195300,0.735,78217800,0.740,104622800,0.741,87682500,0.742,90467700,0.743,62461800,0.744,80324300,134,99999,0
sh513130,14:04:18,1767938659543,5692.56,0.8959,5.2139,0.74,0.7381,0.2574,134300,99332,0.7396,0.739,95588100,0.738,110667900,0.737,145513600,0.736,102191700,0.735,78267800,0.740,104559100,0.741,87682500,0.742,90625000,0.743,62461800,0.744,80324300,1158,99999,0
sh513130,14:04:20,1767938663573,5692.87,0.8959,4.3837,0.739,0.7381,0.1219,46600,34468,0.7397,0.739,95645400,0.738,110417700,0.737,145513600,0.736,102181700,0.735,78147200,0.740,104577400,0.741,87707500,0.742,90625000,0.743,62461800,0.744,80324300,963,99999,0
sh513130,14:04:23,1767938665552,5692.97,0.8959,3.7375,0.74,0.7381,0.2574,283600,209824,0.7399,0.739,97310600,0.738,110612300,0.737,145498600,0.736,102181700,0.735,78162200,0.740,86870400,0.741,95552200,0.742,99491800,0.743,62461800,0.744,80324300,742,99999,0
sh513130,14:04:26,1767938669564,5693.47,0.8959,2.9645,0.74,0.7381,0.2574,111300,82352,0.7399,0.739,97340800,0.738,110612300,0.737,145588800,0.736,102180300,0.735,78162200,0.740,86783600,0.741,95711800,0.742,99491800,0.743,62461800,0.744,80732500,377,99999,0
sh513130,14:04:29,1767938672557,5693.71,0.8959,2.4068,0.74,0.7381,0.2574,2026200,1499376,0.74,0.739,97538700,0.738,110674300,0.737,145596800,0.736,102148000,0.735,78174200,0.740,80202400,0.741,96211800,0.742,99491800,0.743,62493700,0.744,80732500,193,99999,0
sh513130,14:04:32,1767938675565,5693.64,0.8959,1.9393,0.74,0.7381,0.2574,1141400,844636,0.74,0.739,97681900,0.738,110696100,0.737,145579200,0.736,102148000,0.735,78122000,0.740,83259700,0.741,95980400,0.742,99527100,0.743,62493700,0.744,80732500,1193,99999,0
sh513130,14:04:35,1767938678572,5694.01,0.8959,2.1305,0.74,0.7381,0.2574,341500,252670,0.7399,0.739,97907100,0.738,110610200,0.737,145629200,0.736,102153000,0.735,78122000,0.740,82903200,0.741,95980400,0.742,99120400,0.743,62533700,0.744,80732000,209,99999,0
sh513130,14:04:38,1767938680570,5693.11,0.8959,1.7455,0.74,0.7381,0.2574,46600,34484,0.74,0.739,97578200,0.738,110488800,0.737,145651800,0.736,102236000,0.735,78122000,0.740,82949800,0.741,96249300,0.742,99092700,0.743,62533700,0.744,80732000,171,99999,0
sh513130,14:04:41,1767938684576,5694.11,0.8959,1.6031,0.739,0.7381,0.1219,496600,367448,0.7399,0.739,97883500,0.738,110524100,0.737,145640800,0.736,102236000,0.735,78122000,0.740,82889300,0.741,95961700,0.742,99693600,0.743,61283400,0.744,80732000,18,99999,0
sh513130,14:04:44,1767938685582,5694.11,0.8959,1.6464,0.739,0.7381,0.1219,1741300,1288503,0.74,0.739,97731200,0.738,110631400,0.737,145607600,0.736,102237000,0.735,78122000,0.740,81256300,0.741,95794400,0.742,100250600,0.743,61370800,0.744,80732000,1024,99999,0
sh513130,14:04:41,1767938686577,5693.58,0.8959,1.6141,0.739,0.7381,0.1219,0,0,0.739,0.739,97883500,0.738,110524100,0.737,145640800,0.736,102236000,0.735,78122000,0.740,82889300,0.741,95961700,0.742,99693600,0.743,61283400,0.744,80732000,183,99999,2
sh513130,14:04:44,1767938687582,5693.58,0.8959,2.6968,0.739,0.7381,0.1219,0,0,0.739,0.739,97731200,0.738,110631400,0.737,145607600,0.736,102237000,0.735,78122000,0.740,81256300,0.741,95794400,0.742,100250600,0.743,61370800,0.744,80732000,849,99999,0
sh513130,14:04:48,1767938689591,5693.87,0.8959,3.674,0.739,0.7381,0.1219,679000,502283,0.7397,0.739,98718100,0.738,110640800,0.737,145573200,0.736,102237000,0.735,78122000,0.740,80928300,0.741,96004400,0.742,100450600,0.743,61439500,0.744,80732000,666,99999,0
sh513130,14:04:50,1767938692578,5693.81,0.8959,3.325,0.74,0.7381,0.2574,5701200,4218878,0.74,0.739,98742800,0.738,110654700,0.737,145595200,0.736,102237400,0.735,78122000,0.740,75336800,0.741,96141500,0.742,100919200,0.743,61839500,0.744,80732000,189,99999,0
sh513130,14:04:53,1767938695586,5693.64,0.8959,2.9562,0.74,0.7381,0.2574,71700,53058,0.74,0.739,98697100,0.738,109777700,0.737,145128000,0.736,102250900,0.735,78152000,0.740,92184400,0.741,88719400,0.742,93052400,0.743,61839500,0.744,80732000,90,99999,0
sh513130,14:04:56,1767938698587,5693.82,0.8959,2.5309,0.74,0.7381,0.2574,1420200,1050887,0.74,0.739,98795100,0.738,109838400,0.737,145124700,0.736,102250900,0.735,78154000,0.740,91077200,0.741,88757700,0.742,93052400,0.743,61840000,0.744,80726000,209,99999,0
sh513130,14:04:59,1767938702604,5693.67,0.8959,2.1034,0.74,0.7381,0.2574,57000,42178,0.74,0.739,99025900,0.738,110129500,0.737,144959700,0.736,102250900,0.735,78154000,0.740,74409200,0.741,96610400,0.742,101819200,0.743,61830000,0.744,80726000,217,99999,0
sh513130,14:05:02,1767938705596,5694.36,0.8959,1.9872,0.74,0.7381,0.2574,2057600,1522624,0.74,0.739,99229500,0.738,109915400,0.737,144628700,0.736,102233800,0.735,77954000,0.740,72474700,0.741,97609900,0.742,102107900,0.743,61794000,0.744,81009000,1227,99999,0
sh513130,14:05:05,1767938707623,5694.22,0.8959,1.7287,0.74,0.7381,0.2574,2355700,1743118,0.74,0.739,99289300,0.738,110263200,0.737,144590700,0.736,102233800,0.735,77954000,0.740,65299000,0.741,97619900,0.742,102247900,0.743,61794000,0.744,81009000,1138,99999,0
sh513130,14:05:08,1767938709607,5693.87,0.8959,2.2803,0.74,0.7381,0.2574,109800,81252,0.74,0.739,100293700,0.738,110037200,0.737,144580800,0.736,102233800,0.735,77954000,0.740,70142300,0.741,97619900,0.742,102247900,0.743,61894000,0.744,81009100,970,99999,0
sh513130,14:05:05,1767938710612,5694.4,0.8959,2.3922,0.74,0.7381,0.2574,0,0,0.74,0.739,99289300,0.738,110263200,0.737,144590700,0.736,102233800,0.735,77954000,0.740,65299000,0.741,97619900,0.742,102247900,0.743,61794000,0.744,81009000,249,99999,2
sh513130,14:05:08,1767938711607,5694.4,0.8959,2.3854,0.74,0.7381,0.2574,0,0,0.74,0.739,100293700,0.738,110037200,0.737,144580800,0.736,102233800,0.735,77954000,0.740,70142300,0.741,97619900,0.742,102247900,0.743,61894000,0.744,81009100,759,99999,0
sh513130,14:05:12,1767938713622,5695.02,0.8959,1.3496,0.74,0.7381,0.2574,206700,152958,0.74,0.739,100220200,0.738,109749800,0.737,144516100,0.736,102190700,0.735,77853900,0.740,61913100,0.741,97788600,0.742,102247900,0.743,61894000,0.744,80991700,532,99999,0
sh513130,14:05:14,1767938715618,5694.52,0.8959,1.6065,0.74,0.7387,0.176,250500,185352,0.7399,0.739,100268400,0.738,109467300,0.737,144512700,0.736,102181700,0.735,77854000,0.740,69695900,0.741,97881700,0.742,102287900,0.743,61894000,0.744,80958700,341,99999,0
sh513130,14:05:12,1767938716611,5694.4,0.8959,1.8029,0.74,0.7381,0.2574,0,0,0.74,0.739,100220200,0.738,109749800,0.737,144516100,0.736,102190700,0.735,77853900,0.740,61913100,0.741,97788600,0.742,102247900,0.743,61894000,0.744,80991700,209,99999,2
sh513130,14:05:14,1767938717618,5694.4,0.8959,1.7193,0.74,0.7387,0.176,0,0,0.74,0.739,100268400,0.738,109467300,0.737,144512700,0.736,102181700,0.735,77854000,0.740,69695900,0.741,97881700,0.742,102287900,0.743,61894000,0.744,80958700,144,99999,0
sh513130,14:05:18,1767938719619,5693.88,0.8959,1.8805,0.74,0.7387,0.176,218300,161542,0.74,0.739,100298500,0.738,108521000,0.737,144574700,0.736,102181800,0.735,77837000,0.740,78720600,0.741,98005600,0.742,93415100,0.743,61510400,0.744,80958700,1204,99999,0
sh513130,14:05:20,1767938722631,5692.5,0.8959,1.5657,0.74,0.7387,0.176,3194200,2363655,0.74,0.739,101149400,0.738,108368700,0.737,144576100,0.736,102181800,0.735,77837000,0.740,75498600,0.741,98157300,0.742,93512700,0.743,61510400,0.744,80958700,236,99999,0
sh513130,14:05:23,1767938725616,5692.55,0.8959,2.4914,0.74,0.7387,0.176,333700,246938,0.74,0.739,101208000,0.738,108758900,0.737,144576100,0.736,102199800,0.735,77823400,0.740,75565400,0.741,98977100,0.742,93512700,0.743,61516400,0.744,80960700,1233,99999,0
sh513130,14:05:26,1767938729627,5692.39,0.8959,2.6105,0.74,0.7387,0.176,120100,88874,0.74,0.739,101243600,0.738,109818900,0.737,144365100,0.736,102099600,0.735,77823400,0.740,75360500,0.741,99178300,0.742,93582700,0.743,61946400,0.744,80954600,1213,99999,0
sh513130,14:05:29,1767938732637,5692.9,0.8959,3.617,0.74,0.7388,0.1624,53100,39294,0.74,0.739,101302700,0.738,110738100,0.737,143865100,0.736,101599600,0.735,77818400,0.740,75460600,0.741,91173200,0.742,101590700,0.743,61946400,0.744,80988500,169,99999,0
sh513130,14:05:32,1767938735652,5692.03,0.8959,2.737,0.74,0.7387,0.176,45100,33374,0.74,0.739,102361200,0.738,110638700,0.737,143620100,0.736,101589600,0.735,77818400,0.740,75771900,0.741,91204500,0.742,93540700,0.743,61834000,0.744,80988500,683,99999,0
sh513130,14:05:35,1767938737644,5691.42,0.8959,2.0171,0.739,0.7387,0.0406,3427400,2536178,0.74,0.739,102341600,0.738,110649700,0.737,143536800,0.736,101589600,0.735,77819400,0.740,72358600,0.741,91368900,0.742,101558300,0.743,61834000,0.744,80988500,468,99999,0
sh513130,14:05:38,1767938740641,5691.35,0.8959,1.5202,0.74,0.7381,0.2574,8100,5994,0.74,0.739,102701700,0.738,110867200,0.737,143107300,0.736,101589600,0.735,77818000,0.740,72398900,0.741,91200500,0.742,101558300,0.743,61839000,0.744,81018500,259,99999,0
sh513130,14:05:41,1767938743647,5691.28,0.8959,1.5384,0.74,0.7381,0.2574,420200,310878,0.7398,0.739,102698700,0.738,111119700,0.737,143104800,0.736,101589100,0.735,77818000,0.740,72098500,0.741,99210500,0.742,93564400,0.743,61839000,0.744,81018500,1276,99999,0
sh513130,14:05:44,1767938746656,5692.23,0.8959,3.0893,0.739,0.7381,0.1219,248900,184180,0.74,0.739,102620700,0.738,111359200,0.737,143082800,0.736,101579100,0.735,77838000,0.740,71878000,0.741,99240800,0.742,93474500,0.743,61839000,0.744,81515500,287,99999,0
sh513130,14:05:47,1767938749660,5692.32,0.8959,4.4174,0.74,0.7381,0.2574,29000,21455,0.7398,0.739,102701900,0.738,111470700,0.737,143162200,0.736,101579100,0.735,77810500,0.740,72253600,0.741,99179500,0.742,93480500,0.743,61839000,0.744,81492800,1249,99999,0
sh513130,14:05:50,1767938753666,5693.62,0.8959,3.8702,0.739,0.7381,0.1219,419100,310125,0.74,0.739,102702900,0.738,111457600,0.737,143163700,0.736,101569100,0.735,77810500,0.740,71894500,0.741,99266500,0.742,93446000,0.743,61839000,0.744,81492800,1193,99999,0
sh513130,14:05:54,1767938756685,5692.0,0.8959,4.4256,0.74,0.7381,0.2574,314200,232508,0.74,0.739,102941500,0.738,111011400,0.737,142894200,0.736,100580600,0.735,77892600,0.740,71690400,0.741,99353600,0.742,93466000,0.743,61839000,0.744,81467800,323,99999,0
sh513130,14:05:56,1767938760686,5691.16,0.8959,3.7383,0.74,0.7381,0.2574,91500,67710,0.74,0.739,103365500,0.738,110924300,0.737,143163000,0.736,100699800,0.735,77892600,0.740,71535300,0.741,99278400,0.742,93485200,0.743,61849000,0.744,81467800,299,99999,0
sh513130,14:05:59,1767938761670,5691.16,0.8959,6.0054,0.74,0.7381,0.2574,169000,124946,0.7393,0.739,103629000,0.738,110943500,0.737,144153000,0.736,100680300,0.735,77903600,0.740,71588700,0.741,99308500,0.742,94608800,0.743,61854000,0.744,81468800,415,99999,0
sh513130,14:06:02,1767938764701,5690.86,0.8959,3.4316,0.74,0.7381,0.2574,44500,32930,0.74,0.739,49720300,0.738,112445000,0.737,144346400,0.736,103846600,0.735,77903600,0.740,71990200,0.741,99138500,0.742,94270800,0.743,61854000,0.744,81488800,326,99999,0
sh513130,14:06:06,1767938767680,5689.61,0.8959,1.2198,0.739,0.7381,0.1219,1683900,1245502,0.7397,0.739,45127100,0.738,112826700,0.737,145565100,0.736,108844700,0.735,77848900,0.740,70287400,0.741,99138500,0.742,94270800,0.743,61854000,0.744,81488800,1309,99999,0
sh513130,14:06:08,1767938770692,5689.08,0.8959,2.3298,0.74,0.7381,0.2574,94500,69865,0.7393,0.739,43882200,0.738,112818700,0.737,145550600,0.736,108844700,0.735,77848900,0.740,70507400,0.741,98919900,0.742,94293800,0.743,61882000,0.744,81493800,323,99999,0
sh513130,14:06:11,1767938773703,5689.2,0.8959,2.6405,0.739,0.7381,0.1219,133400,98583,0.739,0.739,45635900,0.738,112961700,0.737,145550600,0.736,108844200,0.735,77848900,0.740,71150600,0.741,98969900,0.742,94243700,0.743,61882000,0.744,80894400,1327,99999,0
sh513130,14:06:14,1767938776708,5688.71,0.8959,2.459,0.739,0.7381,0.1219,65400,48345,0.7392,0.739,43020700,0.738,113042400,0.737,145550600,0.736,109825700,0.735,77848900,0.740,71418800,0.741,98961400,0.742,94243700,0.743,61902000,0.744,81254400,150,99999,0
sh513130,14:06:18,1767938780701,5689.33,0.8959,4.8841,0.74,0.7381,0.2574,42600,31514,0.7398,0.739,73269500,0.738,113009900,0.737,145550600,0.736,109800100,0.735,77848900,0.740,74201900,0.741,98961400,0.742,93243700,0.743,61902000,0.744,81254400,331,99999,0
sh513130,14:06:20,1767938783724,5689.25,0.8959,3.887,0.739,0.7381,0.1219,615800,455081,0.739,0.739,60744200,0.738,112931500,0.737,145819900,0.736,108800400,0.735,77848900,0.740,74088300,0.741,100160900,0.742,93243700,0.743,61902000,0.744,81256400,627,99999,0
sh513130,14:06:23,1767938785724,5689.88,0.8959,3.0309,0.739,0.7381,0.1219,63400,46853,0.739,0.739,60748600,0.738,113239900,0.737,145819900,0.736,108777400,0.735,77819400,0.740,74275400,0.741,100195900,0.742,93241700,0.743,61903000,0.744,81256400,436,99999,0
sh513130,14:06:20,1767938786706,5688.26,0.8959,2.8588,0.739,0.7381,0.1219,0,0,0.739,0.739,60744200,0.738,112931500,0.737,145819900,0.736,108800400,0.735,77848900,0.740,74088300,0.741,100160900,0.742,93243700,0.743,61902000,0.744,81256400,353,99999,2
sh513130,14:06:23,1767938787705,5688.26,0.8959,3.1864,0.739,0.7381,0.1219,0,0,0.739,0.739,60748600,0.738,113239900,0.737,145819900,0.736,108777400,0.735,77819400,0.740,74275400,0.741,100195900,0.742,93241700,0.743,61903000,0.744,81256400,168,99999,0
sh513130,14:06:26,1767938788706,5688.73,0.8959,2.7495,0.739,0.7381,0.1219,85600,63304,0.7395,0.739,38365700,0.738,113400500,0.737,145842100,0.736,108791400,0.735,77680100,0.740,74245200,0.741,100195900,0.742,93241700,0.743,62072200,0.744,81256400,333,99999,0
sh513130,14:06:30,1767938792720,5688.23,0.8959,2.6039,0.74,0.7381,0.2574,162200,120027,0.74,0.739,38217300,0.738,113727000,0.737,145566300,0.736,108867000,0.735,77680100,0.740,74124000,0.741,100085900,0.742,93268700,0.743,62089000,0.744,81256400,314,99999,0
sh513130,14:06:33,1767938794715,5688.88,0.8959,1.2887,0.74,0.7381,0.2574,205400,151996,0.74,0.739,35163500,0.738,113737100,0.737,145866300,0.736,109006000,0.735,77680200,0.740,82625400,0.741,92088700,0.742,93160000,0.743,62235000,0.744,81256400,316,99999,0
sh513130,14:06:35,1767938797725,5687.65,0.8959,1.3747,0.739,0.7381,0.1219,293700,217107,0.7392,0.739,33932400,0.738,113755100,0.737,146886300,0.736,109006100,0.735,77682100,0.740,74556100,0.741,100060000,0.742,93160500,0.743,61735000,0.744,81266400,1356,99999,0
sh513130,14:06:38,1767938800728,5688.27,0.8959,2.6439,0.739,0.7374,0.217,33171800,24513961,0.739,0.738,116274400,0.737,147849400,0.736,109401000,0.735,77182200,0.734,58585300,0.739,64768700,0.740,70018900,0.741,91200000,0.742,92170500,0.743,60958100,119,99999,0
sh513130,14:06:41,1767938804725,5687.9,0.8959,3.2302,0.739,0.7374,0.217,55800,41236,0.739,0.738,118139000,0.737,148068200,0.736,109406000,0.735,78182100,0.734,58586800,0.739,65138700,0.740,74278300,0.741,91044500,0.742,89790500,0.743,60858100,374,99999,0
sh513130,14:06:44,1767938806727,5687.87,0.8959,2.6691,0.739,0.7374,0.217,65900,48700,0.739,0.738,118592500,0.737,148085200,0.736,109408000,0.735,78182100,0.734,58586800,0.739,64379200,0.740,75541400,0.741,91144500,0.742,89838000,0.743,60858100,351,99999,0
sh513130,14:06:47,1767938810728,5687.76,0.8959,3.9765,0.739,0.7374,0.217,157600,116460,0.739,0.738,119759400,0.737,148070300,0.736,109408000,0.735,78177100,0.734,59085400,0.739,66385900,0.740,76548400,0.741,91155800,0.742,89838000,0.743,60848100,382,99999,0
sh513130,14:06:50,1767938812732,5687.46,0.8959,3.3085,0.739,0.7374,0.217,8700,6429,0.739,0.738,119513600,0.737,148098000,0.736,109408700,0.735,78229200,0.734,59085400,0.739,64877000,0.740,77418700,0.741,90978400,0.742,89938100,0.743,60848100,303,99999,0
sh513130,14:06:53,1767938814738,5687.92,0.8959,2.9783,0.738,0.7374,0.0814,28500,21046,0.7385,0.738,120134700,0.737,147983100,0.736,109468500,0.735,78229200,0.734,59085400,0.739,47151200,0.740,85807400,0.741,99875200,0.742,89938100,0.743,60233700,366,99999,0
sh513130,14:06:56,1767938818737,5687.72,0.8959,2.9615,0.739,0.7374,0.217,4649800,3436203,0.739,0.738,120243800,0.737,148033400,0.736,109468500,0.735,78229200,0.734,59085400,0.739,14664700,0.740,88086300,0.741,99711100,0.742,89938100,0.743,60243700,392,99999,0
sh513130,14:06:59,1767938822747,5686.67,0.8959,2.8872,0.739,0.7374,0.217,1000000,739000,0.739,0.738,120223100,0.737,148130200,0.736,109518500,0.735,78229200,0.734,59085400,0.739,18664300,0.740,89157400,0.741,99625600,0.742,89938100,0.743,60226000,247,99999,0
sh513130,14:07:02,1767938824769,5686.61,0.8959,2.3106,0.739,0.7374,0.217,396300,292865,0.739,0.738,120477800,0.737,148133300,0.736,109518500,0.735,78229700,0.734,59085400,0.739,18457300,0.740,90224200,0.741,99625600,0.742,89938100,0.743,60226000,67,99999,0
sh513130,14:07:05,1767938827742,5686.51,0.8959,2.9462,0.739,0.7374,0.217,108100,79866,0.7388,0.738,120578500,0.737,148174300,0.736,109500000,0.735,78226700,0.734,59085400,0.739,18517800,0.740,90323100,0.741,99635600,0.742,89938100,0.743,60231000,850,99999,0
sh513130,14:07:08,1767938830763,5686.98,0.8959,2.2914,0.738,0.7374,0.0814,328800,242713,0.7382,0.738,120408400,0.737,148216300,0.736,109502500,0.735,78226700,0.734,59085400,0.739,15558200,0.740,90676800,0.741,100020400,0.742,89938100,0.743,60227000,400,99999,0
sh513130,14:07:11,1767938833757,5686.98,0.8959,3.9792,0.739,0.7374,0.217,275000,203007,0.7382,0.738,120400100,0.737,148317500,0.736,109552900,0.735,78226700,0.734,59085400,0.739,15561700,0.740,91247200,0.741,100151200,0.742,89938100,0.743,60227000,270,99999,0
sh513130,14:07:14,1767938836764,5686.95,0.8959,3.3753,0.739,0.7374,0.217,1210000,894190,0.739,0.738,120650800,0.737,148317700,0.736,110539400,0.735,78226900,0.734,59085100,0.739,15112400,0.740,91485000,0.741,100151200,0.742,89848100,0.743,60227500,324,99999,0
sh513130,14:07:17,1767938839767,5686.95,0.8959,2.4303,0.739,0.7374,0.217,150600,111293,0.739,0.738,120855900,0.737,148317700,0.736,109546200,0.735,78120100,0.734,59085100,0.739,15141100,0.740,91744000,0.741,100151200,0.742,89848100,0.743,60227500,1319,99999,0
sh513130,14:07:21,1767938842771,5687.07,0.8959,2.1595,0.738,0.7374,0.0814,161600,119422,0.739,0.738,123119200,0.737,148367700,0.736,109529400,0.735,78120600,0.734,59084300,0.739,15022300,0.740,91844300,0.741,100151200,0.742,89868100,0.743,59735400,400,99999,0
sh513130,14:07:23,1767938845778,5686.03,0.8959,3.128,0.739,0.7374,0.217,19400,14337,0.739,0.738,123018300,0.737,148367700,0.736,109372600,0.735,78121100,0.734,59084600,0.739,15045700,0.740,91943500,0.741,100130200,0.742,89868100,0.743,59735400,1324,99999,0
sh513130,14:07:26,1767938849785,5686.02,0.8959,1.6356,0.739,0.7374,0.217,214500,158416,0.7385,0.738,123358000,0.737,148317400,0.736,109362500,0.735,78138000,0.734,59084600,0.739,14953200,0.740,92249500,0.741,100144400,0.742,89891900,0.743,59735400,974,99999,0
sh513130,14:07:30,1767938852788,5686.22,0.8959,2.5613,0.739,0.7374,0.217,4400,3248,0.7382,0.738,123406700,0.737,148321300,0.736,109359200,0.735,78124400,0.734,59086600,0.739,18974300,0.740,92539000,0.741,100144400,0.742,89374500,0.743,59730400,387,99999,0
sh513130,14:07:32,1767938854779,5685.65,0.8959,2.5118,0.738,0.7374,0.0814,40000,29550,0.7388,0.738,123770800,0.737,148652100,0.736,109266500,0.735,78124400,0.734,59091600,0.739,19543500,0.740,92515600,0.741,100144400,0.742,89374500,0.743,59730400,402,99999,0
sh513130,14:07:35,1767938858793,5686.09,0.8959,4.8534,0.739,0.7374,0.217,204900,151321,0.7385,0.738,123639600,0.737,148988900,0.736,109329900,0.735,78124400,0.734,59091600,0.739,19445900,0.740,92790400,0.741,100244400,0.742,89383200,0.743,59730400,431,99999,0
sh513130,14:07:38,1767938860793,5686.57,0.8959,3.8073,0.739,0.7374,0.217,279400,206443,0.7389,0.738,123859300,0.737,149028600,0.736,109330900,0.735,78125100,0.734,59092600,0.739,44842200,0.740,85113300,0.741,90257800,0.742,89388200,0.743,60061500,452,99999,0
sh513130,14:07:41,1767938863803,5685.49,0.8959,5.4523,0.739,0.7374,0.217,0,0,0.739,0.738,124227800,0.737,149386300,0.736,109322900,0.735,78125100,0.734,59092600,0.739,49216900,0.740,85116300,0.741,90774300,0.742,88388200,0.743,59562900,1449,99999,0
sh513130,14:07:44,1767938866820,5685.7,0.8959,4.4669,0.738,0.7374,0.0814,108400,80100,0.7389,0.738,124459600,0.737,149191300,0.736,109375300,0.735,78043000,0.734,59092600,0.739,49216900,0.740,85109100,0.741,90774300,0.742,88368200,0.743,59562900,454,99999,0
sh513130,14:07:47,1767938869822,5685.32,0.8959,3.5875,0.739,0.7374,0.217,44500,32886,0.739,0.738,123634400,0.737,149131300,0.736,110365300,0.735,78042800,0.734,59092600,0.739,50172400,0.740,85564900,0.741,90774300,0.742,88418200,0.743,59562900,1265,99999,0
sh513130,14:07:50,1767938872814,5685.86,0.8959,4.2483,0.738,0.7374,0.0814,27300,20167,0.7387,0.738,123975600,0.737,149131300,0.736,110365300,0.735,78042800,0.734,59092600,0.739,50459400,0.740,85593800,0.741,90284300,0.742,88335200,0.743,59531800,440,99999,0
sh513130,14:07:53,1767938874825,5685.53,0.8959,4.0039,0.739,0.7374,0.217,30500,22525,0.7385,0.738,125434700,0.737,149135400,0.736,109321300,0.735,78043000,0.734,59095600,0.739,50565400,0.740,85973900,0.741,90234300,0.742,88335200,0.743,59535500,466,99999,0
sh513130,14:07:50,1767938875824,5685.53,0.8959,4.1076,0.738,0.7374,0.0814,0,0,0.738,0.738,123975600,0.737,149131300,0.736,110365300,0.735,78042800,0.734,59092600,0.739,50459400,0.740,85593800,0.741,90284300,0.742,88335200,0.743,59531800,696,99999,2
sh513130,14:07:53,1767938876853,5685.24,0.8959,4.3068,0.739,0.7374,0.217,0,0,0.739,0.738,125434700,0.737,149135400,0.736,109321300,0.735,78043000,0.734,59095600,0.739,50565400,0.740,85973900,0.741,90234300,0.742,88335200,0.743,59535500,443,99999,0
sh513130,14:07:56,1767938879868,5685.6,0.8959,4.9249,0.739,0.7374,0.217,25700,18977,0.7384,0.738,126853000,0.737,149201900,0.736,109325500,0.735,78043500,0.734,59095600,0.739,50604700,0.740,86161500,0.741,90300900,0.742,88271800,0.743,59535500,370,99999,0
sh513130,14:07:59,1767938881833,5685.98,0.8959,3.6967,0.739,0.7374,0.217,54100,39980,0.739,0.738,124964300,0.737,149205100,0.736,109322500,0.735,80093500,0.734,59095600,0.739,50744900,0.740,86254500,0.741,90300900,0.742,88281800,0.743,59535500,124,99999,0
sh513130,14:08:02,1767938884845,5686.07,0.8959,3.8147,0.739,0.7374,0.217,410300,302808,0.738,0.738,129356000,0.737,149267800,0.736,109328500,0.735,78093500,0.734,59095600,0.739,50791800,0.740,87245200,0.741,90300900,0.742,88296800,0.743,59535500,492,99999,0
sh513130,14:08:05,1767938888861,5685.25,0.8959,2.3098,0.738,0.7374,0.0814,111500,82287,0.738,0.738,131500100,0.737,149283800,0.736,109328500,0.735,78073500,0.734,59095600,0.739,50992600,0.740,88001500,0.741,90300900,0.742,88166100,0.743,59535500,493,99999,0
sh513130,14:08:08,1767938890860,5685.46,0.8959,3.109,0.738,0.7374,0.0814,66100,48832,0.7388,0.738,131905700,0.737,149310600,0.736,109328500,0.735,78073500,0.734,59095600,0.739,50942600,0.740,88002500,0.741,90300900,0.742,88196100,0.743,59535500,384,99999,0
sh513130,14:08:11,1767938892863,5685.25,0.8959,2.5307,0.739,0.7374,0.217,34100,25198,0.7389,0.738,132148100,0.737,149593700,0.736,109408500,0.735,78073400,0.734,59095600,0.739,50997000,0.740,88096600,0.741,89701500,0.742,88196100,0.743,59535500,199,99999,0
sh513130,14:08:14,1767938895863,5684.52,0.8959,2.8129,0.739,0.7374,0.217,428400,316588,0.739,0.738,132153600,0.737,149621200,0.736,110422000,0.735,78055400,0.734,59105600,0.739,12443900,0.740,94790200,0.741,100350600,0.742,88196100,0.743,59535500,1011,99999,0
sh513130,14:08:11,1767938896871,5685.72,0.8959,2.871,0.739,0.7374,0.217,0,0,0.739,0.738,132148100,0.737,149593700,0.736,109408500,0.735,78073400,0.734,59095600,0.739,50997000,0.740,88096600,0.741,89701500,0.742,88196100,0.743,59535500,450,99999,2
sh513130,14:08:14,1767938897931,5685.72,0.8959,2.6778,0.739,0.7374,0.217,0,0,0.739,0.738,132153600,0.737,149621200,0.736,110422000,0.735,78055400,0.734,59105600,0.739,12443900,0.740,94790200,0.741,100350600,0.742,88196100,0.743,59535500,889,99999,0
sh513130,14:08:17,1767938898876,5686.39,0.8959,2.4436,0.739,0.7374,0.217,12373300,9143840,0.739,0.739,18696900,0.738,130442300,0.737,149631200,0.736,110445000,0.735,78055400,0.740,99817500,0.741,101334900,0.742,89396100,0.743,59535500,0.744,80157400,474,99999,0
sh513130,14:08:20,1767938902886,5685.93,0.8959,2.9748,0.739,0.7374,0.217,45700,33772,0.739,0.739,1303700,0.738,130678000,0.737,149441800,0.736,110045000,0.735,77277400,0.740,99209900,0.741,101395300,0.742,90386100,0.743,60035500,0.744,80719400,493,99999,0
sh513130,14:08:23,1767938905899,5685.92,0.8959,3.3474,0.739,0.7374,0.217,2329200,1721149,0.7389,0.739,380200,0.738,130961600,0.737,150713200,0.736,110448000,0.735,77677400,0.740,99259900,0.741,101386200,0.742,90396100,0.743,59535500,0.744,80719400,124,99999,0
sh513130,14:08:26,1767938908895,5686.59,0.8959,7.5441,0.739,0.7374,0.217,498300,368248,0.739,0.738,131121900,0.737,150793200,0.736,109448000,0.735,77494400,0.734,58827600,0.739,7670500,0.740,99599800,0.741,101361200,0.742,90396100,0.743,59535500,517,99999,0
sh513130,14:08:29,1767938910890,5686.7,0.8959,6.8602,0.739,0.7374,0.217,171400,126633,0.7388,0.738,131121100,0.737,150832000,0.736,109503300,0.735,78014400,0.734,58827600,0.739,2456800,0.740,100962300,0.741,100091200,0.742,89006100,0.743,59503000,487,99999,0
sh513130,14:08:32,1767938914924,5687.3,0.8959,4.7766,0.739,0.7374,0.217,569800,421083,0.739,0.738,131637100,0.737,150832000,0.736,109503300,0.735,78007900,0.734,58827600,0.739,1906000,0.740,101047200,0.741,100520600,0.742,89007100,0.743,59503000,349,99999,0
sh513130,14:08:35,1767938916921,5686.15,0.8959,3.2189,0.739,0.7374,0.217,84300,62267,0.7386,0.738,131925900,0.737,150902000,0.736,109473300,0.735,78010600,0.734,58827700,0.739,4840900,0.740,102485600,0.741,100520600,0.742,89007100,0.743,59503000,143,99999,0
sh513130,14:08:38,1767938920932,5686.86,0.8959,3.5748,0.739,0.7375,0.2034,2456100,1815058,0.739,0.739,983700,0.738,132505800,0.737,149937000,0.736,112083800,0.735,77480800,0.740,102599100,0.741,101526100,0.742,89407100,0.743,60003000,0.744,80810600,568,99999,0
sh513130,14:08:41,1767938922908,5687.06,0.8959,3.489,0.74,0.7375,0.339,27200,20128,0.74,0.739,2113800,0.738,132520500,0.737,149936300,0.736,110744700,0.735,77480900,0.740,93707600,0.741,109369200,0.742,90394100,0.743,60003000,0.744,80810600,424,99999,0
sh513130,14:08:44,1767938926953,5686.32,0.8959,3.4525,0.739,0.7375,0.2034,2214600,1636590,0.739,0.738,133292900,0.737,150931300,0.736,110726700,0.735,77950900,0.734,58812600,0.739,1347900,0.740,95660600,0.741,109369200,0.742,90394100,0.743,59503000,501,99999,0
sh513130,14:08:48,1767938930939,5686.09,0.8959,3.2208,0.739,0.7375,0.2034,5200,3842,0.7388,0.738,133344200,0.737,150931300,0.736,110686700,0.735,77952300,0.734,58812600,0.739,33216600,0.740,88788200,0.741,97220100,0.742,89004100,0.743,59503000,520,99999,0
sh513130,14:08:50,1767938932945,5686.04,0.8959,3.5654,0.739,0.7375,0.2034,154100,113876,0.739,0.738,135193600,0.737,150916300,0.736,111086700,0.735,77947300,0.734,58812600,0.739,36506200,0.740,88839200,0.741,96950100,0.742,89004100,0.743,59503000,575,99999,0
sh513130,14:08:53,1767938935952,5685.21,0.8959,2.3144,0.739,0.7375,0.2034,100600,74344,0.739,0.738,135426100,0.737,150921600,0.736,111094800,0.735,77946300,0.734,58820600,0.739,36405700,0.740,89054900,0.741,96950100,0.742,89026600,0.743,59503000,1509,99999,0
sh513130,14:08:56,1767938938970,5685.31,0.8959,2.166,0.739,0.7375,0.2034,156800,115842,0.7388,0.738,135387800,0.737,151128300,0.736,111081300,0.735,77941300,0.734,58820600,0.739,36479800,0.740,88951600,0.741,97259100,0.742,89026600,0.743,59503000,285,99999,0
sh513130,14:08:59,1767938941964,5685.53,0.8959,2.1378,0.739,0.7375,0.2034,73000,53930,0.7388,0.738,135479600,0.737,151144300,0.736,111041400,0.735,77943300,0.734,58820600,0.739,36453600,0.740,88662200,0.741,97272100,0.742,89026600,0.743,59503000,1099,99999,0
sh513130,14:09:02,1767938943972,5685.91,0.8959,5.0733,0.739,0.7375,0.2034,64500,47665,0.739,0.738,134957800,0.737,151557400,0.736,110957100,0.735,77943300,0.734,58820600,0.739,36389100,0.740,89168000,0.741,97116900,0.742,89006100,0.743,59503000,344,99999,0
sh513130,14:09:05,1767938946970,5685.89,0.8959,6.3754,0.739,0.7375,0.2034,86300,63776,0.739,0.738,134021300,0.737,151621400,0.736,110957500,0.735,77943300,0.734,58820600,0.739,35803100,0.740,89178900,0.741,97716900,0.742,89035400,0.743,59503000,578,99999,0
sh513130,14:09:02,1767938948002,5685.89,0.8959,5.8763,0.739,0.7375,0.2034,0,0,0.739,0.738,134957800,0.737,151557400,0.736,110957100,0.735,77943300,0.734,58820600,0.739,36389100,0.740,89168000,0.741,97116900,0.742,89006100,0.743,59503000,558,99999,2
sh513130,14:09:05,1767938949004,5685.29,0.8959,4.8302,0.739,0.7375,0.2034,0,0,0.739,0.738,134021300,0.737,151621400,0.736,110957500,0.735,77943300,0.734,58820600,0.739,35803100,0.740,89178900,0.741,97716900,0.742,89035400,0.743,59503000,607,99999,0
sh513130,14:09:09,1767938951984,5685.62,0.8959,4.8382,0.739,0.7375,0.2034,17900,13228,0.739,0.738,134035300,0.737,151487200,0.736,110957500,0.735,77943300,0.734,58820600,0.739,35995200,0.740,89334800,0.741,97716900,0.742,88481900,0.743,59503000,168,99999,0
sh513130,14:09:11,1767938954980,5686.53,0.8959,4.313,0.739,0.7375,0.2034,60000,44340,0.739,0.738,134028100,0.737,151550100,0.736,110987500,0.735,77943300,0.734,58820600,0.739,36539700,0.740,89398300,0.741,97964900,0.742,88481900,0.743,59503000,600,99999,0
sh513130,14:09:14,1767938955985,5686.53,0.8959,5.2342,0.739,0.7375,0.2034,29200,21579,0.739,0.738,134038200,0.737,151551600,0.736,110994800,0.735,77943300,0.734,58820600,0.739,37056700,0.740,89877800,0.741,97964900,0.742,88466900,0.743,59503000,1607,99999,0
sh513130,14:09:11,1767938956986,5686.65,0.8959,4.1718,0.739,0.7375,0.2034,0,0,0.739,0.738,134028100,0.737,151550100,0.736,110987500,0.735,77943300,0.734,58820600,0.739,36539700,0.740,89398300,0.741,97964900,0.742,88481900,0.743,59503000,604,99999,2
sh513130,14:09:14,1767938957990,5686.65,0.8959,3.6599,0.739,0.7375,0.2034,0,0,0.739,0.738,134038200,0.737,151551600,0.736,110994800,0.735,77943300,0.734,58820600,0.739,37056700,0.740,89877800,0.741,97964900,0.742,88466900,0.743,59503000,1609,99999,0
sh513130,14:09:17,1767938959989,5685.94,0.8959,3.2729,0.738,0.7375,0.0678,14200,10493,0.7389,0.738,134078300,0.737,151582600,0.736,110994800,0.735,77943300,0.734,58826100,0.739,36992800,0.740,89927200,0.741,97763700,0.742,88424100,0.743,59502400,1612,99999,0
sh513130,14:09:20,1767938963005,5685.33,0.8959,2.8215,0.739,0.7375,0.2034,56900,42027,0.7386,0.738,133449200,0.737,151575600,0.736,110521300,0.735,77943300,0.734,58826100,0.739,37290900,0.740,89717800,0.741,97763700,0.742,88424100,0.743,59502400,233,99999,0
sh513130,14:09:23,1767938967005,5684.71,0.8959,3.879,0.739,0.7375,0.2034,1157900,854678,0.7381,0.738,132233900,0.737,151626200,0.736,110050800,0.735,77943300,0.734,58826100,0.739,37143000,0.740,90816700,0.741,97803700,0.742,88363100,0.743,59502400,599,99999,0
sh513130,14:09:26,1767938968011,5684.71,0.8959,3.819,0.739,0.7375,0.2034,28300,20914,0.739,0.738,132277300,0.737,151614800,0.736,110050800,0.735,77943300,0.734,58826100,0.739,37380300,0.740,90826700,0.741,97305600,0.742,88363100,0.743,59502400,823,99999,0
sh513130,14:09:29,1767938972020,5685.03,0.8959,2.652,0.739,0.7375,0.2034,1136000,838504,0.7381,0.738,131972100,0.737,151604800,0.736,109721300,0.735,77943300,0.734,58826100,0.739,37302000,0.740,91376700,0.741,97305600,0.742,88363100,0.743,59502400,475,99999,0
sh513130,14:09:32,1767938975025,5685.15,0.8959,5.5601,0.739,0.7375,0.2034,49400,36506,0.739,0.738,132002100,0.737,151614800,0.736,110228900,0.735,77946300,0.734,58826100,0.739,37052600,0.740,91669100,0.741,97305600,0.742,88363100,0.743,59502400,592,99999,0
sh513130,14:09:36,1767938978029,5685.4,0.8959,3.8005,0.739,0.7375,0.2034,1156000,853284,0.7381,0.738,131375800,0.737,151614800,0.736,110228900,0.735,77946300,0.734,58826100,0.739,36946600,0.740,92901600,0.741,97355600,0.742,88363100,0.743,59502400,1577,99999,0
sh513130,14:09:38,1767938981045,5685.75,0.8959,2.3676,0.739,0.7375,0.2034,16000,11824,0.739,0.738,131494700,0.737,151614800,0.736,110228900,0.735,77953300,0.734,58826100,0.739,36930600,0.740,92911600,0.741,97385600,0.742,88363100,0.743,59502400,586,99999,0
sh513130,14:09:41,1767938983034,5685.71,0.8959,2.2552,0.739,0.7375,0.2034,2500,1848,0.7392,0.738,131529700,0.737,151928800,0.736,110218900,0.735,77953300,0.734,58826100,0.739,22001000,0.740,92943000,0.741,97385600,0.742,88417000,0.743,59502400,521,99999,0
sh513130,14:09:44,1767938987057,5685.7,0.8959,1.9311,0.739,0.7375,0.2034,344800,254792,0.739,0.738,131581200,0.737,151988800,0.736,111692400,0.735,77953300,0.734,58826100,0.739,1771900,0.740,97402400,0.741,111384200,0.742,88417000,0.743,59502400,179,99999,0
sh513130,14:09:45,1767938988080,5685.7,0.8959,4.1976,0.739,0.7375,0.2034,0,0,0.739,0.738,131581200,0.737,151988800,0.736,111692400,0.735,77953300,0.734,58826100,0.739,1771900,0.740,97402400,0.741,111384200,0.742,88417000,0.743,59502400,1204,99999,0
sh513130,14:09:47,1767938990060,5686.17,0.8959,2.8815,0.739,0.7375,0.2034,1205900,891154,0.739,0.738,131641400,0.737,152009800,0.736,110650400,0.735,77933300,0.734,58826100,0.739,26129000,0.740,92978700,0.741,97665600,0.742,88817000,0.743,59495400,996,99999,0
sh513130,14:09:50,1767938992070,5685.71,0.8959,3.2793,0.739,0.7375,0.2034,1054400,779019,0.7388,0.739,1699800,0.738,131480100,0.737,151109800,0.736,111655400,0.735,77433300,0.740,97718400,0.741,112225700,0.742,88812000,0.743,59895400,0.744,80812600,821,99999,0
sh513130,14:09:53,1767938996072,5686.23,0.8959,3.5589,0.739,0.7375,0.2034,173600,128291,0.739,0.739,2522400,0.738,131380100,0.737,150809800,0.736,111255400,0.735,77428300,0.740,96471800,0.741,112455700,0.742,89802000,0.743,59895400,0.744,80812600,461,99999,0
sh513130,14:09:56,1767938999091,5685.82,0.8959,4.0869,0.738,0.7375,0.0678,1478000,1092172,0.739,0.738,131120000,0.737,151809800,0.736,110220400,0.735,77933300,0.734,58826100,0.739,4347400,0.740,96592700,0.741,113222500,0.742,89802000,0.743,59395400,722,99999,0
sh513130,14:10:00,1767939001084,5686.31,0.8959,3.3241,0.74,0.7375,0.339,860500,635917,0.739,0.739,200800,0.738,131465200,0.737,152109800,0.736,111597300,0.735,77438300,0.740,97584700,0.741,113212500,0.742,88804000,0.743,59750100,0.744,79807600,641,99999,0
sh513130,14:09:56,1767939002089,5686.31,0.8959,3.2625,0.738,0.7375,0.0678,0,0,0.738,0.738,131120000,0.737,151809800,0.736,110220400,0.735,77933300,0.734,58826100,0.739,4347400,0.740,96592700,0.741,113222500,0.742,89802000,0.743,59395400,1643,99999,2
sh513130,14:10:00,1767939003102,5686.42,0.8959,4.293,0.74,0.7375,0.339,0,0,0.74,0.739,200800,0.738,131465200,0.737,152109800,0.736,111597300,0.735,77438300,0.740,97584700,0.741,113212500,0.742,88804000,0.743,59750100,0.744,79807600,711,99999,0
sh513130,14:10:02,1767939006094,5686.26,0.8959,4.2933,0.739,0.7375,0.2034,52800,39019,0.739,0.739,9781900,0.738,131566000,0.737,152186800,0.736,111194300,0.735,77425300,0.740,96654800,0.741,113212500,0.742,89779000,0.743,59750100,0.744,79977100,1664,99999,0
sh513130,14:10:05,1767939009098,5686.88,0.8959,3.6268,0.739,0.7375,0.2034,301600,222882,0.739,0.739,4039200,0.738,131008100,0.737,150981200,0.736,111191500,0.735,77425300,0.740,96642700,0.741,113886300,0.742,89783500,0.743,59750100,0.744,79977100,355,99999,0
sh513130,14:10:09,1767939011103,5686.55,0.8959,4.158,0.739,0.7375,0.2034,3110100,2298370,0.739,0.739,6325500,0.738,130779400,0.737,151237600,0.736,111589900,0.735,77398100,0.740,95995400,0.741,113886300,0.742,90713500,0.743,59750100,0.744,79977100,171,99999,0
sh513130,14:10:11,1767939014102,5686.25,0.8959,3.1606,0.74,0.7375,0.339,144600,106863,0.739,0.739,6888900,0.738,130918400,0.737,150969300,0.736,111590000,0.735,77398000,0.740,104227900,0.741,105886300,0.742,91198600,0.743,60450100,0.744,79977100,975,99999,0
sh513130,14:10:14,1767939017478,5686.54,0.8959,3.8548,0.739,0.7375,0.2034,10600,7834,0.7391,0.739,6856900,0.738,130705700,0.737,150674100,0.736,111575000,0.735,77458000,0.740,104826600,0.741,105896300,0.742,91135900,0.743,60450100,0.744,79950200,1103,99999,0
sh513130,14:10:17,1767939020135,5686.78,0.8959,2.7054,0.739,0.7382,0.1084,0,0,0.739,0.739,6054200,0.738,130679200,0.737,149860900,0.736,111575000,0.735,77471500,0.740,105172500,0.741,105896300,0.742,91135900,0.743,60450100,0.744,79950200,437,99999,0
sh513130,14:10:20,1767939023133,5686.81,0.8959,2.413,0.739,0.7382,0.1084,290700,214829,0.739,0.739,2817000,0.738,129715700,0.737,149867300,0.736,111575000,0.735,77470700,0.740,97183700,0.741,113966100,0.742,91143500,0.743,60450100,0.744,79950200,710,99999,0
sh513130,14:10:23,1767939025135,5686.51,0.8959,3.0723,0.74,0.7382,0.2438,40100,29672,0.74,0.739,1705400,0.738,129500500,0.737,151143500,0.736,111565100,0.735,77393100,0.740,97281300,0.741,113850400,0.742,91143500,0.743,60450100,0.744,79950200,716,99999,0
sh513130,14:10:26,1767939030144,5686.07,0.8959,3.3857,0.739,0.7382,0.1084,2247700,1661050,0.739,0.738,130343400,0.737,152136700,0.736,110565100,0.735,77893100,0.734,58816700,0.739,7377900,0.740,97331600,0.741,112947300,0.742,90943500,0.743,59150100,1693,99999,0
sh513130,14:10:29,1767939031146,5686.27,0.8959,3.3231,0.739,0.7375,0.2034,68500,50622,0.739,0.738,130458000,0.737,152055900,0.736,110565300,0.735,77893100,0.734,58816700,0.739,9929100,0.740,101025600,0.741,116914500,0.742,88563500,0.743,59159100,515,99999,0
sh513130,14:10:32,1767939035172,5685.53,0.8959,3.2862,0.739,0.7375,0.2034,10500,7759,0.739,0.738,130504600,0.737,152014100,0.736,110559700,0.735,77893100,0.734,58816800,0.739,39766900,0.740,105414900,0.741,94912900,0.742,88604500,0.743,59159100,145,99999,0
sh513130,14:10:35,1767939039191,5685.76,0.8959,2.0507,0.738,0.7375,0.0678,258600,191017,0.7387,0.738,131100700,0.737,152027100,0.736,110559700,0.735,77893100,0.734,58816800,0.739,36993800,0.740,105462500,0.741,94915900,0.742,88604500,0.743,59159100,817,99999,0
sh513130,14:10:38,1767939041174,5685.72,0.8959,1.3943,0.739,0.7375,0.2034,3253700,2404484,0.739,0.738,131152200,0.737,151037200,0.736,110558400,0.735,77879600,0.734,58816800,0.739,35843200,0.740,105600700,0.741,94962400,0.742,88657900,0.743,59159100,741,99999,0
sh513130,14:10:41,1767939043171,5686.1,0.8959,1.8032,0.739,0.7375,0.2034,5000,3695,0.739,0.738,131461200,0.737,151037200,0.736,110598400,0.735,77880100,0.734,58816800,0.739,36941500,0.740,105413500,0.741,94979200,0.742,89157700,0.743,59159100,781,99999,0
sh513130,14:10:44,1767939046176,5685.78,0.8959,3.9293,0.739,0.7375,0.2034,36500,26973,0.739,0.738,131639900,0.737,151058200,0.736,110598400,0.735,77880100,0.734,58816800,0.739,37091000,0.740,105992600,0.741,94982500,0.742,89174600,0.743,59159100,231,99999,0
sh513130,14:10:47,1767939049251,5686.14,0.8959,3.4779,0.739,0.7375,0.2034,1407800,1040355,0.739,0.738,132970300,0.737,150894800,0.736,110629200,0.735,77880100,0.734,58816800,0.739,35578700,0.740,106269300,0.741,94982500,0.742,89174600,0.743,59176000,805,99999,0
sh513130,14:10:50,1767939052185,5685.78,0.8959,2.5641,0.739,0.7375,0.2034,1076800,795742,0.739,0.738,133153300,0.737,150894800,0.736,110629200,0.735,77880100,0.734,58816800,0.739,37762700,0.740,105769300,0.741,94482500,0.742,89174600,0.743,59172700,1800,99999,0
sh513130,14:10:53,1767939056212,5685.79,0.8959,3.7441,0.739,0.7375,0.2034,212500,157038,0.739,0.738,133268000,0.737,150890500,0.736,110629200,0.735,77880100,0.734,58821800,0.739,36752900,0.740,105866800,0.741,94482500,0.742,89174600,0.743,59172700,1529,99999,0
sh513130,14:10:56,1767939059204,5685.08,0.8959,3.6949,0.738,0.7375,0.0678,28000,20691,0.739,0.738,133267000,0.737,150840500,0.736,110656200,0.735,77880100,0.734,58821800,0.739,36825900,0.740,105866800,0.741,94482500,0.742,89174600,0.743,59186200,145,99999,0
sh513130,14:10:59,1767939062204,5685.51,0.8959,2.9851,0.738,0.7375,0.0678,1005500,743063,0.739,0.738,133159100,0.737,150770500,0.736,110730300,0.735,77881100,0.734,58821800,0.739,37541400,0.740,105946800,0.741,94489200,0.742,89574600,0.743,59186200,958,99999,0
sh513130,14:11:02,1767939065364,5685.41,0.8959,3.9491,0.738,0.7375,0.0678,97300,71880,0.7387,0.738,133147400,0.737,151076500,0.736,110751300,0.735,77881100,0.734,58821800,0.739,37469500,0.740,106086800,0.741,94500400,0.742,89574600,0.743,59186200,978,99999,0
sh513130,14:11:05,1767939069225,5685.49,0.8959,4.2585,0.739,0.7375,0.2034,68000,50234,0.7387,0.738,133442700,0.737,151586500,0.736,110751300,0.735,77881100,0.734,58821800,0.739,37321000,0.740,106257600,0.741,94507200,0.742,89544600,0.743,59186200,843,99999,0
sh513130,14:11:08,1767939070223,5685.49,0.8959,4.1135,0.739,0.7375,0.2034,39100,28895,0.739,0.738,133622200,0.737,151638000,0.736,110751300,0.735,77881100,0.734,58821800,0.739,37392600,0.740,106420400,0.741,94507200,0.742,88593500,0.743,59186200,218,99999,0
sh513130,14:11:11,1767939073245,5684.94,0.8959,3.6251,0.739,0.7375,0.2034,0,0,0.739,0.738,134696000,0.737,151688500,0.736,111221100,0.735,77881100,0.734,58821800,0.739,37456100,0.740,106420400,0.741,94507200,0.742,88593500,0.743,59173200,824,99999,0
sh513130,14:11:14,1767939077248,5686.45,0.8959,3.3661,0.738,0.7375,0.0678,8000,5907,0.7384,0.738,134712700,0.737,151690500,0.736,111221100,0.735,77880900,0.734,58821800,0.739,37309100,0.740,106570000,0.741,94507200,0.742,88593500,0.743,59173200,681,99999,0
sh513130,14:11:17,1767939079243,5686.01,0.8959,3.4816,0.739,0.7375,0.2034,662100,488679,0.7381,0.738,134238600,0.737,151722500,0.736,111241100,0.735,77875900,0.734,58714500,0.739,37772700,0.740,108779400,0.741,94207200,0.742,88594100,0.743,59173200,492,99999,0
sh513130,14:11:20,1767939083243,5686.18,0.8959,5.8618,0.739,0.7375,0.2034,115400,85281,0.739,0.738,134737700,0.737,151822500,0.736,111201800,0.735,77875900,0.734,58714500,0.739,37657300,0.740,108897000,0.741,94197200,0.742,88194100,0.743,59073200,114,99999,0
sh513130,14:11:23,1767939085263,5685.46,0.8959,4.722,0.739,0.7375,0.2034,118400,87387,0.7381,0.738,134581200,0.737,151855100,0.736,111208800,0.735,77875900,0.734,58714500,0.739,38074500,0.740,109007000,0.741,94188600,0.742,87980800,0.743,59073200,890,99999,0
sh513130,14:11:26,1767939089269,5684.55,0.8959,2.1163,0.738,0.7375,0.0678,618700,456601,0.738,0.738,134009900,0.737,152558400,0.736,111208800,0.735,77875900,0.734,58714500,0.739,38074500,0.740,109719500,0.741,94188600,0.742,88113900,0.743,59073200,881,99999,0
sh513130,14:11:29,1767939092259,5685.0,0.8959,2.3678,0.738,0.7375,0.0678,200,148,0.74,0.738,134077400,0.737,152675600,0.736,111208800,0.735,77877900,0.734,58714500,0.739,38516200,0.740,109851600,0.741,94188600,0.742,88113900,0.743,59073200,392,99999,0
sh513130,14:11:32,1767939095282,5684.92,0.8959,2.7624,0.739,0.7375,0.2034,10000,7390,0.739,0.738,134155200,0.737,152689600,0.736,111206800,0.735,77877900,0.734,58713500,0.739,38853900,0.740,109831600,0.741,94188600,0.742,88113900,0.743,59113400,862,99999,0
sh513130,14:11:35,1767939098284,5684.04,0.8959,3.1912,0.739,0.7375,0.2034,55900,41310,0.739,0.738,134259000,0.737,152688200,0.736,111206800,0.735,77877900,0.734,58697900,0.739,38513400,0.740,109659600,0.741,94859500,0.742,88513900,0.743,59113400,1919,99999,0
sh513130,14:11:38,1767939100284,5684.42,0.8959,2.7716,0.739,0.7375,0.2034,3000,2217,0.739,0.738,134103000,0.737,152678200,0.736,111206800,0.735,77878900,0.734,58692900,0.739,38530400,0.740,109722200,0.741,94659500,0.742,88113900,0.743,59113400,1843,99999,0
sh513130,14:11:41,1767939103289,5683.82,0.8959,3.2918,0.739,0.7375,0.2034,4000,2956,0.739,0.738,133231800,0.737,152827200,0.736,112326900,0.735,77868900,0.734,58692900,0.739,39232300,0.740,110378700,0.741,94631500,0.742,87579100,0.743,59113400,430,99999,0
sh513130,14:11:44,1767939107289,5682.9,0.8959,3.0785,0.739,0.7375,0.2034,158600,117205,0.739,0.738,133263800,0.737,152814500,0.736,112331900,0.735,77868900,0.734,58692900,0.739,39088700,0.740,110779700,0.741,94631500,0.742,87577500,0.743,59113400,101,99999,0
sh513130,14:11:47,1767939110305,5681.62,0.8959,3.653,0.738,0.7375,0.0678,168600,124455,0.7382,0.738,109055100,0.737,164403300,0.736,112638900,0.735,76879000,0.734,58692800,0.739,40814700,0.740,102976000,0.741,102631500,0.742,87556200,0.743,59113400,935,99999,0
sh513130,14:11:50,1767939113321,5681.71,0.8959,2.7184,0.739,0.7375,0.2034,98600,72864,0.739,0.738,107928700,0.737,164361700,0.736,113637900,0.735,76879000,0.734,58692800,0.739,40830000,0.740,102926000,0.741,102631500,0.742,87556200,0.743,59113400,914,99999,0
sh513130,14:11:53,1767939115298,5681.36,0.8959,2.8093,0.738,0.7362,0.2445,10000,7380,0.738,0.738,107292700,0.737,164409000,0.736,113530400,0.735,76844400,0.734,58692800,0.739,41364800,0.740,102865100,0.741,102631500,0.742,87556200,0.743,59053400,908,99999,0
sh513130,14:11:57,1767939119310,5681.22,0.8959,3.4163,0.739,0.7362,0.3803,11000,8127,0.7388,0.738,96109700,0.737,164409000,0.736,131612900,0.735,76889300,0.734,58692900,0.739,49998400,0.740,102765100,0.741,94631500,0.742,87356200,0.743,59053400,903,99999,0
sh513130,14:11:59,1767939122324,5680.63,0.8959,3.3392,0.739,0.7362,0.3803,164500,121466,0.7384,0.738,96542500,0.737,164428900,0.736,131612900,0.735,76889300,0.734,58697900,0.739,54061500,0.740,102260100,0.741,94731500,0.742,87429800,0.743,59053400,16,99999,0
sh513130,14:12:02,1767939125333,5680.48,0.8959,2.111,0.739,0.7362,0.3803,693600,512570,0.739,0.738,96502500,0.737,164373000,0.736,131545100,0.735,76889300,0.734,58697900,0.739,54727900,0.740,102224800,0.741,94741500,0.742,87429800,0.743,59299500,631,99999,0
sh513130,14:12:05,1767939128330,5679.8,0.8959,2.5081,0.739,0.7362,0.3803,5700,4213,0.7391,0.738,94718800,0.737,164371400,0.736,132535100,0.735,77989300,0.734,58697900,0.739,54958800,0.740,102310700,0.741,94741500,0.742,87429800,0.743,59242500,13,99999,0
sh513130,14:12:08,1767939131329,5680.55,0.8959,1.8336,0.739,0.7362,0.3803,4300,3177,0.7388,0.738,96751200,0.737,164293000,0.736,131550100,0.735,77989300,0.734,58697900,0.739,55179500,0.740,102262800,0.741,94741500,0.742,87429800,0.743,59252500,71,99999,0
sh513130,14:12:11,1767939134332,5680.6,0.8959,3.8576,0.739,0.7362,0.3803,43100,31851,0.739,0.738,126203500,0.737,164987100,0.736,131550100,0.735,77989300,0.734,58697900,0.739,54160700,0.740,102275100,0.741,94741500,0.742,87413800,0.743,59252500,888,99999,0
sh513130,14:12:14,1767939137359,5679.97,0.8959,4.3874,0.739,0.7369,0.285,9009200,6649798,0.7381,0.738,107431000,0.737,165017100,0.736,131550100,0.735,76989300,0.734,58697800,0.739,54039900,0.740,102299100,0.741,94786600,0.742,87413800,0.743,59232400,1012,99999,0
sh513130,14:12:17,1767939139350,5680.45,0.8959,4.6739,0.739,0.7376,0.1898,175900,129932,0.7387,0.738,131798100,0.737,165033100,0.736,131550100,0.735,77989300,0.734,58697800,0.739,47484200,0.740,102058600,0.741,94786100,0.742,87413800,0.743,59232400,1003,99999,0
sh513130,14:12:20,1767939143354,5680.34,0.8959,5.7205,0.738,0.7376,0.0542,45000,33210,0.738,0.738,119745300,0.737,165193700,0.736,131550100,0.735,77039400,0.734,58697800,0.739,49527700,0.740,102057600,0.741,102786100,0.742,87413800,0.743,59232400,980,99999,0
sh513130,14:12:23,1767939145344,5679.71,0.8959,6.3266,0.739,0.7369,0.285,116100,85778,0.7388,0.738,107811900,0.737,165193700,0.736,131550100,0.735,77039400,0.734,58667800,0.739,49579100,0.740,101954600,0.741,102286100,0.742,87413800,0.743,59232400,930,99999,0
sh513130,14:12:26,1767939149376,5679.71,0.8959,5.1191,0.738,0.7369,0.1493,40600,29984,0.7385,0.738,108373100,0.737,165344300,0.736,131547600,0.735,77039300,0.734,58667900,0.739,57558500,0.740,101909300,0.741,94286100,0.742,87413800,0.743,59222400,631,99999,0
sh513130,14:12:29,1767939152364,5680.43,0.8959,4.8798,0.738,0.7369,0.1493,19200,14169,0.738,0.738,120402800,0.737,165344300,0.736,131542600,0.735,77061800,0.734,58667900,0.739,57595800,0.740,101942400,0.741,94286100,0.742,87379100,0.743,59222400,14,99999,0
sh513130,14:12:33,1767939156362,5679.95,0.8959,3.4696,0.739,0.7369,0.285,2100,1552,0.739,0.738,108442700,0.737,165552100,0.736,131552600,0.735,77061800,0.734,58667900,0.739,57762300,0.740,102442400,0.741,94276100,0.742,87379100,0.743,59222400,61,99999,0
sh513130,14:12:35,1767939158371,5681.33,0.8959,3.4563,0.739,0.7369,0.285,32300,23870,0.739,0.738,107621200,0.737,165458700,0.736,132542600,0.735,77059800,0.734,58667900,0.739,57730000,0.740,102582400,0.741,94178600,0.742,87379100,0.743,59222400,69,99999,0
sh513130,14:12:38,1767939160378,5680.36,0.8959,3.852,0.738,0.7369,0.1493,160000,118090,0.7381,0.738,119763200,0.737,164693400,0.736,132157700,0.735,77059800,0.734,58667900,0.739,57714400,0.740,102080800,0.741,94178600,0.742,87387100,0.743,59222400,32,99999,0
sh513130,14:12:41,1767939163374,5680.0,0.8959,4.007,0.739,0.7369,0.285,86300,63740,0.7386,0.738,131446500,0.737,164750100,0.736,132173400,0.735,78059800,0.734,58667900,0.739,57488100,0.740,102576300,0.741,94178600,0.742,87474100,0.743,59222400,999,99999,0
sh513130,14:12:44,1767939167377,5680.15,0.8959,4.8281,0.739,0.7369,0.285,12000,8858,0.7382,0.738,133277100,0.737,165236800,0.736,131183400,0.735,78071400,0.734,58667900,0.739,57488100,0.740,102626300,0.741,94069200,0.742,87433100,0.743,59222400,1009,99999,0
sh513130,14:12:47,1767939170368,5681.12,0.8959,4.7465,0.738,0.7369,0.1493,107000,78976,0.7381,0.738,133331900,0.737,165473500,0.736,131183400,0.735,78071400,0.734,58651700,0.739,57491300,0.740,102626300,0.741,94069200,0.742,87433100,0.743,59222400,74,99999,0
sh513130,14:12:50,1767939173377,5682.29,0.8959,4.0045,0.739,0.7369,0.285,150200,110947,0.7387,0.738,134337800,0.737,165473500,0.736,130241800,0.735,78052400,0.734,58651700,0.739,57407000,0.740,103187200,0.741,94090000,0.742,87086800,0.743,59222400,585,99999,0
sh513130,14:12:53,1767939175378,5682.26,0.8959,3.4111,0.739,0.7369,0.285,75600,55863,0.7389,0.738,135399500,0.737,165480100,0.736,130156300,0.735,78042400,0.734,58651700,0.739,57313200,0.740,103187200,0.741,94090000,0.742,87086800,0.743,59222400,395,99999,0
sh513130,14:12:50,1767939176379,5682.13,0.8959,3.0784,0.739,0.7369,0.285,0,0,0.739,0.738,134337800,0.737,165473500,0.736,130241800,0.735,78052400,0.734,58651700,0.739,57407000,0.740,103187200,0.741,94090000,0.742,87086800,0.743,59222400,59,99999,2
sh513130,14:12:53,1767939177372,5682.13,0.8959,2.8785,0.739,0.7369,0.285,0,0,0.739,0.738,135399500,0.737,165480100,0.736,130156300,0.735,78042400,0.734,58651700,0.739,57313200,0.740,103187200,0.741,94090000,0.742,87086800,0.743,59222400,193,99999,0
sh513130,14:12:56,1767939179377,5682.85,0.8959,3.2196,0.739,0.7369,0.285,50000,36910,0.7382,0.738,135829400,0.737,165480100,0.736,130159300,0.735,78334700,0.734,58651700,0.739,56840900,0.740,102834000,0.741,94071600,0.742,87053200,0.743,59222400,10,99999,0
sh513130,14:12:59,1767939181416,5682.75,0.8959,2.6068,0.739,0.7369,0.285,0,0,0.739,0.738,136107000,0.737,165648100,0.736,130099300,0.735,78334700,0.734,58651700,0.739,56566100,0.740,102846000,0.741,94003800,0.742,87053200,0.743,59222400,1029,99999,0
sh513130,14:12:56,1767939182394,5682.75,0.8959,2.213,0.739,0.7369,0.285,0,0,0.739,0.738,135829400,0.737,165480100,0.736,130159300,0.735,78334700,0.734,58651700,0.739,56840900,0.740,102834000,0.741,94071600,0.742,87053200,0.743,59222400,830,99999,0
sh513130,14:12:59,1767939183411,5682.49,0.8959,2.3316,0.739,0.7369,0.285,0,0,0.739,0.738,136107000,0.737,165648100,0.736,130099300,0.735,78334700,0.734,58651700,0.739,56566100,0.740,102846000,0.741,94003800,0.742,87053200,0.743,59222400,924,99999,0
sh513130,14:13:02,1767939184396,5682.26,0.8959,3.1971,0.738,0.7369,0.1493,12600,9309,0.7388,0.738,136149600,0.737,165648100,0.736,130099300,0.735,78334700,0.734,58652000,0.739,56556100,0.740,102956100,0.741,93973800,0.742,86853200,0.743,59192400,14,99999,0
sh513130,14:13:06,1767939187412,5681.97,0.8959,3.7817,0.739,0.7369,0.285,123500,91265,0.739,0.738,135184700,0.737,165803700,0.736,131288600,0.735,78334700,0.734,58639800,0.739,56472300,0.740,103556100,0.741,93973800,0.742,86853200,0.743,59192400,1049,99999,0
sh513130,14:13:08,1767939191441,5681.48,0.8959,3.074,0.739,0.7376,0.1898,31800,23496,0.7389,0.738,123369600,0.737,165900800,0.736,131329400,0.735,77042400,0.734,58639800,0.739,56560200,0.740,103600300,0.741,93973800,0.742,86933600,0.743,59192400,1055,99999,0
sh513130,14:13:11,1767939193410,5681.6,0.8959,2.9537,0.739,0.7376,0.1898,6600,4874,0.7385,0.738,111458700,0.737,165435800,0.736,131335400,0.735,77042500,0.734,58639800,0.739,50556000,0.740,111627300,0.741,93973800,0.742,86933600,0.743,59192400,871,99999,0
sh513130,14:13:14,1767939196399,5681.57,0.8959,3.8086,0.739,0.7369,0.285,72600,53634,0.7388,0.738,111829000,0.737,165459900,0.736,131355300,0.735,77043500,0.734,58639800,0.739,50559100,0.740,111601300,0.741,93973800,0.742,86875400,0.743,59192400,27,99999,0
sh513130,14:13:18,1767939199402,5681.02,0.8959,3.1609,0.738,0.7369,0.1493,76200,56236,0.738,0.738,111713900,0.737,165460900,0.736,131586500,0.735,77043400,0.734,58639900,0.739,58562600,0.740,103881300,0.741,93973800,0.742,86865400,0.743,59192400,1040,99999,0
sh513130,14:13:20,1767939203407,5680.6,0.8959,2.5632,0.739,0.7369,0.285,223900,165462,0.739,0.738,111968500,0.737,165673900,0.736,131568500,0.735,77048400,0.734,58640000,0.739,58401600,0.740,103911200,0.741,93912500,0.742,86865400,0.743,59192400,1021,99999,0
sh513130,14:13:23,1767939205418,5681.17,0.8959,3.7243,0.738,0.7369,0.1493,11100,8192,0.738,0.738,112087700,0.737,165674900,0.736,131566500,0.735,77049900,0.734,58646000,0.739,58481100,0.740,103962300,0.741,93912500,0.742,86867900,0.743,59192400,988,99999,0
sh513130,14:13:20,1767939206416,5680.32,0.8959,3.6568,0.739,0.7369,0.285,0,0,0.739,0.738,111968500,0.737,165673900,0.736,131568500,0.735,77048400,0.734,58640000,0.739,58401600,0.740,103911200,0.741,93912500,0.742,86865400,0.743,59192400,12,99999,2
sh513130,14:13:23,1767939207417,5680.32,0.8959,3.3742,0.738,0.7369,0.1493,0,0,0.738,0.738,112087700,0.737,165674900,0.736,131566500,0.735,77049900,0.734,58646000,0.739,58481100,0.740,103962300,0.741,93912500,0.742,86867900,0.743,59192400,1013,99999,0
sh513130,14:13:27,1767939208415,5679.56,0.8959,2.9914,0.738,0.7369,0.1493,40100,29598,0.7381,0.738,94021000,0.737,165665900,0.736,131871500,0.735,77049400,0.734,57646000,0.739,58448100,0.740,103982300,0.741,93920700,0.742,86867900,0.743,59192400,66,99999,0
sh513130,14:13:29,1767939211436,5680.1,0.8959,3.1738,0.739,0.7369,0.285,169600,125334,0.739,0.738,93079300,0.737,165749100,0.736,131896500,0.735,78049400,0.734,57649400,0.739,58339800,0.740,103992300,0.741,93920400,0.742,86867900,0.743,59212400,1061,99999,0
sh513130,14:13:32,1767939214419,5679.8,0.8959,3.2466,0.738,0.7369,0.1493,14000,10342,0.7387,0.738,91708200,0.737,165543300,0.736,132670500,0.735,78049400,0.734,57649300,0.739,58411600,0.740,104016800,0.741,93920400,0.742,86879100,0.743,59212400,1,99999,0
sh513130,14:13:35,1767939217456,5679.88,0.8959,3.5675,0.739,0.7369,0.285,100000,73807,0.7381,0.738,91759500,0.737,165633300,0.736,132670500,0.735,78049400,0.734,57649300,0.739,58708700,0.740,104018000,0.741,93920400,0.742,86849100,0.743,59212400,853,99999,0
sh513130,14:13:38,1767939220429,5680.65,0.8959,1.9568,0.738,0.7369,0.1493,1000,738,0.738,0.738,93292600,0.737,165651900,0.736,132670500,0.735,77009500,0.734,57649300,0.739,58680000,0.740,104207900,0.741,93920400,0.742,86849100,0.743,59212400,22,99999,0
sh513130,14:13:41,1767939223426,5679.87,0.8959,1.8236,0.739,0.7369,0.285,43700,32280,0.7387,0.738,93483100,0.737,165633500,0.736,132670500,0.735,77010500,0.734,57649300,0.739,58650000,0.740,104159400,0.741,93920400,0.742,86949100,0.743,59212400,245,99999,0
sh513130,14:13:44,1767939227437,5680.17,0.8959,1.5792,0.738,0.7369,0.1493,5000,3690,0.738,0.738,93349100,0.737,165598500,0.736,132684500,0.735,77010500,0.734,57649300,0.739,59367700,0.740,104179400,0.741,93910400,0.742,86948100,0.743,59212400,1049,99999,0
sh513130,14:13:47,1767939229437,5680.41,0.8959,2.6863,0.739,0.7369,0.285,139700,103239,0.739,0.738,92498800,0.737,165600800,0.736,132674500,0.735,78010500,0.734,57354300,0.739,59228000,0.740,104469400,0.741,93921200,0.742,86948100,0.743,59212400,1088,99999,0
sh513130,14:13:44,1767939230427,5680.13,0.8959,2.3118,0.738,0.7369,0.1493,0,0,0.738,0.738,93349100,0.737,165598500,0.736,132684500,0.735,77010500,0.734,57649300,0.739,59367700,0.740,104179400,0.741,93910400,0.742,86948100,0.743,59212400,32,99999,2
sh513130,14:13:47,1767939231438,5680.13,0.8959,3.5452,0.739,0.7369,0.285,0,0,0.739,0.738,92498800,0.737,165600800,0.736,132674500,0.735,78010500,0.734,57354300,0.739,59228000,0.740,104469400,0.741,93921200,0.742,86948100,0.743,59212400,1041,99999,0
sh513130,14:13:50,1767939233444,5680.02,0.8959,5.0413,0.739,0.7369,0.285,57100,42193,0.7389,0.738,93496400,0.737,165600800,0.736,132681000,0.735,76999600,0.734,57354300,0.739,59213300,0.740,108545300,0.741,93921200,0.742,86948100,0.743,59212400,1071,99999,0
sh513130,14:13:53,1767939235438,5679.84,0.8959,3.2051,0.739,0.7369,0.285,64800,47881,0.7389,0.738,93536500,0.737,165672800,0.736,132681000,0.735,76999600,0.734,57354300,0.739,59190200,0.740,108545300,0.741,93900700,0.742,86923500,0.743,59212400,1044,99999,0
sh513130,14:13:56,1767939238452,5680.41,0.8959,3.7542,0.739,0.7369,0.285,260300,192331,0.7389,0.738,93571300,0.737,165503400,0.736,132681000,0.735,77009600,0.734,57354300,0.739,58991800,0.740,108616200,0.741,93920700,0.742,86923500,0.743,59212400,70,99999,0
sh513130,14:14:00,1767939242464,5680.8,0.8959,2.5112,0.739,0.7369,0.285,65000,47973,0.738,0.738,123492500,0.737,165507600,0.736,132797500,0.735,77009600,0.734,57354300,0.739,59314700,0.740,108534200,0.741,93859200,0.742,87083500,0.743,59212400,54,99999,0
sh513130,14:14:02,1767939245459,5680.85,0.8959,5.701,0.739,0.7369,0.285,137800,101833,0.739,0.738,135789500,0.737,165598100,0.736,132497500,0.735,78009600,0.734,57339300,0.739,59276400,0.740,108494600,0.741,93859200,0.742,87083500,0.743,59454600,364,99999,0
sh513130,14:14:05,1767939248458,5681.21,0.8959,4.6166,0.738,0.7369,0.1493,38600,28488,0.738,0.738,124457500,0.737,165680000,0.736,131210300,0.735,77159900,0.734,57339300,0.739,59276400,0.740,108494600,0.741,93945900,0.742,87083500,0.743,59454600,82,99999,0
sh513130,14:14:08,1767939251449,5680.67,0.8959,3.7465,0.739,0.7369,0.285,409800,302473,0.7381,0.738,124283300,0.737,165677000,0.736,131210300,0.735,77164900,0.734,57339300,0.739,59303400,0.740,108682600,0.741,94120100,0.742,87063200,0.743,59454600,1063,99999,0
sh513130,14:14:12,1767939254465,5680.43,0.8959,1.8591,0.738,0.7369,0.1493,85600,63203,0.7384,0.738,112280000,0.737,165780900,0.736,131469300,0.735,77164900,0.734,57339300,0.739,59292900,0.740,108683600,0.741,94120100,0.742,87068200,0.743,59454600,126,99999,0
sh513130,14:14:14,1767939256475,5680.72,0.8959,1.7123,0.739,0.7369,0.285,6000,4434,0.739,0.738,93383400,0.737,165821600,0.736,131469300,0.735,78132700,0.734,57148300,0.739,59321600,0.740,108615200,0.741,94123100,0.742,87068200,0.743,59454600,109,99999,0
sh513130,14:14:18,1767939259460,5681.18,0.8959,0.4115,0.738,0.7369,0.1493,110000,81190,0.7381,0.738,94409400,0.737,165791600,0.736,131462000,0.735,77132700,0.734,57148300,0.739,59318400,0.740,108779800,0.741,94013100,0.742,87068200,0.743,59454600,1071,99999,0
sh513130,14:14:20,1767939262488,5681.15,0.8959,3.9406,0.739,0.7369,0.285,700,517,0.7386,0.738,112460700,0.737,166772700,0.736,131470100,0.735,77132700,0.734,57148300,0.739,59337700,0.740,108832300,0.741,93973100,0.742,87310400,0.743,59454600,148,99999,0
sh513130,14:14:23,1767939265482,5680.82,0.8959,3.6314,0.739,0.7369,0.285,10000,7390,0.739,0.738,93534000,0.737,166771300,0.736,131470100,0.735,78132700,0.734,57148300,0.739,59429400,0.740,108801100,0.741,93954300,0.742,87310400,0.743,59454600,684,99999,0
sh513130,14:14:26,1767939268469,5680.15,0.8959,4.4623,0.739,0.7369,0.285,12600,9312,0.739,0.738,95196800,0.737,166775900,0.736,131463100,0.735,77122800,0.734,57148300,0.739,51510600,0.740,116926800,0.741,93944300,0.742,87305400,0.743,59454600,80,99999,0
sh513130,14:14:30,1767939270482,5680.77,0.8959,4.8167,0.738,0.7369,0.1493,79100,58385,0.7381,0.738,95348100,0.737,166775900,0.736,131463100,0.735,77094700,0.734,57148300,0.739,51433200,0.740,117302300,0.741,93944300,0.742,87305400,0.743,59454600,108,99999,0
sh513130,14:14:26,1767939271482,5680.77,0.8959,5.2802,0.739,0.7369,0.285,0,0,0.739,0.738,95196800,0.737,166775900,0.736,131463100,0.735,77122800,0.734,57148300,0.739,51510600,0.740,116926800,0.741,93944300,0.742,87305400,0.743,59454600,70,99999,2
sh513130,14:14:30,1767939272500,5680.48,0.8959,5.3236,0.738,0.7369,0.1493,0,0,0.738,0.738,95348100,0.737,166775900,0.736,131463100,0.735,77094700,0.734,57148300,0.739,51433200,0.740,117302300,0.741,93944300,0.742,87305400,0.743,59454600,95,99999,0
sh513130,14:14:32,1767939274506,5680.0,0.8959,4.3897,0.739,0.7362,0.3803,120000,88680,0.739,0.738,125355300,0.737,166780900,0.736,131463400,0.735,77094600,0.734,57158400,0.739,59334600,0.740,109266400,0.741,93942900,0.742,87305400,0.743,59454600,54,99999,0
sh513130,14:14:36,1767939278493,5680.96,0.8959,3.1976,0.739,0.7362,0.3803,40500,29903,0.7383,0.738,125364700,0.737,166943700,0.736,131443400,0.735,77094600,0.734,57158300,0.739,59367600,0.740,109307800,0.741,93942900,0.742,87305400,0.743,59454600,46,99999,0
sh513130,14:14:38,1767939280511,5680.91,0.8959,4.783,0.739,0.7369,0.285,118300,87414,0.7389,0.738,109183600,0.737,166985400,0.736,133444300,0.735,80008100,0.734,57158300,0.739,59128700,0.740,109327800,0.741,93947900,0.742,87122100,0.743,59454600,135,99999,0
sh513130,14:14:41,1767939283507,5680.89,0.8959,2.7141,0.738,0.7369,0.1493,44200,32625,0.7381,0.738,109161100,0.737,166985400,0.736,133444300,0.735,80003100,0.734,57158400,0.739,59213500,0.740,109327800,0.741,93944400,0.742,87122100,0.743,59454600,1108,99999,0
sh513130,14:14:44,1767939286500,5680.68,0.8959,2.6417,0.738,0.7369,0.1493,493300,364537,0.739,0.738,109528200,0.737,166959400,0.736,133454300,0.735,80016000,0.734,57158400,0.739,58731600,0.740,109331300,0.741,93949900,0.742,87098600,0.743,59454600,83,99999,0
sh513130,14:14:47,1767939289514,5680.74,0.8959,3.037,0.738,0.7369,0.1493,601400,443833,0.738,0.738,110070800,0.737,166931400,0.736,132269300,0.735,80016000,0.734,57158400,0.739,58800900,0.740,109300400,0.741,93750200,0.742,87098600,0.743,59454600,621,99999,0
sh513130,14:14:50,1767939292500,5680.03,0.8959,3.2635,0.739,0.7369,0.285,104700,77374,0.739,0.738,89396700,0.737,166956700,0.736,132258100,0.735,80016000,0.734,57158400,0.739,58719600,0.740,109343600,0.741,93750200,0.742,87098600,0.743,59454600,112,99999,0
sh513130,14:14:53,1767939296520,5679.59,0.8959,3.7556,0.739,0.7369,0.285,101300,74760,0.738,0.738,93339100,0.737,166490300,0.736,133248600,0.735,80016000,0.734,57158400,0.739,58716800,0.740,109349300,0.741,93800200,0.742,87098600,0.743,59446700,158,99999,0
sh513130,14:14:56,1767939299523,5679.28,0.8959,2.0559,0.739,0.7369,0.285,54800,40447,0.7381,0.738,93462400,0.737,166490300,0.736,133288600,0.735,80005000,0.734,57158400,0.739,58896300,0.740,109349300,0.741,93740200,0.742,87098600,0.743,59446700,1109,99999,0
sh513130,14:15:00,1767939303530,5679.65,0.8959,1.7115,0.739,0.7369,0.285,465000,343193,0.738,0.738,92971600,0.737,166490300,0.736,133238600,0.735,80005000,0.734,57158400,0.739,58828800,0.740,109378100,0.741,93740200,0.742,87098600,0.743,59446700,1105,99999,0
sh513130,14:15:02,1767939305539,5679.9,0.8959,1.4062,0.739,0.7369,0.285,11800,8714,0.7385,0.738,93169000,0.737,166501300,0.736,133245800,0.735,79995000,0.734,57158400,0.739,58830400,0.740,109478100,0.741,93740200,0.742,87118600,0.743,59446700,1183,99999,0
sh513130,14:15:05,1767939307523,5681.0,0.8959,1.3258,0.739,0.7369,0.285,61700,45597,0.739,0.738,94086700,0.737,166501600,0.736,133245800,0.735,79995000,0.734,57178400,0.739,59012500,0.740,109819100,0.741,93730200,0.742,87231800,0.743,59446700,973,99999,0
sh513130,14:15:09,1767939310523,5681.33,0.8959,2.1293,0.738,0.7369,0.1493,6900,5098,0.7388,0.738,94190500,0.737,166511600,0.736,133241600,0.735,79995000,0.734,57178400,0.739,59006100,0.740,109793000,0.741,93730200,0.742,87231800,0.743,59446700,226,99999,0
sh513130,14:15:12,1767939314535,5682.74,0.8959,4.829,0.739,0.7369,0.285,152400,112474,0.738,0.738,140653400,0.737,166441600,0.736,132249600,0.735,77945000,0.734,57178400,0.739,59033100,0.740,110083000,0.741,93730200,0.742,87211700,0.743,59446700,150,99999,0
sh513130,14:15:14,1767939316540,5683.11,0.8959,8.0312,0.739,0.7369,0.285,1010200,746538,0.739,0.738,142408800,0.737,166940100,0.736,130959600,0.735,77965000,0.734,57178400,0.739,58032900,0.740,110583000,0.741,93730200,0.742,87217700,0.743,59146700,180,99999,0
sh513130,14:15:18,1767939320548,5683.37,0.8959,4.8241,0.739,0.7369,0.285,23300,17219,0.739,0.738,141564100,0.737,167920100,0.736,131949600,0.735,77972800,0.734,57183400,0.739,58089600,0.740,110593000,0.741,93730200,0.742,87217700,0.743,59146700,183,99999,0
sh513130,14:15:20,1767939323549,5682.78,0.8959,4.8453,0.739,0.7369,0.285,124900,92301,0.739,0.738,142579800,0.737,167935800,0.736,131187700,0.735,77970000,0.734,57183400,0.739,58117100,0.740,110839100,0.741,93730200,0.742,87203300,0.743,59146700,1178,99999,0
sh513130,14:15:23,1767939325548,5682.18,0.8959,4.0649,0.739,0.7369,0.285,6100,4507,0.7389,0.738,140592400,0.737,167936400,0.736,131217700,0.735,79975000,0.734,57183400,0.739,58096000,0.740,110839100,0.741,93750200,0.742,87203300,0.743,59146700,1182,99999,0
sh513130,14:15:26,1767939327550,5682.61,0.8959,4.7624,0.739,0.7369,0.285,3000,2217,0.739,0.738,142777900,0.737,167922400,0.736,131225400,0.735,77975000,0.734,57183400,0.739,58098500,0.740,110852400,0.741,93750200,0.742,87203300,0.743,59146700,1175,99999,0
sh513130,14:15:29,1767939331550,5683.17,0.8959,4.2537,0.739,0.7369,0.285,5100,3769,0.739,0.738,142956400,0.737,167912400,0.736,131225400,0.735,77956700,0.734,57183400,0.739,57774100,0.740,110498400,0.741,94148400,0.742,87203300,0.743,59156700,1061,99999,0
sh513130,14:15:32,1767939334554,5683.65,0.8959,3.3279,0.738,0.7369,0.1493,52700,38912,0.7384,0.738,142991700,0.737,167752900,0.736,131179600,0.735,77956300,0.734,57183000,0.739,58005300,0.740,110516200,0.741,94148400,0.742,87203300,0.743,59132000,216,99999,0
sh513130,14:15:35,1767939337564,5684.04,0.8959,2.7466,0.739,0.7369,0.285,520000,383780,0.738,0.738,143913600,0.737,167741400,0.736,130218100,0.735,77956300,0.734,57183000,0.739,57965300,0.740,110523600,0.741,94148400,0.742,87203300,0.743,59132000,498,99999,0
sh513130,14:15:38,1767939340567,5683.85,0.8959,2.3626,0.738,0.7375,0.0678,249700,184480,0.7388,0.738,143703600,0.737,167773600,0.736,130068100,0.735,77946300,0.734,57183000,0.739,57764000,0.740,110537000,0.741,94148400,0.742,87110600,0.743,59132000,171,99999,0
sh513130,14:15:42,1767939343570,5684.04,0.8959,1.6717,0.739,0.7375,0.2034,30500,22540,0.739,0.738,143772400,0.737,167463900,0.736,130075000,0.735,77946400,0.734,57182900,0.739,51010000,0.740,111098300,0.741,101858400,0.742,87140600,0.743,59132000,1207,99999,0
sh513130,14:15:44,1767939347579,5683.8,0.8959,1.611,0.739,0.7375,0.2034,14900,11011,0.739,0.738,142873400,0.737,167507500,0.736,131036100,0.735,77946400,0.734,57182900,0.739,50823200,0.740,110989300,0.741,101858400,0.742,87140600,0.743,59132000,1131,99999,0
sh513130,14:15:47,1767939350571,5684.08,0.8959,1.826,0.739,0.7368,0.2986,4600,3395,0.738,0.738,142884100,0.737,167521500,0.736,131038100,0.735,77946500,0.734,57182900,0.739,53048300,0.740,110989300,0.741,101858400,0.742,87140600,0.743,59117000,183,99999,0
sh513130,14:15:50,1767939352573,5683.8,0.8959,2.1965,0.739,0.7368,0.2986,128200,94740,0.739,0.738,143504300,0.737,167481500,0.736,131054100,0.735,77947300,0.734,57183000,0.739,53470100,0.740,118986100,0.741,93658400,0.742,87140600,0.743,59117000,171,99999,0
sh513130,14:15:53,1767939356583,5683.94,0.8959,2.0798,0.739,0.7368,0.2986,17400,12858,0.739,0.738,144526300,0.737,167467300,0.736,130064100,0.735,77896200,0.734,57146900,0.739,54459700,0.740,118982100,0.741,93658400,0.742,87130600,0.743,59087000,222,99999,0
sh513130,14:15:57,1767939359592,5683.99,0.8959,2.0713,0.739,0.7368,0.2986,0,0,0.739,0.738,144943700,0.737,167555100,0.736,129989500,0.735,77896200,0.734,57146900,0.739,52751800,0.740,118982100,0.741,93658400,0.742,87130600,0.743,59087000,640,99999,0
sh513130,14:15:59,1767939361583,5684.81,0.8959,2.4709,0.739,0.7369,0.285,2200,1626,0.7391,0.738,144033700,0.737,167553900,0.736,130969500,0.735,77897100,0.734,57117900,0.739,53590100,0.740,118979600,0.741,93658400,0.742,87130600,0.743,59076500,432,99999,0
sh513130,14:16:02,1767939365591,5685.12,0.8959,5.0853,0.739,0.7368,0.2986,36900,27262,0.7388,0.738,145076700,0.737,167558200,0.736,130983500,0.735,77897200,0.734,57118300,0.739,51250100,0.740,118513100,0.741,93920500,0.742,87090600,0.743,59076500,50,99999,0
sh513130,14:16:05,1767939367587,5685.71,0.8959,5.2192,0.739,0.7368,0.2986,10000,7390,0.739,0.738,146079800,0.737,166805200,0.736,129985100,0.735,77896400,0.734,57118400,0.739,57208200,0.740,110526600,0.741,93844500,0.742,87090600,0.743,59076500,1129,99999,0
sh513130,14:16:09,1767939370600,5685.54,0.8959,4.86,0.739,0.7375,0.2034,30500,22540,0.739,0.738,146068900,0.737,166795200,0.736,130015100,0.735,77897900,0.734,57118400,0.739,55208800,0.740,110596600,0.741,93845000,0.742,87090600,0.743,58976500,247,99999,0
sh513130,14:16:11,1767939373602,5684.94,0.8959,5.2179,0.739,0.7375,0.2034,66700,49291,0.739,0.738,146840600,0.737,166795200,0.736,130015100,0.735,77897900,0.734,57118400,0.739,51176300,0.740,118596300,0.741,93845000,0.742,86769500,0.743,58976500,1183,99999,0
sh513130,14:16:14,1767939376607,5685.18,0.8959,5.3632,0.739,0.7375,0.2034,117900,87128,0.739,0.738,147861600,0.737,166805200,0.736,130015100,0.735,77897900,0.734,57118400,0.739,51442600,0.740,118597600,0.741,93840000,0.742,86779500,0.743,58976500,116,99999,0
sh513130,14:16:17,1767939379613,5685.57,0.8959,3.8153,0.739,0.7375,0.2034,159200,117549,0.7384,0.738,147825900,0.737,166805200,0.736,130045100,0.735,77894300,0.734,57129000,0.739,51113900,0.740,118627600,0.741,93940000,0.742,86779500,0.743,58976500,928,99999,0
sh513130,14:16:20,1767939382618,5684.82,0.8959,5.0737,0.739,0.7375,0.2034,4800,3547,0.739,0.738,147795900,0.737,166805200,0.736,130044600,0.735,77894300,0.734,57129000,0.739,46587600,0.740,118633600,0.741,93940000,0.742,86779500,0.743,58976500,243,99999,0
sh513130,14:16:23,1767939386616,5685.13,0.8959,4.1085,0.739,0.7375,0.2034,142500,105221,0.7384,0.738,147761000,0.737,166517200,0.736,130076700,0.735,77894300,0.734,57129000,0.739,50554600,0.740,118816300,0.741,93940000,0.742,86779500,0.743,58976500,176,99999,0
sh513130,14:16:26,1767939388621,5685.34,0.8959,3.6022,0.739,0.7375,0.2034,4500,3325,0.7389,0.738,147672400,0.737,166517500,0.736,130076700,0.735,77894300,0.734,57129000,0.739,53555400,0.740,118816300,0.741,93940300,0.742,86779500,0.743,58976500,218,99999,0
sh513130,14:16:29,1767939392622,5686.15,0.8959,2.9315,0.739,0.7375,0.2034,36700,27122,0.739,0.738,148921000,0.737,166474300,0.736,129841100,0.735,77894300,0.734,57124000,0.739,53436000,0.740,118816300,0.741,93942300,0.742,86779500,0.743,58976500,213,99999,0
sh513130,14:16:32,1767939393623,5686.15,0.8959,2.5493,0.739,0.7375,0.2034,600,443,0.7383,0.738,149273800,0.737,166474300,0.736,129400600,0.735,77894300,0.734,57124000,0.739,53232900,0.740,118816300,0.741,93942300,0.742,86779500,0.743,58974500,1214,99999,0
sh513130,14:16:35,1767939397640,5686.55,0.8959,2.2331,0.739,0.7375,0.2034,32000,23620,0.7381,0.738,149252600,0.737,166424300,0.736,129400600,0.735,77794300,0.734,57124500,0.739,53224800,0.740,118836300,0.741,93892300,0.742,86779500,0.743,58974500,1272,99999,0
sh513130,14:16:38,1767939400631,5686.16,0.8959,2.2506,0.739,0.7375,0.2034,301200,222587,0.739,0.738,148777100,0.737,166427300,0.736,129400600,0.735,77794300,0.734,57124500,0.739,53023900,0.740,119008000,0.741,93892300,0.742,86779500,0.743,58984500,215,99999,0
sh513130,14:16:41,1767939402632,5686.53,0.8959,2.0902,0.739,0.7375,0.2034,18300,13523,0.739,0.738,149107400,0.737,166688100,0.736,129402100,0.735,77764300,0.734,57124500,0.739,53112500,0.740,119208200,0.741,93892300,0.742,85879500,0.743,58944500,258,99999,0
sh513130,14:16:38,1767939403641,5686.53,0.8959,2.0496,0.739,0.7375,0.2034,0,0,0.739,0.738,148777100,0.737,166427300,0.736,129400600,0.735,77794300,0.734,57124500,0.739,53023900,0.740,119008000,0.741,93892300,0.742,86779500,0.743,58984500,799,99999,2
sh513130,14:16:41,1767939404642,5686.44,0.8959,1.9288,0.739,0.7375,0.2034,0,0,0.739,0.738,149107400,0.737,166688100,0.736,129402100,0.735,77764300,0.734,57124500,0.739,53112500,0.740,119208200,0.741,93892300,0.742,85879500,0.743,58944500,284,99999,0
sh513130,14:16:44,1767939406641,5686.08,0.8959,1.3492,0.738,0.7375,0.0678,1271600,939613,0.7389,0.738,149017200,0.737,166698100,0.736,129402100,0.735,77764800,0.734,57134500,0.739,51996400,0.740,119208200,0.741,93892300,0.742,85879500,0.743,58964500,243,99999,0
sh513130,14:16:48,1767939410646,5685.71,0.8959,2.4638,0.738,0.7375,0.0678,33700,24901,0.7389,0.738,149496500,0.737,166846100,0.736,129415600,0.735,77764800,0.734,57134500,0.739,51966400,0.740,119260200,0.741,93892300,0.742,85879500,0.743,58964500,267,99999,0
sh513130,14:16:50,1767939412652,5685.63,0.8959,3.3377,0.738,0.7375,0.0678,82300,60800,0.7388,0.738,149506500,0.737,166851100,0.736,129415600,0.735,77764800,0.734,57134500,0.739,51995400,0.740,119204200,0.741,94032300,0.742,85879500,0.743,58964500,237,99999,0
sh513130,14:16:53,1767939414643,5685.34,0.8959,3.0523,0.738,0.7375,0.0678,170700,126006,0.7382,0.738,148809700,0.737,166854000,0.736,129420600,0.735,77764800,0.734,57134500,0.739,52052500,0.740,119207200,0.741,93947400,0.742,85879500,0.743,58964500,224,99999,0
sh513130,14:16:50,1767939415657,5685.34,0.8959,3.0199,0.738,0.7375,0.0678,0,0,0.738,0.738,149506500,0.737,166851100,0.736,129415600,0.735,77764800,0.734,57134500,0.739,51995400,0.740,119204200,0.741,94032300,0.742,85879500,0.743,58964500,1239,99999,2
sh513130,14:16:53,1767939416667,5685.56,0.8959,3.0759,0.738,0.7375,0.0678,0,0,0.738,0.738,148809700,0.737,166854000,0.736,129420600,0.735,77764800,0.734,57134500,0.739,52052500,0.740,119207200,0.741,93947400,0.742,85879500,0.743,58964500,303,99999,0
sh513130,14:16:56,1767939418653,5685.63,0.8959,3.6094,0.738,0.7375,0.0678,73100,53961,0.7382,0.738,149141600,0.737,166830400,0.736,129422600,0.735,77764800,0.734,57134500,0.739,52121400,0.740,119207200,0.741,93978000,0.742,85875100,0.743,58964500,237,99999,0
sh513130,14:16:59,1767939422682,5684.97,0.8959,2.9175,0.739,0.7375,0.2034,567600,418916,0.738,0.738,148283100,0.737,166833200,0.736,129422600,0.735,77764800,0.734,57064500,0.739,52834000,0.740,119187200,0.741,93978000,0.742,85876100,0.743,58964500,101,99999,0
sh513130,14:17:02,1767939424682,5684.22,0.8959,1.9243,0.738,0.7375,0.0678,11500,8488,0.7381,0.738,147281500,0.737,167361100,0.736,130383000,0.735,77764800,0.734,57064500,0.739,52883000,0.740,119148500,0.741,93947400,0.742,85906700,0.743,58964500,310,99999,0
sh513130,14:17:05,1767939428694,5684.71,0.8959,2.7532,0.739,0.7375,0.2034,288900,213498,0.739,0.738,147294500,0.737,167361800,0.736,130383000,0.735,77765200,0.734,57060500,0.739,52531500,0.740,119233400,0.741,93947400,0.742,85926700,0.743,58964500,295,99999,0
sh513130,14:17:08,1767939430682,5684.92,0.8959,2.7489,0.739,0.7375,0.2034,48000,35432,0.7382,0.738,147824400,0.737,167317300,0.736,130283000,0.735,77765200,0.734,57060900,0.739,52658900,0.740,119255400,0.741,93947400,0.742,85926700,0.743,58964500,320,99999,0
sh513130,14:17:11,1767939433688,5684.54,0.8959,2.6846,0.738,0.7375,0.0678,160100,118173,0.7381,0.738,147584000,0.737,167801100,0.736,130283000,0.735,77767200,0.734,57060900,0.739,52829300,0.740,119481500,0.741,93952800,0.742,85926700,0.743,58964500,188,99999,0
sh513130,14:17:14,1767939436697,5685.27,0.8959,2.9579,0.739,0.7375,0.2034,17000,12558,0.7387,0.738,147656200,0.737,167857700,0.736,130203500,0.735,77707200,0.734,57060900,0.739,52902200,0.740,119451500,0.741,94068600,0.742,85926700,0.743,58964500,279,99999,0
sh513130,14:17:17,1767939440698,5684.93,0.8959,5.6229,0.739,0.7375,0.2034,20000,14780,0.739,0.738,147651400,0.737,168542500,0.736,130143500,0.735,77694200,0.734,57060900,0.739,52892200,0.740,119725900,0.741,94068600,0.742,85926700,0.743,58964500,317,99999,0
sh513130,14:17:20,1767939443720,5684.12,0.8959,4.8346,0.739,0.7375,0.2034,129200,95479,0.739,0.738,147773700,0.737,168514800,0.736,130115800,0.735,77713900,0.734,57060900,0.739,52870600,0.740,120255900,0.741,94748800,0.742,85916700,0.743,58964500,1277,99999,0
sh513130,14:17:23,1767939445699,5683.91,0.8959,4.5038,0.739,0.7375,0.2034,300100,221774,0.739,0.738,148060300,0.737,168562800,0.736,130125800,0.735,77754800,0.734,57060900,0.739,52751700,0.740,120295900,0.741,94998800,0.742,85916700,0.743,58982500,1301,99999,0
sh513130,14:17:26,1767939448711,5683.27,0.8959,4.6434,0.739,0.7375,0.2034,235400,173959,0.739,0.738,148058300,0.737,168563700,0.736,130125800,0.735,77754800,0.734,57050900,0.739,54901700,0.740,120203100,0.741,94998800,0.742,85916700,0.743,59032500,291,99999,0
sh513130,14:17:29,1767939453724,5683.14,0.8959,3.0062,0.739,0.7375,0.2034,100000,73900,0.739,0.738,147658200,0.737,168563700,0.736,130125800,0.735,77754800,0.734,57050900,0.739,54801700,0.740,120205900,0.741,95010700,0.742,85916700,0.743,59032500,581,99999,0
sh513130,14:17:32,1767939454723,5683.68,0.8959,3.3477,0.739,0.7368,0.2986,78700,58159,0.739,0.738,147735700,0.737,168312900,0.736,130125800,0.735,78154700,0.734,57050800,0.739,55005200,0.740,112271900,0.741,103010700,0.742,85916700,0.743,59032500,297,99999,0
sh513130,14:17:35,1767939457719,5683.4,0.8959,6.5306,0.739,0.7368,0.2986,43700,32294,0.739,0.738,147376700,0.737,168315900,0.736,130154400,0.735,78154800,0.734,57050900,0.739,54961500,0.740,120271900,0.741,95010700,0.742,85916700,0.743,59032500,202,99999,0
sh513130,14:17:38,1767939460721,5683.43,0.8959,5.1245,0.739,0.7368,0.2986,1000000,739000,0.739,0.738,147458500,0.737,167973100,0.736,130179500,0.735,78155800,0.734,57050900,0.739,62121900,0.740,112221900,0.741,95010700,0.742,85884800,0.743,59032500,346,99999,0
sh513130,14:17:41,1767939463741,5683.48,0.8959,4.3819,0.738,0.7368,0.1629,87900,64872,0.738,0.738,147341900,0.737,167499400,0.736,130179500,0.735,77755800,0.734,57050900,0.739,62134000,0.740,112160600,0.741,95011700,0.742,85884800,0.743,59032500,1304,99999,0
sh513130,14:17:44,1767939466744,5682.61,0.8959,3.5357,0.738,0.7375,0.0678,12300,9081,0.7383,0.738,147322400,0.737,167500700,0.736,130164400,0.735,77755800,0.734,57050900,0.739,62478000,0.740,112166600,0.741,94627600,0.742,85899000,0.743,59032500,346,99999,0
sh513130,14:17:47,1767939470758,5683.2,0.8959,3.4038,0.738,0.7375,0.0678,18700,13816,0.7388,0.738,146892400,0.737,167516200,0.736,130184400,0.735,77767400,0.734,57050900,0.739,54504700,0.740,120166600,0.741,94627600,0.742,85899000,0.743,59032500,123,99999,0
sh513130,14:17:50,1767939472759,5682.44,0.8959,3.1518,0.739,0.7375,0.2034,51400,37980,0.7389,0.738,146918400,0.737,167505100,0.736,130643900,0.735,77766400,0.734,57050900,0.739,54518900,0.740,120032200,0.741,94627600,0.742,85899000,0.743,59032500,348,99999,0
sh513130,14:17:53,1767939475758,5682.59,0.8959,6.3052,0.739,0.7375,0.2034,65300,48257,0.739,0.738,146222700,0.737,167497100,0.736,130643900,0.735,77777300,0.734,57050900,0.739,54588000,0.740,120074200,0.741,94627600,0.742,85882600,0.743,59032500,758,99999,0
sh513130,14:17:56,1767939479774,5682.93,0.8959,4.8799,0.739,0.7375,0.2034,4000,2956,0.739,0.738,151323000,0.737,167537600,0.736,130644900,0.735,77507800,0.734,57050900,0.739,54584000,0.740,119972800,0.741,94627600,0.742,85882600,0.743,59032500,361,99999,0
sh513130,14:17:59,1767939482779,5683.15,0.8959,4.3811,0.739,0.7375,0.2034,110900,81955,0.739,0.738,152322900,0.737,167521800,0.736,130649900,0.735,77514800,0.734,57050900,0.739,54523200,0.740,119815100,0.741,94627600,0.742,85882600,0.743,59032500,418,99999,0
sh513130,14:18:02,1767939484779,5684.22,0.8959,4.3216,0.739,0.7375,0.2034,24900,18399,0.7389,0.738,152365700,0.737,167522400,0.736,130644900,0.735,77504400,0.734,57050900,0.739,54490600,0.740,119825100,0.741,93562200,0.742,85882600,0.743,59032500,373,99999,0
sh513130,14:18:05,1767939487783,5683.96,0.8959,3.1845,0.739,0.7375,0.2034,118800,87693,0.7382,0.738,151831200,0.737,167472400,0.736,130645400,0.735,77524400,0.734,57050900,0.739,54723400,0.740,119825100,0.741,93559200,0.742,85882600,0.743,59032500,1364,99999,0
sh513130,14:18:08,1767939490793,5683.79,0.8959,2.8035,0.739,0.7375,0.2034,1700,1256,0.7388,0.738,152232500,0.737,167496200,0.736,130640900,0.735,77524400,0.734,57050900,0.739,54721700,0.740,119885900,0.741,93559200,0.742,85846800,0.743,59032500,428,99999,0
