symbol,tx_server_time,tx_local_time,index_price,fx_rate,sentiment,price,iopv,premium_rate,tick_vol,tick_amt,tick_vwap,bp1,bv1,bp2,bv2,bp3,bv3,bp4,bv4,bp5,bv5,sp1,sv1,sp2,sv2,sp3,sv3,sp4,sv4,sp5,sv5,idx_delay_ms,fut_delay_ms,data_flags
sh513130,09:30:05,1767835807902,5700.98,0.8981,4.6605,0.743,0.7437,-0.0941,0,0,0.743,0.743,13894300,0.742,44116200,0.741,30241800,0.74,47467300,0.739,31866900,0.744,11932600,0.745,27233500,0.746,28472300,0.747,26166100,0.748,23985900,771,100,1
sh513130,09:30:08,1767835810883,5699.79,0.8981,4.5736,0.743,0.7424,0.0808,7237200,5378673,0.7432,0.743,5396600,0.742,43206700,0.741,35813500,0.74,49452500,0.739,40150400,0.744,17405800,0.745,24572000,0.746,28810800,0.747,22175600,0.748,21309100,367,100,0
sh513130,09:30:11,1767835812883,5696.84,0.8981,4.362,0.744,0.7417,0.3101,535400,398056,0.7435,0.743,8970700,0.742,28996500,0.741,37566500,0.74,51221900,0.739,40619100,0.744,19235000,0.745,25717700,0.746,29437500,0.747,21496500,0.748,22229100,365,100,0
sh513130,09:30:14,1767835816887,5694.22,0.8981,4.409,0.743,0.7417,0.1753,7094000,5271194,0.743,0.743,5969700,0.742,27114400,0.741,38127900,0.74,54559700,0.739,40694700,0.744,19665100,0.745,26168600,0.746,29554600,0.747,22360100,0.748,22975900,366,100,0
sh513130,09:30:17,1767835819888,5691.23,0.8981,3.2117,0.743,0.741,0.2699,6964300,5174645,0.743,0.742,26960600,0.741,38659100,0.74,56075500,0.739,41209500,0.738,38914900,0.743,4790200,0.744,20967400,0.745,30379000,0.746,29595900,0.747,22727700,261,100,0
sh513130,09:30:20,1767835822897,5685.06,0.8981,2.6446,0.743,0.741,0.2699,883500,656440,0.743,0.742,27134700,0.741,36971500,0.74,58504100,0.739,42294100,0.738,39140900,0.743,14117600,0.744,21487300,0.745,30760500,0.746,27982800,0.747,24907600,392,100,0
sh513130,09:30:23,1767835824882,5681.84,0.8981,3.3843,0.742,0.741,0.135,2025100,1503318,0.7423,0.742,20416100,0.741,34039100,0.74,63205900,0.739,43516700,0.738,39368400,0.743,19589200,0.744,21668400,0.745,31761100,0.746,28078200,0.747,24903400,218,100,0
sh513130,09:30:26,1767835828905,5686.52,0.8981,4.7317,0.743,0.7397,0.4461,3617300,2686960,0.7428,0.742,19980800,0.741,35056000,0.74,62087500,0.739,44889700,0.738,39493400,0.743,21210800,0.744,22281700,0.745,32016200,0.746,29178200,0.747,25519700,188,100,0
sh513130,09:30:29,1767835831914,5687.85,0.8981,3.6862,0.743,0.7397,0.4461,4707200,3493172,0.7421,0.742,16622000,0.741,28232000,0.74,59303400,0.739,49189800,0.738,41857800,0.743,29136100,0.744,20499700,0.745,30490800,0.746,27413600,0.747,27175100,1378,100,0
sh513130,09:30:32,1767835833924,5687.98,0.8981,4.3586,0.742,0.7397,0.3109,1754100,1302079,0.7423,0.742,15871600,0.741,27256300,0.74,53436800,0.739,48316100,0.738,42954600,0.743,24678200,0.744,21062600,0.745,31250300,0.746,27426100,0.747,27984800,1299,100,0
sh513130,09:30:35,1767835836919,5691.64,0.8981,5.1594,0.743,0.7397,0.4461,15652600,11614756,0.742,0.742,2524900,0.741,27444300,0.74,57557200,0.739,42402500,0.738,47994200,0.743,21702600,0.744,21848000,0.745,29264400,0.746,27828400,0.747,28467900,420,100,0
sh513130,09:30:38,1767835840917,5692.85,0.8981,5.2189,0.743,0.7397,0.4461,3372200,2502800,0.7422,0.741,25813900,0.74,61042600,0.739,45419600,0.738,49045900,0.737,41584500,0.742,3637300,0.743,27175400,0.744,24383000,0.745,31561200,0.746,28091400,439,100,0
sh513130,09:30:41,1767835842927,5692.09,0.8981,3.7712,0.742,0.7404,0.2161,1056100,783573,0.7419,0.741,30791300,0.74,57774400,0.739,45418700,0.738,49207900,0.737,40603100,0.742,12417200,0.743,25710000,0.744,30961600,0.745,33155000,0.746,28168700,411,100,0
sh513130,09:30:44,1767835846928,5691.97,0.8981,3.4329,0.742,0.7404,0.2161,2134800,1583996,0.742,0.741,36368800,0.74,75184200,0.739,60663000,0.738,44244100,0.737,38636500,0.742,13464600,0.743,32919600,0.744,29784300,0.745,32991000,0.746,28258700,455,100,0
sh513130,09:30:47,1767835849931,5691.69,0.8981,2.9468,0.742,0.741,0.135,2091700,1552041,0.742,0.741,57304000,0.74,77377200,0.739,60901800,0.738,43269100,0.737,37705000,0.742,8087000,0.743,30932200,0.744,28704300,0.745,33076200,0.746,29407300,1419,100,0
sh513130,09:30:50,1767835851941,5689.2,0.8981,2.3178,0.742,0.741,0.135,3367200,2497619,0.7417,0.741,55561300,0.74,77309100,0.739,41952600,0.738,42365400,0.737,37721900,0.742,11445600,0.743,25313100,0.744,28557800,0.745,34940400,0.746,29459300,1473,100,0
sh513130,09:30:53,1767835855929,5688.54,0.8981,1.6496,0.742,0.7404,0.2161,3923900,2910895,0.7418,0.741,52557500,0.74,74572000,0.739,42986600,0.738,43394400,0.737,40756900,0.742,18122700,0.743,31694600,0.744,29565700,0.745,35000400,0.746,28076900,1369,100,0
sh513130,09:30:56,1767835857955,5688.82,0.8981,3.8203,0.742,0.7397,0.3109,2577800,1912021,0.7417,0.741,53388300,0.74,74642900,0.739,42993000,0.738,44394400,0.737,40866400,0.742,10570500,0.743,32862200,0.744,29690900,0.745,35320000,0.746,28148100,1405,100,0
sh513130,09:30:59,1767835860954,5687.37,0.8981,3.6678,0.742,0.7397,0.3109,41546300,30787564,0.741,0.741,18230900,0.74,93362300,0.739,59031400,0.738,61507400,0.737,40892500,0.742,9443800,0.743,33149800,0.744,29101100,0.745,35136700,0.746,28148100,93,100,0
sh513130,09:31:02,1767835863951,5687.09,0.8981,3.8228,0.741,0.7404,0.081,10267900,7608787,0.741,0.741,15243100,0.74,79601400,0.739,59088000,0.738,61522200,0.737,55868700,0.742,11222200,0.743,34926600,0.744,29079500,0.745,31141600,0.746,28148100,916,100,0
sh513130,09:31:05,1767835866949,5684.02,0.8981,5.0621,0.741,0.7404,0.081,15178700,11247692,0.741,0.74,79791800,0.739,76073100,0.738,60523500,0.737,55878700,0.736,32892300,0.741,12471500,0.742,18374500,0.743,34492600,0.744,27840500,0.745,31137800,455,100,0
sh513130,09:31:08,1767835870953,5684.97,0.8981,3.157,0.741,0.7397,0.1757,558100,413536,0.741,0.74,74586000,0.739,77691400,0.738,60554500,0.737,56888700,0.736,33913300,0.741,17789300,0.742,28222700,0.743,36772500,0.744,25896300,0.745,31045800,453,100,0
sh513130,09:31:11,1767835873948,5683.12,0.8981,4.0486,0.741,0.739,0.2706,9490400,7032427,0.741,0.741,20135900,0.74,79572000,0.739,78236500,0.738,60559500,0.737,56096700,0.742,31327000,0.743,41086400,0.744,25806500,0.745,31045800,0.746,28199400,32,100,0
sh513130,09:31:14,1767835876972,5684.58,0.8981,5.2624,0.741,0.739,0.2706,3427500,2539125,0.7408,0.74,77490100,0.739,78276700,0.738,60412500,0.737,56097700,0.736,30926300,0.741,867800,0.742,35831300,0.743,43573000,0.744,27772600,0.745,31295300,466,100,0
sh513130,09:31:17,1767835879962,5685.1,0.8981,2.7095,0.741,0.7394,0.2164,12908500,9565158,0.741,0.741,221600,0.74,82736800,0.739,78296700,0.738,60414500,0.737,56108000,0.742,34258400,0.743,42265700,0.744,27877000,0.745,31095300,0.746,28199400,1459,100,0
sh513130,09:31:20,1767835881972,5688.34,0.8981,3.2692,0.741,0.7394,0.2164,1151400,853193,0.741,0.741,27258000,0.74,79863200,0.739,78301800,0.738,60439800,0.737,56148300,0.742,37070000,0.743,53446400,0.744,28101500,0.745,31278800,0.746,28199400,1461,100,0
sh513130,09:31:23,1767835885960,5686.15,0.8981,2.5563,0.741,0.7394,0.2164,1674000,1240603,0.7411,0.741,3448400,0.74,80084000,0.739,78312500,0.738,60523100,0.737,56148300,0.742,37783400,0.743,53550900,0.744,28107100,0.745,31287600,0.746,28199400,1184,100,0
sh513130,09:31:26,1767835888956,5686.36,0.8981,3.1564,0.741,0.7394,0.2164,564200,418077,0.741,0.741,29371800,0.74,80348000,0.739,78362500,0.738,60590800,0.737,56240600,0.742,37936900,0.743,54094600,0.744,28107100,0.745,31288100,0.746,28199400,479,100,0
sh513130,09:31:29,1767835891945,5686.67,0.8981,5.6133,0.742,0.7394,0.3516,669200,495977,0.7411,0.741,25112400,0.74,81772400,0.739,78363500,0.738,60626300,0.737,56244600,0.742,41323000,0.743,55244600,0.744,28097600,0.745,31318100,0.746,28199400,666,100,0
sh513130,09:31:32,1767835893957,5686.39,0.8981,4.9743,0.742,0.7394,0.3516,6768900,5015909,0.741,0.741,35291400,0.74,82066900,0.739,78478500,0.738,60648300,0.737,56253600,0.742,42545200,0.743,55248100,0.744,28084100,0.745,31470000,0.746,28199400,505,100,0
sh513130,09:31:35,1767835896945,5685.06,0.8981,4.5912,0.741,0.7394,0.2164,74500,55222,0.7412,0.741,21907000,0.74,97384000,0.739,78453900,0.738,60688500,0.737,41268700,0.742,44205400,0.743,55243100,0.744,26922500,0.745,31470000,0.746,28204400,449,100,0
sh513130,09:31:38,1767835900929,5683.99,0.8981,3.6428,0.741,0.7394,0.2164,7133600,5286040,0.741,0.741,441900,0.74,82698500,0.739,78489900,0.738,60688500,0.737,56559500,0.742,43317400,0.743,38667600,0.744,26861700,0.745,31260000,0.746,28237400,450,100,0
sh513130,09:31:41,1767835903927,5681.96,0.8981,5.8058,0.741,0.7388,0.2978,1650900,1223317,0.741,0.74,82754100,0.739,77510400,0.738,60808500,0.737,57549500,0.736,32392500,0.741,9511200,0.742,37998800,0.743,38667600,0.744,27011400,0.745,31353200,1403,100,0
sh513130,09:31:44,1767835905930,5683.79,0.8981,4.3923,0.741,0.7388,0.2978,2743400,2032847,0.741,0.74,83337900,0.739,74647200,0.738,60874500,0.737,57680900,0.736,35530300,0.741,24342800,0.742,33749600,0.743,38821100,0.744,28016500,0.745,31753200,1425,100,0
sh513130,09:31:47,1767835909942,5683.31,0.8981,6.232,0.741,0.7388,0.2978,732100,542486,0.741,0.74,83569800,0.739,77647200,0.738,60966200,0.737,57680900,0.736,32579500,0.741,26567400,0.742,35453000,0.743,38771300,0.744,28016500,0.745,31713200,1261,100,0
sh513130,09:31:50,1767835911956,5682.24,0.8981,3.5581,0.741,0.7388,0.2978,1133400,839822,0.741,0.74,84056800,0.739,77975200,0.738,61063200,0.737,57680900,0.736,32581600,0.741,13119800,0.742,35642000,0.743,57372000,0.744,28025200,0.745,31766200,1102,100,0
sh513130,09:31:53,1767835914966,5684.67,0.8981,2.7663,0.741,0.7388,0.2978,4947800,3666320,0.741,0.741,14336800,0.74,84352400,0.739,78095400,0.738,61219600,0.737,56832600,0.742,35837400,0.743,57372000,0.744,28125200,0.745,31766200,0.746,28257400,469,100,0
sh513130,09:31:56,1767835917947,5684.45,0.8981,5.3352,0.74,0.7394,0.0811,1011100,749176,0.741,0.74,84638100,0.739,79137400,0.738,61225100,0.737,56886500,0.736,32421400,0.741,8457900,0.742,35284900,0.743,57261500,0.744,28082200,0.745,31966200,592,100,0
sh513130,09:31:59,1767835920947,5685.05,0.8981,4.8983,0.741,0.7394,0.2164,2897700,2147200,0.741,0.74,85816300,0.739,79455800,0.738,61566400,0.737,58095400,0.736,32421500,0.741,455200,0.742,34224800,0.743,56261500,0.744,28099800,0.745,31774500,390,100,0
sh513130,09:32:02,1767835923955,5684.3,0.8981,3.4744,0.74,0.7394,0.0811,7093500,5255739,0.7409,0.74,81945900,0.739,79485100,0.738,61620400,0.737,58287600,0.736,32472800,0.741,11717400,0.742,33041000,0.743,44375600,0.744,28112300,0.745,31814500,89,100,0
sh513130,09:32:05,1767835927944,5682.79,0.8981,3.1675,0.74,0.7394,0.0811,1098100,813407,0.7407,0.74,86783300,0.739,79854900,0.738,62762600,0.737,58533600,0.736,32589000,0.741,13349300,0.742,27467200,0.743,40735700,0.744,24112300,0.745,32092700,1438,100,0
sh513130,09:32:08,1767835930952,5681.93,0.8981,4.4333,0.741,0.7394,0.2164,425500,315167,0.7407,0.74,86409300,0.739,79927400,0.738,62930600,0.737,58435400,0.736,32602000,0.741,13119100,0.742,27496900,0.743,41735700,0.744,26112300,0.745,32097700,282,100,0
sh513130,09:32:11,1767835932955,5682.05,0.8981,1.037,0.741,0.7387,0.3114,388600,287812,0.7406,0.74,86381600,0.739,80647400,0.738,63349500,0.737,58409300,0.736,32808700,0.741,16897200,0.742,27528400,0.743,40617300,0.744,24112300,0.745,31879700,383,100,0
sh513130,09:32:14,1767835936918,5684.06,0.8981,4.7232,0.741,0.7387,0.3114,463100,343045,0.7408,0.74,87473100,0.739,80806300,0.738,63264600,0.737,58459500,0.736,33130200,0.741,11766200,0.742,30599700,0.743,40930900,0.744,26460500,0.745,31899700,4,100,0
sh513130,09:32:17,1767835939915,5684.96,0.8981,7.6932,0.74,0.7387,0.176,543200,402330,0.7407,0.74,87703200,0.739,80917800,0.738,63380900,0.737,58571900,0.736,33183400,0.741,6036400,0.742,31379400,0.743,53768000,0.744,26510500,0.745,31879100,835,100,0
sh513130,09:32:20,1767835942922,5685.35,0.8981,6.3047,0.74,0.7387,0.176,1269000,939415,0.7403,0.74,87740100,0.739,81028600,0.738,63384100,0.737,58506400,0.736,33183400,0.741,20261100,0.742,27931000,0.743,39915100,0.744,26510500,0.745,31879500,383,100,0
sh513130,09:32:23,1767835945913,5685.03,0.8981,6.1702,0.741,0.7387,0.3114,1233700,914063,0.7409,0.74,89860300,0.739,81077600,0.738,63456300,0.737,58548200,0.736,33196900,0.741,19284900,0.742,27631400,0.743,39690100,0.744,26510500,0.745,30309500,316,100,0
sh513130,09:32:26,1767835948890,5684.81,0.8981,5.1329,0.741,0.7388,0.2978,336600,249313,0.7407,0.74,89904100,0.739,81162800,0.738,63502200,0.737,58564200,0.736,33236000,0.741,19536600,0.742,27688000,0.743,41060100,0.744,26525000,0.745,30309500,377,100,0
sh513130,09:32:29,1767835950886,5683.72,0.8981,2.6267,0.741,0.7388,0.2978,449300,332790,0.7407,0.74,90743000,0.739,81186800,0.738,63909100,0.737,58625200,0.736,33288000,0.741,22094000,0.742,28086800,0.743,41390100,0.744,24535000,0.745,30497900,328,100,0
sh513130,09:32:32,1767835953880,5684.46,0.8981,3.9221,0.741,0.7388,0.2978,1043500,772886,0.7407,0.74,89873700,0.739,81120800,0.738,64121100,0.737,58663500,0.736,33288000,0.741,21948100,0.742,27902200,0.743,41406600,0.744,24535000,0.745,30509400,1353,100,0
sh513130,09:32:35,1767835957884,5682.69,0.8981,2.3061,0.741,0.7388,0.2978,1073300,795283,0.741,0.74,90341900,0.739,81282800,0.738,64253200,0.737,58662500,0.736,33429800,0.741,25536400,0.742,27810300,0.743,41391100,0.744,24535000,0.745,30512400,1376,100,0
sh513130,09:32:38,1767835959886,5684.16,0.8981,1.755,0.741,0.7388,0.2978,1120400,829778,0.7406,0.74,90959000,0.739,81403300,0.738,65257400,0.737,58722500,0.736,33446400,0.741,20865300,0.742,30122500,0.743,41191100,0.744,26533000,0.745,30119400,1271,100,0
sh513130,09:32:41,1767835962890,5683.19,0.8981,3.2805,0.74,0.7388,0.1624,610400,452203,0.7408,0.74,92217700,0.739,81427300,0.738,65297000,0.737,58730500,0.736,33509500,0.741,24703600,0.742,28936900,0.743,41493800,0.744,24494700,0.745,30119400,418,100,0
sh513130,09:32:44,1767835965882,5684.02,0.8981,1.4514,0.741,0.7388,0.2978,189100,140065,0.7407,0.74,93332700,0.739,81462700,0.738,65297000,0.737,58898200,0.736,33519600,0.741,22912000,0.742,28896900,0.743,41277800,0.744,26494800,0.745,30209800,748,100,0
sh513130,09:32:47,1767835968889,5685.79,0.8981,2.4238,0.741,0.7388,0.2978,554100,410526,0.7409,0.74,92431100,0.739,81707200,0.738,65317600,0.737,58908200,0.736,33528100,0.741,9173200,0.742,31369600,0.743,55210300,0.744,26768600,0.745,30189800,423,100,0
sh513130,09:32:50,1767835971887,5686.12,0.8981,3.5966,0.74,0.7388,0.1624,1220300,904017,0.7408,0.74,93137600,0.739,82735300,0.738,65306700,0.737,59006300,0.736,33498200,0.741,18029000,0.742,30803600,0.743,40296400,0.744,26722900,0.745,30189800,239,100,0
sh513130,09:32:53,1767835975881,5685.58,0.8981,3.9552,0.74,0.7388,0.1624,661900,490260,0.7407,0.74,93460300,0.739,82811300,0.738,66595700,0.737,59092700,0.736,33498200,0.741,17951000,0.742,31251700,0.743,40286400,0.744,26722900,0.745,30239800,1365,100,0
sh513130,09:32:56,1767835977884,5685.86,0.8981,3.3184,0.741,0.7394,0.2164,145600,107843,0.7407,0.74,93830100,0.739,82937500,0.738,66913500,0.737,59233200,0.736,33498200,0.741,18007600,0.742,31251700,0.743,40375200,0.744,26732900,0.745,30239800,1396,100,0
sh513130,09:32:59,1767835982894,5684.93,0.8981,3.6777,0.74,0.7394,0.0811,1160500,858779,0.74,0.74,93217100,0.739,83010400,0.738,68042300,0.737,59284700,0.736,33502300,0.741,20239800,0.742,30068300,0.743,40375200,0.744,26732900,0.745,30239800,325,100,0
sh513130,09:33:02,1767835983881,5684.93,0.8981,5.3816,0.741,0.7394,0.2164,497100,368112,0.7405,0.74,94587600,0.739,85103500,0.738,70798400,0.737,59284700,0.736,33767800,0.741,20796400,0.742,31766700,0.743,43099300,0.744,21732900,0.745,30270400,752,100,0
sh513130,09:33:05,1767835987896,5684.63,0.8981,5.8807,0.74,0.7394,0.0811,382900,283492,0.7404,0.74,95341400,0.739,85161500,0.738,70768100,0.737,59297700,0.736,33767800,0.741,21288400,0.742,30786700,0.743,43099300,0.744,21739900,0.745,30260100,1031,100,0
sh513130,09:33:08,1767835989889,5684.4,0.8981,4.2725,0.74,0.7388,0.1624,431200,319116,0.7401,0.74,95677500,0.739,86779100,0.738,70836900,0.737,59372800,0.736,33772800,0.741,30569900,0.742,30815400,0.743,43088200,0.744,19746600,0.745,30260100,864,100,0
sh513130,09:33:11,1767835993886,5679.8,0.8981,5.0241,0.741,0.7388,0.2978,471700,349391,0.7407,0.74,70619100,0.739,77752300,0.738,92954700,0.737,59719200,0.736,51815300,0.741,32343300,0.742,30815400,0.743,41108200,0.744,19746600,0.745,30260100,523,100,0
sh513130,09:33:14,1767835995882,5678.98,0.8981,4.8835,0.741,0.7388,0.2978,714700,529185,0.7404,0.74,70353000,0.739,74832600,0.738,93042700,0.737,62788200,0.736,51778300,0.741,33195800,0.742,30735400,0.743,40948200,0.744,19837600,0.745,30290100,330,100,0
sh513130,09:33:17,1767835998897,5678.6,0.8981,5.7088,0.741,0.7382,0.3793,934700,691840,0.7402,0.74,70520600,0.739,77821500,0.738,93394700,0.737,60822500,0.736,51814300,0.741,35111400,0.742,31332900,0.743,40948200,0.744,19837600,0.745,29881800,391,100,0
sh513130,09:33:20,1767836001897,5678.21,0.8981,4.1853,0.741,0.7382,0.3793,869300,644024,0.7409,0.74,69420300,0.739,75261900,0.738,93489200,0.737,63848900,0.736,51964400,0.741,36047400,0.742,31349300,0.743,39958200,0.744,19902800,0.745,29879800,1410,100,0
sh513130,09:33:23,1767836005908,5679.13,0.8981,2.3095,0.741,0.7382,0.3793,284200,210557,0.7409,0.74,92141900,0.739,93338900,0.738,93594200,0.737,63851900,0.736,34042200,0.741,36177200,0.742,31381900,0.743,40948200,0.744,19901800,0.745,29818900,1381,100,0
sh513130,09:33:26,1767836008922,5680.36,0.8981,4.7976,0.741,0.7382,0.3793,1292100,956843,0.7405,0.74,91976500,0.739,95293400,0.738,93605200,0.737,61036500,0.736,34212200,0.741,36970700,0.742,31394700,0.743,42788800,0.744,19901800,0.745,29818900,330,100,0
sh513130,09:33:29,1767836010923,5679.92,0.8981,5.8025,0.741,0.7382,0.3793,388300,287639,0.7408,0.74,103930100,0.739,89734000,0.738,94872100,0.737,65448300,0.736,34222000,0.741,39311500,0.742,32198500,0.743,43185200,0.744,19903500,0.745,29818900,155,100,0
sh513130,09:33:32,1767836013938,5680.33,0.8981,5.9605,0.741,0.7382,0.3793,1364500,1010392,0.7405,0.74,98837700,0.739,95707800,0.738,95897100,0.737,65571800,0.736,38641200,0.741,39142700,0.742,32236800,0.743,43185100,0.744,19903500,0.745,29854900,1003,100,0
sh513130,09:33:35,1767836016941,5681.89,0.8981,4.7018,0.74,0.7382,0.2438,985800,730375,0.7409,0.74,107072600,0.739,90412500,0.738,96946300,0.737,65619200,0.736,38722200,0.741,40299200,0.742,32304900,0.743,43205400,0.744,19951900,0.745,29864900,455,100,0
sh513130,09:33:38,1767836019941,5682.17,0.8981,2.89,0.741,0.7388,0.2978,1016300,752175,0.7401,0.74,107605200,0.739,91693500,0.738,97006600,0.737,65619700,0.736,38684600,0.741,40657800,0.742,32304900,0.743,43205400,0.744,19951900,0.745,29864900,494,100,0
sh513130,09:33:41,1767836022931,5682.05,0.8981,3.7416,0.741,0.7382,0.3793,624500,462449,0.7405,0.74,107819300,0.739,92755400,0.738,97003800,0.737,65629900,0.736,38684800,0.741,35152200,0.742,34500800,0.743,44201000,0.744,21952500,0.745,29864900,438,100,0
sh513130,09:33:44,1767836026939,5681.51,0.8981,3.8847,0.74,0.7382,0.2438,974500,721276,0.7401,0.74,106607900,0.739,93610600,0.738,97030400,0.737,65689900,0.736,38976900,0.741,41946100,0.742,32387900,0.743,43211000,0.744,19936900,0.745,29879900,462,100,0
sh513130,09:33:47,1767836029928,5680.84,0.8981,2.784,0.741,0.7388,0.2978,1138600,843477,0.7408,0.74,93629800,0.739,100148400,0.738,97217200,0.737,65689900,0.736,38983900,0.741,41574900,0.742,32387900,0.743,43218000,0.744,19936900,0.745,29961800,1417,100,0
sh513130,09:33:50,1767836030942,5680.51,0.8981,3.0273,0.741,0.7388,0.2978,655000,484942,0.7404,0.74,74138800,0.739,86190800,0.738,97304200,0.737,66080500,0.736,53957200,0.741,44650000,0.742,32467900,0.743,43218000,0.744,19936900,0.745,29961800,423,100,0
sh513130,09:33:47,1767836031935,5680.51,0.8981,2.7028,0.741,0.7388,0.2978,0,0,0.741,0.74,93629800,0.739,100148400,0.738,97217200,0.737,65689900,0.736,38983900,0.741,41574900,0.742,32387900,0.743,43218000,0.744,19936900,0.745,29961800,1417,100,1
sh513130,09:33:50,1767836032933,5681.22,0.8981,2.8831,0.741,0.7388,0.2978,655000,484942,0.7404,0.74,74138800,0.739,86190800,0.738,97304200,0.737,66080500,0.736,53957200,0.741,44650000,0.742,32467900,0.743,43218000,0.744,19936900,0.745,29961800,455,100,0
sh513130,09:33:53,1767836035930,5681.56,0.8981,5.2323,0.741,0.7388,0.2978,4490100,3323313,0.7401,0.74,71931100,0.739,99033200,0.738,97337200,0.737,66100700,0.736,42027200,0.741,44125000,0.742,32485900,0.743,42195000,0.744,19936900,0.745,29961800,1281,100,0
sh513130,09:33:56,1767836038928,5680.78,0.8981,4.0084,0.741,0.7382,0.3793,269700,199792,0.7408,0.74,101015200,0.739,102083200,0.738,97261100,0.737,65701700,0.736,39450000,0.741,44334700,0.742,33364300,0.743,43485000,0.744,20887000,0.745,29961800,458,100,0
sh513130,09:33:59,1767836040935,5681.84,0.8981,3.4057,0.741,0.7382,0.3793,259000,191791,0.7405,0.74,102130200,0.739,102231800,0.738,98446000,0.737,65706800,0.736,39497000,0.741,45972100,0.742,32818300,0.743,42438800,0.744,20687000,0.745,29961800,407,100,0
sh513130,09:34:02,1767836043954,5681.59,0.8981,2.5054,0.741,0.7382,0.3793,1514300,1121325,0.7405,0.74,110039700,0.739,96702900,0.738,99374700,0.737,65844500,0.736,39517900,0.741,43494900,0.742,33470900,0.743,42465800,0.744,22687000,0.745,29971800,636,100,0
sh513130,09:34:05,1767836047930,5682.27,0.8981,5.3525,0.74,0.7382,0.2438,1031000,763108,0.7402,0.74,112348900,0.739,96618400,0.738,99423800,0.737,66702600,0.736,39585100,0.741,45044800,0.742,33470900,0.743,42465800,0.744,22687000,0.745,29971800,255,100,0
sh513130,09:34:08,1767836050930,5682.12,0.8981,4.708,0.741,0.7382,0.3793,1059100,784718,0.7409,0.74,112634100,0.739,96853200,0.738,99941800,0.737,68609800,0.736,39615000,0.741,47518000,0.742,34141000,0.743,42600300,0.744,20713500,0.745,29971800,407,100,0
sh513130,09:34:11,1767836052938,5682.17,0.8981,6.4189,0.741,0.7389,0.2842,109700,81274,0.7409,0.74,113250100,0.739,96988600,0.738,99956800,0.737,68609800,0.736,39665000,0.741,46689400,0.742,34141000,0.743,42590300,0.744,20713500,0.745,29971800,359,100,0
sh513130,09:34:14,1767836056939,5682.37,0.8981,5.0902,0.74,0.7389,0.1489,222200,164618,0.7409,0.74,112636900,0.739,97025200,0.738,100008600,0.737,69622100,0.736,39609200,0.741,50357800,0.742,34168000,0.743,41600300,0.744,20693500,0.745,25926200,454,100,0
sh513130,09:34:17,1767836059929,5681.52,0.8981,3.8222,0.74,0.7382,0.2438,1136800,841541,0.7403,0.74,112134300,0.739,97025400,0.738,100184200,0.737,70491600,0.736,39610300,0.741,50191800,0.742,34224800,0.743,41600300,0.744,20694500,0.745,25928200,1371,100,0
sh513130,09:34:20,1767836061937,5681.7,0.8981,3.6497,0.741,0.7382,0.3793,844200,624768,0.7401,0.74,109084600,0.739,102732200,0.738,100366800,0.737,71418200,0.736,39620100,0.741,50663200,0.742,34224800,0.743,41307800,0.744,20701300,0.745,25981000,1199,100,0
sh513130,09:34:17,1767836062925,5683.21,0.8981,4.4077,0.74,0.7382,0.2438,0,0,0.74,0.74,112134300,0.739,97025400,0.738,100184200,0.737,70491600,0.736,39610300,0.741,50191800,0.742,34224800,0.743,41600300,0.744,20694500,0.745,25928200,17,100,1
sh513130,09:34:20,1767836063938,5683.21,0.8981,4.3312,0.741,0.7382,0.3793,844200,624768,0.7401,0.74,109084600,0.739,102732200,0.738,100366800,0.737,71418200,0.736,39620100,0.741,50663200,0.742,34224800,0.743,41307800,0.744,20701300,0.745,25981000,1029,100,0
sh513130,09:34:23,1767836064932,5680.78,0.8981,3.5538,0.741,0.7382,0.3793,762800,564590,0.7402,0.74,109911700,0.739,102747100,0.738,100433000,0.737,72242100,0.736,39638000,0.741,49919100,0.742,34236800,0.743,42265200,0.744,20786800,0.745,26019000,410,100,0
sh513130,09:34:26,1767836067933,5680.49,0.8981,2.5194,0.741,0.7382,0.3793,959400,710708,0.7408,0.74,83220500,0.739,88263400,0.738,100385300,0.737,72403100,0.736,54638000,0.741,49946300,0.742,34286800,0.743,42265200,0.744,20786800,0.745,26019000,691,100,0
sh513130,09:34:29,1767836070938,5679.84,0.8981,2.9151,0.741,0.7382,0.3793,590900,437697,0.7407,0.74,83461500,0.739,85502700,0.738,100546800,0.737,72803100,0.736,57718000,0.741,51002500,0.742,35144200,0.743,41275200,0.744,20818800,0.745,26024000,424,100,0
sh513130,09:34:32,1767836074928,5678.01,0.8981,1.7878,0.74,0.7382,0.2438,3588500,2655541,0.74,0.74,76519700,0.739,82033700,0.738,100549100,0.737,72891000,0.736,57735000,0.741,49955600,0.742,35954300,0.743,40350200,0.744,20818800,0.745,27054000,441,100,0
sh513130,09:34:35,1767836076935,5676.86,0.8981,3.1375,0.74,0.7382,0.2438,678400,502444,0.7406,0.74,75171000,0.739,80187200,0.738,100596400,0.737,75909100,0.736,57737000,0.741,58283600,0.742,35107000,0.743,39846900,0.744,21036900,0.745,27064000,414,100,0
sh513130,09:34:38,1767836080946,5676.97,0.8981,6.7956,0.74,0.7376,0.3254,4473400,3310342,0.74,0.74,92962800,0.739,82462200,0.738,100649000,0.737,76011500,0.736,57737600,0.741,58358800,0.742,35954400,0.743,39779900,0.744,21036900,0.745,27066000,421,100,0
sh513130,09:34:41,1767836083959,5675.52,0.8981,7.1089,0.74,0.7383,0.2303,328300,243042,0.7403,0.74,74155600,0.739,82557100,0.738,100852000,0.737,77021500,0.736,57742600,0.741,59060200,0.742,36801900,0.743,39779900,0.744,21036900,0.745,28068000,1430,100,0
sh513130,09:34:44,1767836085969,5676.62,0.8981,5.7029,0.741,0.7383,0.3657,224700,166494,0.741,0.74,93517700,0.739,84354200,0.738,100902200,0.737,77094500,0.736,57772600,0.741,59078800,0.742,35090700,0.743,39797800,0.744,21138900,0.745,28096000,1351,100,0
sh513130,09:34:47,1767836088978,5676.91,0.8981,4.5716,0.741,0.7383,0.3657,629400,466033,0.7404,0.74,73960700,0.739,84388600,0.738,101097300,0.737,77145600,0.736,57786100,0.741,59081900,0.742,35938100,0.743,39797900,0.744,21238900,0.745,29127400,12,100,0
sh513130,09:34:50,1767836091975,5676.14,0.8981,3.0922,0.741,0.7383,0.3657,571700,423304,0.7404,0.74,74203800,0.739,84408900,0.738,101185300,0.737,77058300,0.736,57780800,0.741,59460400,0.742,36785500,0.743,39797900,0.744,21238900,0.745,29687400,777,100,0
sh513130,09:34:53,1767836095976,5676.48,0.8981,3.4608,0.741,0.7383,0.3657,689100,510278,0.7405,0.74,74411300,0.739,84564500,0.738,101237000,0.737,77045700,0.736,57801200,0.741,59326900,0.742,35177800,0.743,39812500,0.744,20773900,0.745,29707400,473,100,0
sh513130,09:34:56,1767836097975,5675.82,0.8981,3.3033,0.741,0.7383,0.3657,828700,613592,0.7404,0.74,74068900,0.739,84576200,0.738,101255200,0.737,77168100,0.736,57803200,0.741,71782700,0.742,35138300,0.743,35940900,0.744,20773900,0.745,29723900,302,100,0
sh513130,09:34:59,1767836101000,5675.43,0.8981,1.9873,0.74,0.7383,0.2303,5016200,3712087,0.74,0.74,70241000,0.739,87606800,0.738,101370500,0.737,74220500,0.736,57931200,0.741,72138100,0.742,36838600,0.743,35307300,0.744,20774200,0.745,29352900,486,100,0
sh513130,09:35:02,1767836104991,5674.74,0.8981,3.192,0.74,0.7376,0.3254,3571700,2643250,0.7401,0.74,72089200,0.739,106818000,0.738,110427600,0.737,74777600,0.736,57962900,0.741,72231000,0.742,35268100,0.743,35193200,0.744,20779700,0.745,29462900,518,100,0
sh513130,09:35:05,1767836108005,5672.78,0.8981,2.4122,0.74,0.7376,0.3254,16551900,12248445,0.74,0.74,48492900,0.739,107027000,0.738,110480700,0.737,74787600,0.736,58012900,0.741,67757800,0.742,36186100,0.743,34223300,0.744,20772200,0.745,29462900,1498,100,0
sh513130,09:35:08,1767836111997,5675.55,0.8981,2.7046,0.74,0.7376,0.3254,51616000,38195732,0.74,0.739,110431800,0.738,111556500,0.737,74832700,0.736,58950500,0.735,41308400,0.74,26287400,0.741,63805800,0.742,26885900,0.743,32293500,0.744,20768200,1286,100,0
sh513130,09:35:11,1767836112998,5676.27,0.8981,4.6578,0.74,0.7382,0.2438,50529600,37391953,0.74,0.739,110362200,0.738,111648700,0.737,75923300,0.736,58393600,0.735,41341600,0.74,9612800,0.741,58493600,0.742,26889800,0.743,32289700,0.744,20768200,113,100,0
sh513130,09:35:14,1767836115990,5675.95,0.8981,2.6515,0.74,0.7382,0.2438,45134700,33399719,0.74,0.739,87536700,0.738,92966400,0.737,74959900,0.736,55445600,0.735,41509700,0.74,25691000,0.741,53889900,0.742,25295000,0.743,32792500,0.744,20768200,934,100,0
sh513130,09:35:11,1767836116993,5675.03,0.8981,4.3925,0.74,0.7382,0.2438,0,0,0.74,0.739,110362200,0.738,111648700,0.737,75923300,0.736,58393600,0.735,41341600,0.74,9612800,0.741,58493600,0.742,26889800,0.743,32289700,0.744,20768200,432,100,1
sh513130,09:35:14,1767836117991,5675.03,0.8981,4.3481,0.74,0.7382,0.2438,45134700,33399719,0.74,0.739,87536700,0.738,92966400,0.737,74959900,0.736,55445600,0.735,41509700,0.74,25691000,0.741,53889900,0.742,25295000,0.743,32792500,0.744,20768200,756,100,0
sh513130,09:35:17,1767836118997,5676.15,0.8981,5.4499,0.74,0.7382,0.2438,663200,490732,0.7399,0.739,90216100,0.738,93006700,0.737,75042800,0.736,59412500,0.735,41607300,0.74,15345100,0.741,59175400,0.742,26142400,0.743,32742500,0.744,20765200,488,100,0
sh513130,09:35:20,1767836122999,5676.58,0.8981,6.3048,0.74,0.7382,0.2438,7719400,5711413,0.7399,0.739,92356300,0.738,93026900,0.737,75152800,0.736,57292300,0.735,41734700,0.74,8652100,0.741,59976800,0.742,26053300,0.743,32662300,0.744,20765200,494,100,0
sh513130,09:35:23,1767836124994,5675.41,0.8981,5.8959,0.74,0.7382,0.2438,2766700,2046112,0.7395,0.739,88254600,0.738,93978900,0.737,75207800,0.736,61244000,0.735,41849400,0.74,18029200,0.741,60702700,0.742,24610500,0.743,32612300,0.744,20766700,469,100,0
sh513130,09:35:26,1767836128016,5676.49,0.8981,4.631,0.74,0.7382,0.2438,892200,660124,0.7399,0.739,92233200,0.738,94354200,0.737,75562800,0.736,59138300,0.735,41873400,0.74,12708300,0.741,58966900,0.742,26317600,0.743,32634900,0.744,20766700,1530,100,0
sh513130,09:35:29,1767836131009,5676.76,0.8981,3.6692,0.74,0.7382,0.2438,3512400,2598949,0.7399,0.739,107405000,0.738,94476700,0.737,75609800,0.736,40722100,0.735,41893400,0.74,1287400,0.741,58042300,0.742,27215000,0.743,32635200,0.744,20892200,290,100,0
sh513130,09:35:32,1767836134994,5677.04,0.8981,2.2464,0.74,0.7382,0.2438,2604400,1927195,0.74,0.739,92602200,0.738,94454900,0.737,75638600,0.736,56581400,0.735,41913600,0.74,10627000,0.741,57116600,0.742,25594000,0.743,32631200,0.744,20892200,342,100,0
sh513130,09:35:35,1767836136989,5677.72,0.8981,2.4949,0.74,0.7382,0.2438,1777500,1315223,0.7399,0.739,93693500,0.738,79526800,0.737,60645900,0.736,40772200,0.735,42005100,0.74,6846400,0.741,56588800,0.742,27012300,0.743,32631200,0.744,20892200,170,100,0
sh513130,09:35:38,1767836140997,5676.81,0.8981,3.3103,0.74,0.7382,0.2438,39391800,29149932,0.74,0.739,89065300,0.738,79751100,0.737,60578300,0.736,40804100,0.735,42156100,0.74,11025300,0.741,56466700,0.742,29617800,0.743,32720000,0.744,20942200,465,100,0
sh513130,09:35:41,1767836142994,5676.6,0.8981,2.1987,0.74,0.7383,0.2303,1876900,1388890,0.74,0.739,90140300,0.738,79932800,0.737,60592000,0.736,40824100,0.735,43520500,0.74,24149700,0.741,56537900,0.742,29665200,0.743,32732600,0.744,20942200,449,100,0
sh513130,09:35:44,1767836145995,5676.44,0.8981,3.123,0.739,0.7383,0.0948,508600,376233,0.7397,0.739,87566000,0.738,79832200,0.737,61067300,0.736,41248300,0.735,43563600,0.74,25416800,0.741,55443200,0.742,27997400,0.743,32732600,0.744,20942200,484,100,0
sh513130,09:35:41,1767836146996,5677.69,0.8981,3.1206,0.74,0.7383,0.2303,0,0,0.74,0.739,90140300,0.738,79932800,0.737,60592000,0.736,40824100,0.735,43520500,0.74,24149700,0.741,56537900,0.742,29665200,0.743,32732600,0.744,20942200,501,100,1
sh513130,09:35:44,1767836147994,5677.69,0.8981,3.847,0.739,0.7383,0.0948,508600,376233,0.7397,0.739,87566000,0.738,79832200,0.737,61067300,0.736,41248300,0.735,43563600,0.74,25416800,0.741,55443200,0.742,27997400,0.743,32732600,0.744,20942200,298,100,0
sh513130,09:35:47,1767836149003,5678.8,0.8981,7.3202,0.74,0.7383,0.2303,3674900,2717837,0.7396,0.739,93303500,0.738,79868100,0.737,61082700,0.736,41262700,0.735,43618300,0.74,15314200,0.741,62444500,0.742,31138700,0.743,32763200,0.744,20995200,506,100,0
sh513130,09:35:50,1767836153008,5678.19,0.8981,3.6008,0.74,0.7383,0.2303,1878400,1389934,0.74,0.739,94875500,0.738,80138600,0.737,61393300,0.736,41282700,0.735,44698400,0.74,16418200,0.741,62431600,0.742,30193000,0.743,32737500,0.744,20995200,454,100,0
sh513130,09:35:53,1767836154014,5678.19,0.8981,4.2667,0.74,0.7382,0.2438,8634000,6388685,0.7399,0.739,112080800,0.738,95344700,0.737,76393300,0.736,41373000,0.735,44708900,0.74,1262700,0.741,63175900,0.742,30276200,0.743,32737500,0.744,20999700,1460,100,0
sh513130,09:35:50,1767836155017,5678.36,0.8981,3.3342,0.74,0.7383,0.2303,0,0,0.74,0.739,94875500,0.738,80138600,0.737,61393300,0.736,41282700,0.735,44698400,0.74,16418200,0.741,62431600,0.742,30193000,0.743,32737500,0.744,20995200,548,100,1
sh513130,09:35:53,1767836156019,5678.36,0.8981,2.9307,0.74,0.7382,0.2438,8634000,6388685,0.7399,0.739,112080800,0.738,95344700,0.737,76393300,0.736,41373000,0.735,44708900,0.74,1262700,0.741,63175900,0.742,30276200,0.743,32737500,0.744,20999700,1550,100,0
sh513130,09:35:56,1767836158029,5677.88,0.8981,2.297,0.74,0.7382,0.2438,2829500,2093706,0.74,0.739,113601500,0.738,95434900,0.737,76422800,0.736,41547500,0.735,44802400,0.74,716500,0.741,63954800,0.742,32326200,0.743,34967500,0.744,20999700,1501,100,0
sh513130,09:35:59,1767836161024,5678.71,0.8981,3.3401,0.74,0.7382,0.2438,878900,650386,0.74,0.74,40356600,0.739,120145300,0.738,97640900,0.737,81542100,0.736,41576100,0.741,61997300,0.742,32397200,0.743,37887400,0.744,20999700,0.745,28677700,295,100,0
sh513130,09:36:02,1767836165047,5678.85,0.8981,2.5667,0.74,0.7382,0.2438,11112800,8223472,0.74,0.74,9548700,0.739,122226700,0.738,99700200,0.737,81225200,0.736,41593000,0.741,65857000,0.742,41419700,0.743,37887400,0.744,20990700,0.745,28677700,505,100,0
sh513130,09:36:05,1767836168049,5678.95,0.8981,4.123,0.74,0.7382,0.2438,10453600,7735662,0.74,0.739,122956900,0.738,100688500,0.737,81704700,0.736,41626600,0.735,45347300,0.74,24305300,0.741,65724200,0.742,29353400,0.743,37107400,0.744,21114200,795,100,0
sh513130,09:36:08,1767836170036,5678.21,0.8981,3.4464,0.74,0.7382,0.2438,2172100,1607354,0.74,0.739,108433800,0.738,100855200,0.737,81798400,0.736,56656600,0.735,45420700,0.74,40461400,0.741,62906000,0.742,29364200,0.743,33625400,0.744,21114200,619,100,0
sh513130,09:36:11,1767836174060,5677.57,0.8981,3.42,0.74,0.7382,0.2438,1453600,1075631,0.74,0.739,105672100,0.738,101826000,0.737,81813400,0.736,59687600,0.735,45530800,0.74,42728500,0.741,62756700,0.742,30211600,0.743,33983300,0.744,21114200,291,100,0
sh513130,09:36:14,1767836176056,5676.94,0.8981,1.9488,0.74,0.7382,0.2438,731000,540488,0.7394,0.739,105928400,0.738,101923600,0.737,81883400,0.736,59699600,0.735,45612300,0.74,37072300,0.741,68406700,0.742,28866900,0.743,33823300,0.744,21134200,114,100,0
sh513130,09:36:17,1767836179055,5677.06,0.8981,4.6392,0.74,0.7382,0.2438,1374700,1017246,0.74,0.739,110107800,0.738,102149100,0.737,81905400,0.736,56752300,0.735,45664200,0.74,33697800,0.741,70474800,0.742,30581700,0.743,35823300,0.744,21413100,497,100,0
sh513130,09:36:20,1767836183057,5679.1,0.8981,5.3421,0.74,0.7382,0.2438,953800,705597,0.7398,0.739,112456900,0.738,102205600,0.737,81962400,0.736,56781200,0.735,45721200,0.74,32535900,0.741,71524800,0.742,28895900,0.743,35825500,0.744,21383100,585,100,0
sh513130,09:36:23,1767836185066,5680.51,0.8981,7.6404,0.74,0.7382,0.2438,10734900,7943756,0.74,0.74,27209800,0.739,128817800,0.738,101374600,0.737,82152600,0.736,41851900,0.741,74145000,0.742,42742100,0.743,35974700,0.744,21383100,0.745,28982200,406,100,0
sh513130,09:36:26,1767836188065,5680.6,0.8981,8.4888,0.74,0.7382,0.2438,9643900,7136486,0.74,0.74,12575600,0.739,123718000,0.738,100406800,0.737,81765800,0.736,41958900,0.741,73841900,0.742,43545100,0.743,38524700,0.744,21383100,0.745,29027000,1238,100,0
sh513130,09:36:29,1767836192057,5681.35,0.8981,6.384,0.74,0.7382,0.2438,19617800,14517171,0.74,0.74,20122100,0.739,128568000,0.738,102510100,0.737,82165800,0.736,41984200,0.741,74030400,0.742,41850300,0.743,37534700,0.744,21510400,0.745,29037000,881,100,0
sh513130,09:36:32,1767836193055,5681.02,0.8981,5.5382,0.74,0.7382,0.2438,8117200,6011053,0.7405,0.739,128966800,0.738,101536000,0.737,82195800,0.736,42157400,0.735,45782800,0.74,982800,0.741,70609000,0.742,42707700,0.743,38881500,0.744,21510400,537,100,0
sh513130,09:36:35,1767836197056,5681.64,0.8981,5.9412,0.74,0.7382,0.2438,1993600,1475264,0.74,0.739,129265400,0.738,102608300,0.737,82208800,0.736,42170400,0.735,45786600,0.74,207700,0.741,72779000,0.742,42555100,0.743,36501500,0.744,21580400,547,100,0
sh513130,09:36:38,1767836200066,5682.59,0.8981,5.8613,0.74,0.7389,0.1489,864300,639652,0.7401,0.74,27454000,0.739,129287000,0.738,101634400,0.737,82240700,0.736,42268000,0.741,73166500,0.742,41921500,0.743,36901500,0.744,21480400,0.745,29840700,180,100,0
sh513130,09:36:41,1767836203054,5682.2,0.8981,5.728,0.74,0.7389,0.1489,508900,376586,0.74,0.74,28794000,0.739,129501100,0.738,101666200,0.737,81855200,0.736,42330000,0.741,72767500,0.742,42842400,0.743,37881500,0.744,21514200,0.745,29840700,539,100,0
sh513130,09:36:44,1767836206059,5681.98,0.8981,3.9479,0.74,0.7389,0.1489,264500,195813,0.7403,0.74,2276600,0.739,129450600,0.738,101708700,0.737,82687900,0.736,42344300,0.741,72836400,0.742,43831400,0.743,38888500,0.744,21514200,0.745,30693400,1541,100,0
sh513130,09:36:47,1767836209068,5681.65,0.8981,2.675,0.74,0.7389,0.1489,3598400,2662868,0.74,0.739,129626600,0.738,102734100,0.737,83105000,0.736,42351600,0.735,45906800,0.74,3477700,0.741,74050000,0.742,41236600,0.743,36909500,0.744,21514200,478,100,0
sh513130,09:36:50,1767836212072,5681.94,0.8981,2.2604,0.74,0.7382,0.2438,777600,575424,0.74,0.739,130278200,0.738,102715500,0.737,91156000,0.736,42480200,0.735,46037300,0.74,3195200,0.741,76143600,0.742,50306900,0.743,36867400,0.744,21514200,1309,100,0
sh513130,09:36:53,1767836214081,5681.28,0.8981,1.5961,0.74,0.7382,0.2438,2983000,2207393,0.74,0.74,29936300,0.739,130768900,0.738,102664400,0.737,83163000,0.736,50532600,0.741,79381900,0.742,44155000,0.743,37267400,0.744,21514200,0.745,30863500,1151,100,0
sh513130,09:36:50,1767836215077,5682.99,0.8981,6.1033,0.74,0.7382,0.2438,0,0,0.74,0.739,130278200,0.738,102715500,0.737,91156000,0.736,42480200,0.735,46037300,0.74,3195200,0.741,76143600,0.742,50306900,0.743,36867400,0.744,21514200,591,100,1
sh513130,09:36:53,1767836216069,5682.99,0.8981,5.5405,0.74,0.7382,0.2438,2983000,2207393,0.74,0.74,29936300,0.739,130768900,0.738,102664400,0.737,83163000,0.736,50532600,0.741,79381900,0.742,44155000,0.743,37267400,0.744,21514200,0.745,30863500,971,100,0
sh513130,09:36:56,1767836219078,5682.58,0.8981,4.7254,0.74,0.7382,0.2438,5879100,4350594,0.74,0.739,131181600,0.738,101560000,0.737,82774000,0.736,50534100,0.735,46278000,0.74,485200,0.741,77338800,0.742,42460200,0.743,38257400,0.744,21514200,602,100,0
sh513130,09:36:59,1767836222077,5682.24,0.8981,4.8283,0.74,0.7382,0.2438,1635100,1209973,0.74,0.74,25163400,0.739,131354300,0.738,102610900,0.737,83472000,0.736,50566100,0.741,80197400,0.742,43307600,0.743,37461600,0.744,21514200,0.745,30910500,474,100,0
sh513130,09:37:02,1767836225073,5682.13,0.8981,3.7292,0.741,0.7382,0.3793,116500,86233,0.7402,0.74,28378900,0.739,131577400,0.738,102749200,0.737,83111500,0.736,50576300,0.741,79455800,0.742,44155000,0.743,38453600,0.744,21514200,0.745,30932700,557,100,0
sh513130,09:37:05,1767836228070,5680.62,0.8981,5.6069,0.741,0.7382,0.3793,6779700,5017040,0.74,0.74,825700,0.739,132128100,0.738,101977300,0.737,83458600,0.736,50641000,0.741,80748300,0.742,41443700,0.743,37463600,0.744,21514200,0.745,30910500,1576,100,0
sh513130,09:37:08,1767836230076,5680.88,0.8981,4.1149,0.741,0.7382,0.3793,4187900,3101201,0.7405,0.74,288400,0.739,132362200,0.738,102408100,0.737,83459100,0.736,50645500,0.741,79647000,0.742,42656800,0.743,37463600,0.744,21514200,0.745,31612300,1542,100,0
sh513130,09:37:11,1767836233079,5677.28,0.8981,5.8848,0.74,0.7382,0.2438,3111800,2302757,0.74,0.739,117270800,0.738,102627300,0.737,83484600,0.736,50640000,0.735,46119800,0.74,29881700,0.741,77284200,0.742,37527800,0.743,35288900,0.744,21514200,505,100,0
sh513130,09:37:14,1767836237080,5676.63,0.8981,5.0068,0.74,0.7382,0.2438,758400,561198,0.74,0.739,116785200,0.738,102690300,0.737,85476900,0.736,58040100,0.735,54185800,0.74,42713100,0.741,72067800,0.742,35731900,0.743,34645300,0.744,21514200,210,100,0
sh513130,09:37:17,1767836240070,5676.52,0.8981,4.7394,0.74,0.7382,0.2438,510700,377802,0.7398,0.739,117810900,0.738,103723500,0.737,85489900,0.736,66975300,0.735,46291900,0.74,45007000,0.741,72097800,0.742,35579300,0.743,34695300,0.744,21514200,1012,100,0
sh513130,09:37:20,1767836242071,5676.84,0.8981,2.8921,0.74,0.7382,0.2438,2769800,2048876,0.7397,0.739,120475900,0.738,108214900,0.737,89047800,0.736,68981200,0.735,46221900,0.74,45920700,0.741,71770000,0.742,36326700,0.743,34695300,0.744,21514200,845,100,0
sh513130,09:37:23,1767836245078,5676.6,0.8981,2.9001,0.74,0.7376,0.3254,630200,466346,0.74,0.739,103765100,0.738,113901900,0.737,90047800,0.736,74396300,0.735,46308900,0.74,48155200,0.741,70991200,0.742,34471500,0.743,34849500,0.744,21514200,559,100,0
sh513130,09:37:26,1767836249071,5674.29,0.8981,1.1719,0.74,0.7376,0.3254,1263900,934998,0.7398,0.739,98896800,0.738,114987700,0.737,90095600,0.736,66196600,0.735,54373000,0.74,48252700,0.741,70913400,0.742,34530700,0.743,34849500,0.744,21514200,578,100,0
sh513130,09:37:29,1767836251078,5673.99,0.8981,3.9773,0.74,0.7376,0.3254,1216900,900305,0.7398,0.739,103962700,0.738,115304500,0.737,91159600,0.736,67090900,0.735,54461100,0.74,48386100,0.741,70915400,0.742,34530700,0.743,34849500,0.744,21514200,549,100,0
sh513130,09:37:32,1767836255069,5674.71,0.8981,6.4451,0.739,0.7376,0.1898,634100,469220,0.74,0.739,104365700,0.738,115364900,0.737,91184900,0.736,67945300,0.735,54753100,0.74,48962100,0.741,70870400,0.742,34530700,0.743,34869500,0.744,21529200,494,100,0
sh513130,09:37:35,1767836258053,5674.91,0.8981,5.1815,0.739,0.7376,0.1898,1432200,1059620,0.7399,0.739,104386800,0.738,115277000,0.737,91191400,0.736,68894000,0.735,54793200,0.74,47814700,0.741,70806700,0.742,34536900,0.743,34869500,0.744,21529200,1535,100,0
sh513130,09:37:38,1767836260058,5674.72,0.8981,7.192,0.739,0.7376,0.1898,361300,267227,0.7396,0.739,104460100,0.738,115477100,0.737,91261400,0.736,69758900,0.735,55002000,0.74,49994800,0.741,71042400,0.742,35436400,0.743,34953300,0.744,21529700,1398,100,0
sh513130,09:37:41,1767836263045,5674.08,0.8981,5.7855,0.74,0.7376,0.3254,1375600,1016749,0.7391,0.739,110545500,0.738,109962500,0.737,90332400,0.736,70618300,0.735,55052000,0.74,52039300,0.741,70972500,0.742,33741600,0.743,34953300,0.744,21529700,16,100,0
sh513130,09:37:44,1767836266031,5675.32,0.8981,5.8677,0.74,0.7376,0.3254,1416600,1047054,0.7391,0.739,104897800,0.738,115850800,0.737,90418100,0.736,70618300,0.735,55151800,0.74,52325300,0.741,70838800,0.742,33741600,0.743,34953300,0.744,21529700,816,100,0
sh513130,09:37:47,1767836269035,5674.61,0.8981,4.3316,0.739,0.7376,0.1898,2630000,1944169,0.7392,0.739,103679600,0.738,116045000,0.737,90819400,0.736,71354700,0.735,55186500,0.74,51382900,0.741,67886000,0.742,35579100,0.743,34553300,0.744,21501700,554,100,0
sh513130,09:37:50,1767836273025,5675.78,0.8981,5.3076,0.74,0.7376,0.3254,582600,431124,0.74,0.739,119479800,0.738,110494000,0.737,90822400,0.736,64044700,0.735,55223500,0.74,50958900,0.741,67778300,0.742,36426600,0.743,34553300,0.744,21501700,484,100,0
sh513130,09:37:53,1767836276020,5676.5,0.8981,4.6249,0.74,0.7376,0.3254,169700,125542,0.7398,0.739,119564000,0.738,110625500,0.737,90822400,0.736,64052800,0.735,55291000,0.74,49322500,0.741,70116900,0.742,34731600,0.743,34553300,0.744,21549400,1530,100,0
sh513130,09:37:56,1767836279020,5677.72,0.8981,4.0345,0.74,0.7383,0.2303,567000,419337,0.7396,0.739,120524600,0.738,111240800,0.737,89876200,0.736,59744700,0.735,55370000,0.74,58943800,0.741,70116900,0.742,28741900,0.743,34553300,0.744,21549400,498,100,0
sh513130,09:37:59,1767836281023,5677.37,0.8981,6.4535,0.739,0.7383,0.0948,659200,487223,0.7391,0.739,136369200,0.738,111390600,0.737,88903200,0.736,51890800,0.735,47417700,0.74,39253900,0.741,75689900,0.742,41775900,0.743,34567600,0.744,21549400,483,100,0
sh513130,09:38:02,1767836284024,5677.14,0.8981,6.1533,0.74,0.7383,0.2303,231100,170922,0.7396,0.739,137922900,0.738,111493600,0.737,88914700,0.736,43947900,0.735,55427700,0.74,39568000,0.741,75689900,0.742,41870100,0.743,34529300,0.744,21360200,896,100,0
sh513130,09:38:05,1767836287025,5678.8,0.8981,5.4688,0.74,0.7383,0.2303,1206000,892259,0.7398,0.739,139201400,0.738,111439200,0.737,88948700,0.736,51957900,0.735,47533200,0.74,23130400,0.741,75689900,0.742,42580100,0.743,37397000,0.744,21360200,37,100,0
sh513130,09:38:08,1767836290024,5676.98,0.8981,6.5404,0.74,0.7383,0.2303,5941000,4396216,0.74,0.739,125015100,0.738,111397300,0.737,88953400,0.736,66985900,0.735,47563200,0.74,56477900,0.741,67689700,0.742,30643200,0.743,35396900,0.744,21360200,870,100,0
sh513130,09:38:11,1767836295020,5674.91,0.8981,5.4843,0.739,0.7383,0.0948,605300,447622,0.7395,0.739,124819600,0.738,111439300,0.737,89961000,0.736,59026700,0.735,55597700,0.74,57072500,0.741,67701700,0.742,30647300,0.743,35496900,0.744,21360200,532,100,0
sh513130,09:38:14,1767836297032,5676.5,0.8981,4.2392,0.74,0.7383,0.2303,649300,480312,0.7397,0.739,120089500,0.738,111955900,0.737,91004000,0.736,59913900,0.735,55602000,0.74,58403800,0.741,67761700,0.742,29684900,0.743,35496900,0.744,21360200,532,100,0
sh513130,09:38:17,1767836299032,5675.74,0.8981,4.3889,0.74,0.7383,0.2303,509000,376491,0.7397,0.739,120700500,0.738,111943900,0.737,91151800,0.736,61289500,0.735,55741500,0.74,58684100,0.741,67821700,0.742,29634900,0.743,35496900,0.744,21360200,518,100,0
sh513130,09:38:20,1767836303027,5676.77,0.8981,5.4001,0.74,0.7383,0.2303,479000,354291,0.7396,0.739,120570900,0.738,112023200,0.737,91177000,0.736,62185900,0.735,55781000,0.74,57005700,0.741,70222500,0.742,29901500,0.743,35496900,0.744,21360200,486,100,0
sh513130,09:38:23,1767836305031,5678.35,0.8981,7.3844,0.739,0.7383,0.0948,461500,341447,0.7399,0.739,138033100,0.738,112282300,0.737,90244800,0.736,52642900,0.735,47775400,0.74,35714300,0.741,75862600,0.742,41900300,0.743,35496900,0.744,21360200,486,100,0
sh513130,09:38:26,1767836309022,5680.93,0.8981,7.2384,0.741,0.7383,0.3657,24836100,18379655,0.74,0.74,49500700,0.739,137546600,0.738,111424300,0.737,89292100,0.736,52810900,0.741,75162600,0.742,44041300,0.743,37899900,0.744,21360200,0.745,31761000,283,100,0
sh513130,09:38:29,1767836311022,5680.92,0.8981,5.5651,0.74,0.7383,0.2303,791000,585358,0.74,0.74,47954900,0.739,141108900,0.738,111741900,0.737,96999800,0.736,44891500,0.741,71283700,0.742,52888700,0.743,38889900,0.744,21560200,0.745,31761000,117,100,0
sh513130,09:38:32,1767836314022,5680.72,0.8981,4.0469,0.741,0.7383,0.3657,536400,396987,0.7401,0.74,49116900,0.739,142845000,0.738,110856400,0.737,89014300,0.736,44898100,0.741,74183400,0.742,45716200,0.743,38839900,0.744,21560200,0.745,31761000,939,100,0
sh513130,09:38:35,1767836318020,5681.88,0.8981,3.4715,0.74,0.7389,0.1489,9094900,6730294,0.74,0.74,23564500,0.739,143818000,0.738,111260100,0.737,89156700,0.736,44965100,0.741,74026700,0.742,45723900,0.743,38739900,0.744,21562200,0.745,31761000,573,100,0
sh513130,09:38:38,1767836320022,5682.22,0.8981,3.0804,0.74,0.739,0.1353,21611900,15992806,0.74,0.739,146036800,0.738,113344600,0.737,89574800,0.736,52965200,0.735,47987800,0.74,10584700,0.741,75701900,0.742,44501000,0.743,37749900,0.744,21738300,394,100,0
sh513130,09:38:41,1767836323024,5680.85,0.8981,3.7987,0.74,0.739,0.1353,1016400,752034,0.7399,0.739,147219400,0.738,113397000,0.737,90259500,0.736,52988500,0.735,48011300,0.74,12658800,0.741,75751900,0.742,42816100,0.743,37358700,0.744,21738300,490,100,0
sh513130,09:38:44,1767836327033,5680.92,0.8981,3.6408,0.74,0.739,0.1353,4621100,3418588,0.7398,0.739,146586700,0.738,113710700,0.737,90318500,0.736,52994700,0.735,48144300,0.74,2245200,0.741,75827400,0.742,43663600,0.743,37358700,0.744,21785800,517,100,0
sh513130,09:38:47,1767836331021,5683.5,0.8981,4.078,0.74,0.739,0.1353,1505500,1114070,0.74,0.74,49164300,0.739,140396000,0.738,113165700,0.737,89398400,0.736,53025600,0.741,75557700,0.742,44663600,0.743,37758700,0.744,21785800,0.745,32022300,492,100,0
sh513130,09:38:50,1767836332020,5683.5,0.8981,3.8804,0.74,0.739,0.1353,422700,312883,0.7402,0.74,65636600,0.739,140705200,0.738,112278800,0.737,85824300,0.736,45043600,0.741,65623200,0.742,56568600,0.743,38748700,0.744,22187700,0.745,31863900,1492,100,0
sh513130,09:38:47,1767836333033,5682.97,0.8981,3.1789,0.74,0.739,0.1353,0,0,0.74,0.74,49164300,0.739,140396000,0.738,113165700,0.737,89398400,0.736,53025600,0.741,75557700,0.742,44663600,0.743,37758700,0.744,21785800,0.745,32022300,330,100,1
sh513130,09:38:50,1767836334034,5682.97,0.8981,3.2313,0.74,0.739,0.1353,422700,312883,0.7402,0.74,65636600,0.739,140705200,0.738,112278800,0.737,85824300,0.736,45043600,0.741,65623200,0.742,56568600,0.743,38748700,0.744,22187700,0.745,31863900,1331,100,0
sh513130,09:38:53,1767836336027,5684.53,0.8981,4.0822,0.74,0.739,0.1353,708000,523946,0.74,0.74,64818200,0.739,140417100,0.738,112535500,0.737,85824300,0.736,45058600,0.741,71248800,0.742,51049800,0.743,40441300,0.744,22187700,0.745,31863900,1161,100,0
sh513130,09:38:56,1767836339031,5683.66,0.8981,1.9852,0.741,0.739,0.2706,138800,102765,0.7404,0.74,68616700,0.739,140641100,0.738,111790800,0.737,85932200,0.736,45153500,0.741,70753500,0.742,51129800,0.743,41444700,0.744,21871700,0.745,31863900,558,100,0
sh513130,09:38:59,1767836341019,5683.85,0.8981,4.8862,0.741,0.739,0.2706,2106500,1558847,0.74,0.74,67388900,0.739,140985700,0.738,112930700,0.737,77940200,0.736,53158500,0.741,74766300,0.742,42886700,0.743,41301000,0.744,23870300,0.745,31879300,532,100,0
sh513130,09:38:56,1767836342022,5683.85,0.8981,6.2979,0.741,0.739,0.2706,0,0,0.741,0.74,68616700,0.739,140641100,0.738,111790800,0.737,85932200,0.736,45153500,0.741,70753500,0.742,51129800,0.743,41444700,0.744,21871700,0.745,31863900,633,100,1
sh513130,09:38:59,1767836343021,5684.19,0.8981,6.2077,0.741,0.739,0.2706,2106500,1558847,0.74,0.74,67388900,0.739,140985700,0.738,112930700,0.737,77940200,0.736,53158500,0.741,74766300,0.742,42886700,0.743,41301000,0.744,23870300,0.745,31879300,486,100,0
sh513130,09:39:02,1767836346026,5684.29,0.8981,6.3889,0.74,0.739,0.1353,292400,216468,0.7403,0.74,68417800,0.739,141669800,0.738,112964600,0.737,86003100,0.736,45171100,0.741,73484300,0.742,50987700,0.743,39608400,0.744,23870300,0.745,31989300,255,100,0
sh513130,09:39:05,1767836348052,5684.46,0.8981,5.6502,0.74,0.739,0.1353,212300,157251,0.7407,0.74,85554900,0.739,141337800,0.738,112221700,0.737,71059400,0.736,45252400,0.741,71842800,0.742,56587700,0.743,40454800,0.744,24270300,0.745,31989300,91,100,0
sh513130,09:39:08,1767836350031,5685.39,0.8981,4.6255,0.741,0.739,0.2706,991200,734468,0.741,0.74,71665100,0.739,141243300,0.738,112253700,0.737,71072400,0.736,45252400,0.741,70153900,0.742,56587700,0.743,42221200,0.744,24270300,0.745,31989300,1537,100,0
sh513130,09:39:05,1767836351025,5684.55,0.8981,3.9362,0.74,0.739,0.1353,0,0,0.74,0.74,85554900,0.739,141337800,0.738,112221700,0.737,71059400,0.736,45252400,0.741,71842800,0.742,56587700,0.743,40454800,0.744,24270300,0.745,31989300,517,100,1
sh513130,09:39:08,1767836352019,5684.55,0.8981,3.8656,0.741,0.739,0.2706,991200,734468,0.741,0.74,71665100,0.739,141243300,0.738,112253700,0.737,71072400,0.736,45252400,0.741,70153900,0.742,56587700,0.743,42221200,0.744,24270300,0.745,31989300,1511,100,0
sh513130,09:39:11,1767836353019,5685.08,0.8981,3.5173,0.741,0.739,0.2706,96300,71358,0.741,0.74,72590800,0.739,141385700,0.738,112338000,0.737,86072400,0.736,45304400,0.741,70358800,0.742,56675400,0.743,42340500,0.744,24255300,0.745,31989300,475,100,0
sh513130,09:39:14,1767836356026,5685.05,0.8981,4.5466,0.741,0.739,0.2706,274100,203062,0.7408,0.74,90822600,0.739,141425500,0.738,111413200,0.737,66230400,0.736,45507400,0.741,61383300,0.742,59048000,0.743,53661200,0.744,24255300,0.745,31989300,1503,100,0
sh513130,09:39:17,1767836360021,5685.38,0.8981,6.1818,0.741,0.739,0.2706,198100,146740,0.7407,0.74,90765900,0.739,140872400,0.738,111634200,0.737,66257400,0.736,45561400,0.741,52201800,0.742,61008000,0.743,53711200,0.744,26255300,0.745,31989300,1166,100,0
sh513130,09:39:20,1767836362027,5685.36,0.8981,4.1814,0.741,0.739,0.2706,622000,460882,0.741,0.74,93253800,0.739,146882900,0.738,112135800,0.737,58170700,0.736,53568400,0.741,60951500,0.742,52999100,0.743,54595600,0.744,24416600,0.745,31989300,997,100,0
sh513130,09:39:23,1767836366002,5686.09,0.8981,3.6615,0.741,0.7396,0.1893,444500,329355,0.741,0.74,95203900,0.739,147439300,0.738,112201300,0.737,58233200,0.736,53588400,0.741,75153400,0.742,50538900,0.743,47442800,0.744,24444200,0.745,32239300,626,100,0
sh513130,09:39:26,1767836368998,5685.58,0.8981,2.3099,0.74,0.739,0.1353,300500,222606,0.7408,0.74,82302500,0.739,147421500,0.738,112199200,0.737,81226700,0.736,45589400,0.741,72717200,0.742,50538900,0.743,54496700,0.744,24044200,0.745,32239300,471,100,0
sh513130,09:39:29,1767836372003,5686.04,0.8981,4.4714,0.741,0.739,0.2706,529800,392477,0.7408,0.74,97402500,0.739,147415900,0.738,112277500,0.737,66257700,0.736,45610300,0.741,72245300,0.742,53538900,0.743,46496700,0.744,24444200,0.745,32274200,115,100,0
sh513130,09:39:32,1767836375010,5688.05,0.8981,3.7473,0.741,0.7396,0.1893,131700,97521,0.7405,0.74,99767900,0.739,147395200,0.738,112287500,0.737,66257700,0.736,45705300,0.741,49877900,0.742,56059100,0.743,68325300,0.744,26444200,0.745,32275100,487,100,0
sh513130,09:39:35,1767836377018,5687.49,0.8981,2.3969,0.741,0.7396,0.1893,9743800,7219676,0.741,0.74,96089900,0.739,146999700,0.738,111284100,0.737,66204300,0.736,45707300,0.741,42125200,0.742,58128100,0.743,57478900,0.744,26444200,0.745,32383300,572,100,0
sh513130,09:39:38,1767836381021,5686.9,0.8981,1.7579,0.741,0.7396,0.1893,968800,717875,0.741,0.74,96606900,0.739,147771000,0.738,111230500,0.737,66202900,0.736,45717300,0.741,46288900,0.742,66723200,0.743,55786200,0.744,26444200,0.745,32383300,418,100,0
sh513130,09:39:41,1767836383029,5686.78,0.8981,3.396,0.74,0.7396,0.0541,425000,314897,0.7409,0.74,96973900,0.739,148124000,0.738,111241500,0.737,66202900,0.736,45718700,0.741,58744000,0.742,60160100,0.743,56633300,0.744,26344200,0.745,32383300,256,100,0
sh513130,09:39:44,1767836386033,5686.62,0.8981,2.1397,0.741,0.7396,0.1893,512000,379389,0.741,0.74,96808600,0.739,148563300,0.738,112309300,0.737,66263300,0.736,45844000,0.741,60934500,0.742,65062600,0.743,49391400,0.744,26344200,0.745,32290600,1097,100,0
sh513130,09:39:47,1767836389026,5687.03,0.8981,5.2384,0.74,0.7396,0.0541,528200,391195,0.7406,0.74,98832000,0.739,148585500,0.738,111310300,0.737,66263300,0.736,45845000,0.741,58361600,0.742,60311600,0.743,55698800,0.744,26842800,0.745,32350600,479,100,0
sh513130,09:39:50,1767836393029,5687.02,0.8981,2.9865,0.741,0.7396,0.1893,250100,185299,0.7409,0.74,100158000,0.739,149594100,0.738,111333800,0.737,66264300,0.736,45857400,0.741,60708100,0.742,65911400,0.743,48598500,0.744,26842800,0.745,32350600,543,100,0
sh513130,09:39:53,1767836395031,5686.54,0.8981,4.184,0.741,0.7396,0.1893,454900,337077,0.741,0.74,105124200,0.739,150044300,0.738,112331000,0.737,66186500,0.736,45861400,0.741,68310000,0.742,60321400,0.743,49444800,0.744,24842800,0.745,32363600,533,100,0
sh513130,09:39:56,1767836398011,5686.79,0.8981,5.5829,0.741,0.7396,0.1893,211200,156464,0.7408,0.74,105632500,0.739,149862300,0.738,112322900,0.737,66236500,0.736,45840700,0.741,64020300,0.742,63061800,0.743,48598300,0.744,26842800,0.745,32363600,17,100,0
sh513130,09:39:59,1767836400020,5686.38,0.8981,6.7837,0.741,0.7396,0.1893,667100,494094,0.7407,0.74,106750700,0.739,149979700,0.738,111446900,0.737,66256500,0.736,45890700,0.741,63001800,0.742,63199400,0.743,50156800,0.744,26842800,0.745,32363600,1517,100,0
sh513130,09:40:02,1767836405025,5688.61,0.8981,4.2252,0.741,0.7396,0.1893,30680400,22734169,0.741,0.741,32657300,0.74,98276500,0.739,137094000,0.738,111445900,0.737,66261500,0.742,65793600,0.743,64617100,0.744,26842800,0.745,32438900,0.746,27248600,489,100,0
sh513130,09:40:05,1767836407033,5689.6,0.8981,2.8265,0.741,0.7396,0.1893,98600,73063,0.741,0.741,38984900,0.74,98674600,0.739,137210300,0.738,103880900,0.737,66323500,0.742,60675300,0.743,64617100,0.744,27688000,0.745,32438900,0.746,27248600,319,100,0
sh513130,09:40:08,1767836410025,5689.61,0.8981,4.6364,0.742,0.7396,0.3245,32800,24329,0.7417,0.741,39838200,0.74,98593900,0.739,137204700,0.738,108246100,0.737,66470500,0.742,60737700,0.743,64617100,0.744,28533200,0.745,32438900,0.746,27258600,1137,100,0
sh513130,09:40:11,1767836413029,5689.31,0.8981,3.7045,0.741,0.7396,0.1893,390600,289502,0.7412,0.741,43752400,0.74,98122900,0.739,137013300,0.738,108255100,0.737,66601100,0.742,59843900,0.743,64647200,0.744,30368400,0.745,32438900,0.746,27267600,492,100,0
sh513130,09:40:14,1767836416024,5690.06,0.8981,2.3049,0.742,0.7396,0.3245,110700,82136,0.742,0.741,45931600,0.74,98256700,0.739,137482200,0.738,108259100,0.737,66395500,0.742,59761600,0.743,64647200,0.744,28668000,0.745,32439300,0.746,27267600,584,100,0
sh513130,09:40:17,1767836419017,5691.3,0.8981,2.3363,0.742,0.7396,0.3245,780000,577984,0.741,0.741,47017600,0.74,98962900,0.739,137172000,0.738,107938100,0.737,66395500,0.742,59791700,0.743,64652200,0.744,28663800,0.745,32446000,0.746,27272600,472,100,0
sh513130,09:40:20,1767836422989,5691.41,0.8981,2.3805,0.742,0.7396,0.3245,362800,269151,0.7419,0.741,47003200,0.74,99585900,0.739,137160500,0.738,107993000,0.737,66400500,0.742,59615700,0.743,64652200,0.744,29509000,0.745,32446000,0.746,27272600,462,100,0
sh513130,09:40:23,1767836424994,5690.5,0.8981,1.7911,0.741,0.7396,0.1893,989900,733835,0.7413,0.741,36374500,0.74,100595400,0.739,137225600,0.738,113828000,0.737,66390800,0.742,59417700,0.743,64667600,0.744,30354200,0.745,32446000,0.746,27333600,480,100,0
sh513130,09:40:26,1767836430002,5689.51,0.8981,3.6742,0.741,0.7397,0.1757,7806700,5784821,0.741,0.74,100561400,0.739,138240200,0.738,114738500,0.737,66368800,0.736,45887700,0.741,27969000,0.742,59609300,0.743,63677600,0.744,29530000,0.745,32446000,1447,100,0
sh513130,09:40:29,1767836432006,5688.95,0.8981,4.8091,0.741,0.7397,0.1757,3230700,2393947,0.741,0.74,103840000,0.739,138246000,0.738,115217300,0.737,66331900,0.736,45887700,0.741,16897100,0.742,68595600,0.743,55677600,0.744,28133500,0.745,32446000,1306,100,0
sh513130,09:40:32,1767836435003,5688.95,0.8981,4.0152,0.74,0.7396,0.0541,993400,736038,0.7409,0.74,104241000,0.739,138248200,0.738,115214300,0.737,66468100,0.736,45890700,0.741,12753100,0.742,62046000,0.743,64353900,0.744,28798200,0.745,32446000,486,100,0
sh513130,09:40:35,1767836436996,5688.93,0.8981,3.7321,0.74,0.7396,0.0541,1594500,1180471,0.7403,0.74,103987100,0.739,138312300,0.738,115368300,0.737,58468100,0.736,53920700,0.741,15084400,0.742,68165800,0.743,57260400,0.744,27160600,0.745,32446000,521,100,0
sh513130,09:40:38,1767836439976,5688.49,0.8981,3.0384,0.741,0.7396,0.1893,652400,483425,0.741,0.74,104517900,0.739,138389500,0.738,115400500,0.737,66488100,0.736,45920700,0.741,29756500,0.742,62312200,0.743,58107600,0.744,27160600,0.745,32451000,581,100,0
sh513130,09:40:41,1767836442980,5688.0,0.8981,3.0911,0.74,0.7397,0.0406,1422900,1053311,0.7403,0.74,104826400,0.739,138543700,0.738,115445000,0.737,66501700,0.736,45920700,0.741,32281500,0.742,70275300,0.743,50954000,0.744,25057900,0.745,32511500,375,100,0
sh513130,09:40:44,1767836446952,5687.19,0.8981,1.744,0.741,0.7397,0.1757,441000,326733,0.7409,0.74,106164900,0.739,140615200,0.738,115455100,0.737,66505900,0.736,46061700,0.741,34328400,0.742,67884300,0.743,49261200,0.744,24978700,0.745,32512500,421,100,0
sh513130,09:40:47,1767836448938,5687.07,0.8981,1.6633,0.741,0.7397,0.1757,865600,641400,0.741,0.74,107201500,0.739,140775600,0.738,116458700,0.737,66535000,0.736,46016200,0.741,34564600,0.742,67893700,0.743,50007600,0.744,24979700,0.745,32525300,446,100,0
sh513130,09:40:50,1767836451918,5686.81,0.8981,2.5011,0.741,0.7397,0.1757,355800,263615,0.7409,0.74,91838200,0.739,141888800,0.738,116465500,0.737,81541000,0.736,46016200,0.741,34494800,0.742,68020800,0.743,48334700,0.744,24979700,0.745,32485300,1418,100,0
sh513130,09:40:53,1767836454908,5684.34,0.8981,2.7956,0.741,0.7397,0.1757,571600,423555,0.741,0.74,91694500,0.739,141872500,0.738,116481900,0.737,81533500,0.736,46016200,0.741,45285500,0.742,67851600,0.743,47214800,0.744,24979700,0.745,32571800,271,100,0
sh513130,09:40:56,1767836458889,5683.23,0.8981,3.4635,0.741,0.739,0.2706,309500,229299,0.7409,0.74,92571300,0.739,142080300,0.738,117517000,0.737,73557500,0.736,46066200,0.741,45151800,0.742,59733400,0.743,57070200,0.744,24979700,0.745,32571800,377,100,0
sh513130,09:40:59,1767836462890,5683.37,0.8981,3.7368,0.741,0.739,0.2706,296600,219767,0.741,0.74,93151800,0.739,142084600,0.738,117585900,0.737,73869000,0.736,54085200,0.741,53910500,0.742,59763400,0.743,46387500,0.744,25115800,0.745,32591800,375,100,0
sh513130,09:41:02,1767836464884,5683.47,0.8981,3.381,0.741,0.739,0.2706,162400,120324,0.7409,0.74,86232700,0.739,142039100,0.738,117640100,0.737,89259000,0.736,46110200,0.741,46901700,0.742,67627700,0.743,47257400,0.744,25115800,0.745,32591800,341,100,0
sh513130,09:41:05,1767836466870,5683.15,0.8981,3.3981,0.741,0.739,0.2706,320500,237490,0.741,0.74,87596100,0.739,143731900,0.738,118661200,0.737,78889000,0.736,54112200,0.741,47131400,0.742,67440700,0.743,48103700,0.744,25135800,0.745,32591800,313,100,0
sh513130,09:41:08,1767836469861,5684.46,0.8981,1.5675,0.741,0.739,0.2706,338700,250901,0.7408,0.74,88513000,0.739,143993600,0.738,117683700,0.737,78920000,0.736,46113200,0.741,55979700,0.742,59498900,0.743,46410900,0.744,25135800,0.745,32613900,1314,100,0
sh513130,09:41:11,1767836472836,5682.81,0.8981,1.3815,0.741,0.7396,0.1893,155500,115220,0.741,0.74,93332700,0.739,144025900,0.738,117681100,0.737,73926000,0.736,54133200,0.741,56405700,0.742,59498900,0.743,47257200,0.744,25135800,0.745,32633900,328,100,0
sh513130,09:41:14,1767836476807,5683.5,0.8981,3.5422,0.741,0.7396,0.1893,849400,629330,0.7409,0.74,94889000,0.739,144108200,0.738,117722600,0.737,81926000,0.736,46133200,0.741,49019600,0.742,67498900,0.743,48107000,0.744,25000500,0.745,32633900,297,100,0
sh513130,09:41:17,1767836479801,5684.24,0.8981,3.5145,0.741,0.7396,0.1893,302700,224221,0.7407,0.74,88838300,0.739,144153100,0.738,118721100,0.737,73926000,0.736,54143700,0.741,56983900,0.742,59498900,0.743,46414400,0.744,25000500,0.745,32633900,1214,100,0
sh513130,09:41:20,1767836482802,5683.13,0.8981,3.0232,0.741,0.7396,0.1893,287800,213223,0.7409,0.74,76788100,0.739,144176400,0.738,117744700,0.737,94331000,0.736,46143700,0.741,48716400,0.742,67609200,0.743,47260700,0.744,25000500,0.745,32643900,306,100,0
sh513130,09:41:23,1767836484803,5683.6,0.8981,3.0016,0.741,0.7389,0.2842,457100,338411,0.7403,0.74,83950300,0.739,144543900,0.738,118749700,0.737,86956000,0.736,46153700,0.741,48879300,0.742,59709200,0.743,55337400,0.744,25562500,0.745,32662100,328,100,0
sh513130,09:41:26,1767836487788,5683.17,0.8981,2.7679,0.741,0.7389,0.2842,1291400,956837,0.7409,0.74,84612600,0.739,145110600,0.738,117774700,0.737,79789700,0.736,54153700,0.741,56333500,0.742,67709200,0.743,48183700,0.744,25562500,0.745,32662100,520,100,0
sh513130,09:41:29,1767836491782,5683.02,0.8981,2.9775,0.741,0.7389,0.2842,928500,687781,0.7407,0.74,85913200,0.739,145245600,0.738,117904300,0.737,88661300,0.736,46168700,0.741,48380100,0.742,67365100,0.743,48183700,0.744,25562500,0.745,32662100,172,100,0
sh513130,09:41:32,1767836493782,5683.9,0.8981,3.3907,0.74,0.739,0.1353,99400,73636,0.7408,0.74,86087500,0.739,145266400,0.738,117918000,0.737,81519800,0.736,54620100,0.741,56948500,0.742,59365100,0.743,48183700,0.744,25562500,0.745,32664800,1221,100,0
sh513130,09:41:35,1767836497764,5682.78,0.8981,2.623,0.74,0.739,0.1353,325200,240951,0.7409,0.74,87227400,0.739,145431000,0.738,117963000,0.737,82383000,0.736,47108000,0.741,49751400,0.742,60086900,0.743,48184000,0.744,25460000,0.745,33227700,1210,100,0
sh513130,09:41:38,1767836499760,5683.83,0.8981,3.4529,0.74,0.739,0.1353,167100,123819,0.741,0.74,87493700,0.739,145457100,0.738,117966100,0.737,83255200,0.736,55148000,0.741,49920800,0.742,68223700,0.743,46491400,0.744,25460000,0.745,33265600,1203,100,0
sh513130,09:41:41,1767836503724,5683.56,0.8981,4.3071,0.741,0.739,0.2706,237700,176036,0.7406,0.74,88740100,0.739,145453100,0.738,118233100,0.737,83996200,0.736,47153000,0.741,50172700,0.742,68323700,0.743,48184000,0.744,25460000,0.745,33265600,1185,100,0
sh513130,09:41:44,1767836506711,5683.09,0.8981,4.076,0.74,0.739,0.1353,349700,259111,0.741,0.74,77104300,0.739,145435400,0.738,119285100,0.737,91376200,0.736,47154900,0.741,58814800,0.742,60423700,0.743,49038900,0.744,25458000,0.745,33265600,203,100,0
sh513130,09:41:47,1767836508719,5681.57,0.8981,5.551,0.741,0.739,0.2706,65900,48808,0.7406,0.74,66470400,0.739,145489500,0.738,119293100,0.737,91379200,0.736,55186900,0.741,58841900,0.742,60423700,0.743,47333800,0.744,25458000,0.745,33295600,170,100,0
sh513130,09:41:50,1767836512706,5680.77,0.8981,4.475,0.741,0.739,0.2706,106300,78729,0.7406,0.74,66375000,0.739,145501100,0.738,119353500,0.737,91459200,0.736,55205200,0.741,60054100,0.742,60881700,0.743,47190100,0.744,25458000,0.745,33295600,184,100,0
sh513130,09:41:53,1767836514706,5680.82,0.8981,5.7101,0.74,0.739,0.1353,2496600,1847552,0.74,0.74,51953500,0.739,157579800,0.738,119368500,0.737,91429200,0.736,55185900,0.741,60009500,0.742,60706100,0.743,47210100,0.744,26458000,0.745,33215800,200,100,0
sh513130,09:41:56,1767836518700,5680.42,0.8981,5.4962,0.74,0.739,0.1353,11910800,8814439,0.74,0.74,39663200,0.739,157548800,0.738,119382900,0.737,91829200,0.736,55131500,0.741,60076200,0.742,60656100,0.743,46363800,0.744,26508000,0.745,33215800,213,100,0
sh513130,09:41:59,1767836520693,5678.2,0.8981,5.3419,0.74,0.739,0.1353,27966300,20695153,0.74,0.74,8961400,0.739,157120100,0.738,119256400,0.737,91838200,0.736,55176500,0.741,59422300,0.742,60029500,0.743,46363800,0.744,26587800,0.745,33341000,204,100,0
sh513130,09:42:02,1767836524702,5678.51,0.8981,7.1859,0.74,0.739,0.1353,11081400,8199236,0.7399,0.739,159596000,0.738,120256400,0.737,91858200,0.736,47186800,0.735,56627800,0.74,59151700,0.741,52890500,0.742,53297300,0.743,40414200,0.744,26587900,219,100,0
sh513130,09:42:05,1767836526706,5677.42,0.8981,5.1293,0.74,0.739,0.1353,477300,353202,0.74,0.739,159684500,0.738,120298700,0.737,100853100,0.736,47201800,0.735,48641700,0.74,39562900,0.741,45231100,0.742,60364800,0.743,38331600,0.744,26587900,200,100,0
sh513130,09:42:08,1767836530709,5677.44,0.8981,3.2143,0.74,0.7383,0.2303,424300,313956,0.7399,0.739,159632900,0.738,120408000,0.737,92897600,0.736,55201800,0.735,48641700,0.74,39390300,0.741,53614600,0.742,53212300,0.743,38281600,0.744,26587900,231,100,0
sh513130,09:42:11,1767836532714,5677.34,0.8981,2.7153,0.74,0.7383,0.2303,396700,293547,0.74,0.739,159819600,0.738,120478300,0.737,92912500,0.736,55353800,0.735,48711700,0.74,29450500,0.741,54633800,0.742,53708400,0.743,38272800,0.744,26587900,214,100,0
sh513130,09:42:14,1767836536713,5676.48,0.8981,1.3116,0.739,0.7383,0.0948,658400,487213,0.74,0.739,144389900,0.738,120504900,0.737,94066700,0.736,47353800,0.735,57011700,0.74,36338900,0.741,54072000,0.742,54309300,0.743,38272800,0.744,26587900,137,100,0
sh513130,09:42:17,1767836539709,5675.48,0.8981,2.8128,0.74,0.7383,0.2303,538500,398437,0.7399,0.739,131532100,0.738,120512400,0.737,95056700,0.736,70033800,0.735,49042200,0.74,39943400,0.741,53075500,0.742,51907200,0.743,38313100,0.744,26587900,155,100,0
sh513130,09:42:20,1767836542714,5674.53,0.8981,1.9835,0.739,0.7383,0.0948,757800,560410,0.7395,0.739,125667000,0.738,120795500,0.737,95138700,0.736,70463800,0.735,57132200,0.74,39633400,0.741,54290900,0.742,52767500,0.743,38328100,0.744,26606600,153,100,0
sh513130,09:42:23,1767836544714,5673.02,0.8981,1.5315,0.74,0.7377,0.3118,505600,374123,0.74,0.739,125760800,0.738,121014900,0.737,95140700,0.736,79318200,0.735,49062700,0.74,40772200,0.741,54273900,0.742,50082500,0.743,38328100,0.744,26606600,140,100,0
sh513130,09:42:26,1767836547706,5672.67,0.8981,-0.2277,0.74,0.7377,0.3118,609000,450533,0.7398,0.739,123584000,0.738,133531800,0.737,107179500,0.736,77179300,0.735,57116700,0.74,40631900,0.741,47179200,0.742,50030500,0.743,38378100,0.744,26606600,1087,100,0
sh513130,09:42:29,1767836551713,5672.05,0.8981,1.0459,0.74,0.7377,0.3118,490300,362416,0.7392,0.739,123353600,0.738,134120300,0.737,107194900,0.736,78134800,0.735,57130500,0.74,54251600,0.741,46868500,0.742,50764100,0.743,38378000,0.744,26656600,1203,100,0
sh513130,09:42:32,1767836553706,5672.33,0.8981,0.8323,0.739,0.7377,0.1762,565200,418223,0.74,0.739,123783200,0.738,134381200,0.737,107246900,0.736,78991500,0.735,57100100,0.74,47580200,0.741,53656800,0.742,51777000,0.743,38378000,0.744,26656600,1083,100,0
sh513130,09:42:35,1767836557714,5673.7,0.8981,1.2488,0.739,0.7377,0.1762,2881300,2132142,0.74,0.739,136659400,0.738,134395800,0.737,107207600,0.736,67082200,0.735,57441400,0.74,45208200,0.741,53484200,0.742,50144700,0.743,38437600,0.744,26726600,766,100,0
sh513130,09:42:38,1767836561710,5674.31,0.8981,0.1442,0.739,0.7377,0.1762,1671000,1235259,0.7392,0.739,135196900,0.738,134414500,0.737,107306500,0.736,67810200,0.735,57571800,0.74,54594600,0.741,45375000,0.742,51242200,0.743,38437600,0.744,26726600,410,100,0
sh513130,09:42:41,1767836563714,5672.94,0.8981,1.6073,0.739,0.7383,0.0948,237200,175454,0.7397,0.739,134859000,0.738,134442800,0.737,107541900,0.736,67840200,0.735,57570800,0.74,57747600,0.741,45155600,0.742,53107300,0.743,38437600,0.744,26726600,235,100,0
sh513130,09:42:44,1767836565698,5674.07,0.8981,2.3146,0.739,0.7383,0.0948,1431700,1058195,0.7391,0.739,125746300,0.738,134805700,0.737,107838900,0.736,75240200,0.735,57580800,0.74,50038900,0.741,53116800,0.742,50569900,0.743,38428600,0.744,26766600,41,100,0
sh513130,09:42:47,1767836568675,5673.98,0.8981,0.9829,0.74,0.7383,0.2303,233600,172699,0.7393,0.739,125973200,0.738,134376100,0.737,107899100,0.736,75245200,0.735,57719900,0.74,54038600,0.741,53166600,0.742,51447400,0.743,38528600,0.744,26767600,124,100,0
sh513130,09:42:44,1767836569687,5673.98,0.8981,2.4517,0.739,0.7383,0.0948,0,0,0.739,0.739,125746300,0.738,134805700,0.737,107838900,0.736,75240200,0.735,57580800,0.74,50038900,0.741,53116800,0.742,50569900,0.743,38428600,0.744,26766600,1136,100,1
sh513130,09:42:47,1767836570688,5673.66,0.8981,1.6939,0.74,0.7383,0.2303,233600,172699,0.7393,0.739,125973200,0.738,134376100,0.737,107899100,0.736,75245200,0.735,57719900,0.74,54038600,0.741,53166600,0.742,51447400,0.743,38528600,0.744,26767600,147,100,0
sh513130,09:42:50,1767836572688,5672.56,0.8981,1.3476,0.74,0.7383,0.2303,203300,150261,0.7391,0.739,127005300,0.738,134533800,0.737,107929100,0.736,75238200,0.735,57748100,0.74,53716800,0.741,53866600,0.742,53284900,0.743,38528600,0.744,26767600,140,100,0
sh513130,09:42:53,1767836574688,5673.58,0.8981,1.4445,0.74,0.7383,0.2303,582200,430601,0.7396,0.739,121208900,0.738,134764100,0.737,108171900,0.736,75640700,0.735,57769200,0.74,56604500,0.741,53878300,0.742,50649900,0.743,38528600,0.744,26767600,155,100,0
sh513130,09:42:50,1767836575675,5673.58,0.8981,1.5439,0.74,0.7383,0.2303,0,0,0.74,0.739,127005300,0.738,134533800,0.737,107929100,0.736,75238200,0.735,57748100,0.74,53716800,0.741,53866600,0.742,53284900,0.743,38528600,0.744,26767600,1142,100,1
sh513130,09:42:53,1767836576679,5673.25,0.8981,3.0357,0.74,0.7383,0.2303,582200,430601,0.7396,0.739,121208900,0.738,134764100,0.737,108171900,0.736,75640700,0.735,57769200,0.74,56604500,0.741,53878300,0.742,50649900,0.743,38528600,0.744,26767600,100,100,0
sh513130,09:42:56,1767836578672,5673.91,0.8981,2.6873,0.74,0.7383,0.2303,1073900,794686,0.74,0.739,121497800,0.738,135364600,0.737,108151400,0.736,80240700,0.735,57831900,0.74,74724900,0.741,59079700,0.742,52543400,0.743,38536200,0.744,26824700,121,100,0
sh513130,09:42:59,1767836581642,5673.59,0.8981,2.3114,0.74,0.7383,0.2303,108000,79864,0.7395,0.739,123021400,0.738,135531700,0.737,107191400,0.736,80268700,0.735,57911700,0.74,78843400,0.741,59081700,0.742,53425800,0.743,38518300,0.744,26824700,722,100,0
sh513130,09:43:02,1767836584656,5674.95,0.8981,3.2615,0.74,0.7382,0.2438,260600,192750,0.7396,0.739,131367000,0.738,135726700,0.737,107222000,0.736,73423500,0.735,57932700,0.74,79354400,0.741,59139000,0.742,53415800,0.743,38518300,0.744,26745800,191,100,0
sh513130,09:43:05,1767836586650,5674.57,0.8981,2.5581,0.74,0.7382,0.2438,536000,396391,0.7395,0.739,137285100,0.738,136044200,0.737,106365100,0.736,68208900,0.735,58031200,0.74,78404800,0.741,59149000,0.742,52685900,0.743,38517700,0.744,26745800,93,100,0
sh513130,09:43:08,1767836590647,5676.48,0.8981,4.7569,0.739,0.7382,0.1084,167500,123925,0.7399,0.739,136479700,0.738,136094200,0.737,107359600,0.736,68208900,0.735,58085100,0.74,79116400,0.741,59263600,0.742,53677300,0.743,38517700,0.744,26750800,107,100,0
sh513130,09:43:11,1767836593641,5676.22,0.8981,4.602,0.739,0.7382,0.1084,313400,231867,0.7398,0.739,137827800,0.738,136185600,0.737,106462600,0.736,76218900,0.735,50103200,0.74,78813900,0.741,59358300,0.742,54542600,0.743,38497700,0.744,26750800,1110,100,0
sh513130,09:43:14,1767836596627,5677.32,0.8981,3.3344,0.739,0.7382,0.1084,99000,73241,0.7398,0.739,137992200,0.738,136477600,0.737,107028400,0.736,53219900,0.735,58151400,0.74,78942300,0.741,73277200,0.742,52907700,0.743,38898600,0.744,26915500,135,100,0
sh513130,09:43:17,1767836599637,5678.04,0.8981,5.2881,0.74,0.7382,0.2438,29071600,21512982,0.74,0.74,41614900,0.739,154883000,0.738,123675300,0.737,106135200,0.736,56244900,0.741,75963400,0.742,74759700,0.743,40898600,0.744,26915600,0.745,30141200,1078,100,0
sh513130,09:43:20,1767836603620,5678.35,0.8981,4.1151,0.74,0.7382,0.2438,198600,146972,0.74,0.74,40879300,0.739,156112200,0.738,123766000,0.737,105890800,0.736,56257700,0.741,76149100,0.742,75608600,0.743,40899200,0.744,26915600,0.745,30141200,899,100,0
sh513130,09:43:23,1767836604619,5676.59,0.8981,4.0422,0.74,0.7382,0.2438,11868600,8782764,0.74,0.739,157419900,0.738,124980200,0.737,106305600,0.736,56258200,0.735,50213800,0.74,22150500,0.741,76006000,0.742,76456000,0.743,38941700,0.744,26935200,121,100,0
sh513130,09:43:26,1767836608617,5678.06,0.8981,3.3171,0.74,0.7382,0.2438,1741800,1288932,0.74,0.739,160591700,0.738,125101000,0.737,106325800,0.736,56288200,0.735,50210300,0.74,656200,0.741,76293500,0.742,72961400,0.743,40541700,0.744,26935200,70,100,0
sh513130,09:43:29,1767836610616,5677.62,0.8981,2.6458,0.74,0.7382,0.2438,463400,342888,0.7399,0.739,162637200,0.738,125032100,0.737,106328100,0.736,56298200,0.735,50210500,0.74,4483800,0.741,77036400,0.742,73052600,0.743,38941700,0.744,26935200,78,100,0
sh513130,09:43:32,1767836614621,5679.21,0.8981,3.646,0.74,0.7382,0.2438,2562900,1895599,0.7396,0.739,163216000,0.738,125004200,0.737,106365500,0.736,56305000,0.735,50213500,0.74,86800,0.741,77025000,0.742,73723700,0.743,40941700,0.744,26935200,88,100,0
sh513130,09:43:35,1767836617618,5681.39,0.8981,7.1986,0.74,0.7382,0.2438,147400,109076,0.74,0.74,45631400,0.739,160545300,0.738,123805900,0.737,113606500,0.736,48338500,0.741,69275000,0.742,81857300,0.743,40948500,0.744,26939200,0.745,30431100,1096,100,0
sh513130,09:43:38,1767836620621,5683.04,0.8981,6.7347,0.74,0.7382,0.2438,1050400,777300,0.74,0.74,57751100,0.739,160992700,0.738,121417600,0.737,98707300,0.736,56338500,0.741,75323800,0.742,73845600,0.743,42928500,0.744,26959300,0.745,30431100,63,100,0
sh513130,09:43:41,1767836623625,5682.84,0.8981,6.1047,0.74,0.7389,0.1489,157200,116338,0.7401,0.74,58208300,0.739,160984900,0.738,121443300,0.737,88713000,0.736,56383700,0.741,75323200,0.742,73960600,0.743,43774700,0.744,26959300,0.745,30456100,1157,100,0
sh513130,09:43:44,1767836626625,5683.01,0.8981,3.863,0.741,0.7389,0.2842,620300,459122,0.7402,0.74,57785500,0.739,161102300,0.738,121674300,0.737,88812500,0.736,57073700,0.741,75218200,0.742,73973300,0.743,43774700,0.744,26959300,0.745,30556100,80,100,0
sh513130,09:43:47,1767836629631,5683.38,0.8981,2.7255,0.74,0.7395,0.0676,241100,178470,0.7402,0.74,57889700,0.739,161187800,0.738,121890900,0.737,89675600,0.736,57080700,0.741,74202800,0.742,74043300,0.743,45610900,0.744,26962300,0.745,30606100,772,100,0
sh513130,09:43:50,1767836633617,5684.41,0.8981,3.6655,0.741,0.7395,0.2028,291600,216069,0.741,0.74,58542800,0.739,162850200,0.738,121936600,0.737,90519700,0.736,57036300,0.741,66907300,0.742,82038300,0.743,45467100,0.744,26971900,0.745,30606100,413,100,0
sh513130,09:43:53,1767836635627,5684.35,0.8981,3.9197,0.741,0.7395,0.2028,315800,233988,0.7409,0.74,73978200,0.739,162934400,0.738,121934400,0.737,73813500,0.736,57116300,0.741,65686200,0.742,82038300,0.743,46457100,0.744,26951900,0.745,30606100,257,100,0
sh513130,09:43:56,1767836639649,5684.91,0.8981,2.8139,0.74,0.7395,0.0676,49100,36363,0.7406,0.74,60688300,0.739,162990600,0.738,121990300,0.737,89652300,0.736,57116300,0.741,65689800,0.742,82038300,0.743,46464600,0.744,27004300,0.745,30678500,1170,100,0
sh513130,09:43:59,1767836640649,5684.26,0.8981,2.3574,0.741,0.7395,0.2028,104700,77537,0.7406,0.74,62881100,0.739,163139000,0.738,122022000,0.737,90507800,0.736,57117300,0.741,65713400,0.742,81952000,0.743,43926000,0.744,27004300,0.745,30678500,125,100,0
sh513130,09:44:02,1767836644645,5684.89,0.8981,1.2619,0.741,0.7396,0.1893,120000,88866,0.7406,0.74,63267900,0.739,163069000,0.738,122052000,0.737,91370600,0.736,57117300,0.741,66638200,0.742,81952000,0.743,42936000,0.744,27004300,0.745,30678500,118,100,0
sh513130,09:44:05,1767836646653,5684.63,0.8981,2.2817,0.74,0.7396,0.0541,196300,145441,0.7409,0.74,63801500,0.739,163075100,0.738,122080200,0.737,100208700,0.736,49130300,0.741,65581500,0.742,82050000,0.743,42936000,0.744,27054300,0.745,30678500,110,100,0
sh513130,09:44:08,1767836650643,5685.54,0.8981,2.2911,0.74,0.7395,0.0676,181800,134666,0.7407,0.74,66077500,0.739,163124300,0.738,121095700,0.737,101161800,0.736,49135300,0.741,65498700,0.742,82053000,0.743,45166000,0.744,27054300,0.745,30678500,41,100,0
sh513130,09:44:11,1767836652654,5685.1,0.8981,5.3358,0.74,0.7395,0.0676,278600,206325,0.7406,0.74,66996100,0.739,163484100,0.738,121064900,0.737,93935700,0.736,57152300,0.741,65441700,0.742,82182300,0.743,45166000,0.744,27054300,0.745,30758500,112,100,0
sh513130,09:44:14,1767836655649,5685.1,0.8981,3.9093,0.74,0.7395,0.0676,1013600,750066,0.74,0.74,66323400,0.739,163602600,0.738,121098200,0.737,93995700,0.736,57152300,0.741,65450300,0.742,82190300,0.743,46015200,0.744,27054300,0.745,30778500,697,100,0
sh513130,09:44:17,1767836658651,5684.55,0.8981,4.9588,0.74,0.7389,0.1489,1094100,810536,0.7408,0.74,68305400,0.739,163695500,0.738,121149600,0.737,102076700,0.736,49159300,0.741,64738000,0.742,74314800,0.743,54828300,0.744,27054300,0.745,30668500,94,100,0
sh513130,09:44:14,1767836659658,5684.55,0.8981,4.6913,0.74,0.7395,0.0676,0,0,0.74,0.74,66323400,0.739,163602600,0.738,121098200,0.737,93995700,0.736,57152300,0.741,65450300,0.742,82190300,0.743,46015200,0.744,27054300,0.745,30778500,324,100,1
sh513130,09:44:17,1767836660671,5683.87,0.8981,3.442,0.74,0.7389,0.1489,1094100,810536,0.7408,0.74,68305400,0.739,163695500,0.738,121149600,0.737,102076700,0.736,49159300,0.741,64738000,0.742,74314800,0.743,54828300,0.744,27054300,0.745,30668500,112,100,0
sh513130,09:44:20,1767836662684,5684.0,0.8981,3.341,0.74,0.7389,0.1489,283600,209885,0.7401,0.74,67447800,0.739,164729400,0.738,122050300,0.737,94076700,0.736,57299700,0.741,73838300,0.742,74314800,0.743,43299700,0.744,27054300,0.745,30768500,155,100,0
sh513130,09:44:23,1767836664687,5683.58,0.8981,2.8078,0.741,0.7389,0.2842,186200,137873,0.7405,0.74,63540800,0.739,164713300,0.738,122075900,0.737,106386700,0.736,49269700,0.741,65835500,0.742,82314800,0.743,44145900,0.744,27054300,0.745,30768500,188,100,0
sh513130,09:44:26,1767836668682,5683.84,0.8981,3.9063,0.74,0.7389,0.1489,78500,58111,0.7403,0.74,68230100,0.739,164496600,0.738,122373000,0.737,102106700,0.736,49269600,0.741,66030400,0.742,82373300,0.743,45042100,0.744,27054300,0.745,30768500,126,100,0
sh513130,09:44:29,1767836671676,5684.01,0.8981,3.9466,0.741,0.7389,0.2842,504700,373752,0.7405,0.74,68224600,0.739,165141200,0.738,123451100,0.737,102115000,0.736,49279600,0.741,65916200,0.742,82296300,0.743,45888300,0.744,27054300,0.745,30795500,1118,100,0
sh513130,09:44:32,1767836674674,5684.29,0.8981,3.9609,0.741,0.7389,0.2842,141600,104909,0.7409,0.74,69347200,0.739,164872800,0.738,123436100,0.737,102143200,0.736,49289800,0.741,64877700,0.742,82554700,0.743,44340700,0.744,27449500,0.745,30795800,130,100,0
sh513130,09:44:35,1767836676681,5686.2,0.8981,3.5635,0.741,0.7389,0.2842,197400,146077,0.74,0.74,85389400,0.739,164871000,0.738,123552400,0.737,82155200,0.736,49299300,0.741,52827400,0.742,84954900,0.743,57316700,0.744,29449500,0.745,30795800,205,100,0
sh513130,09:44:38,1767836680706,5686.39,0.8981,3.4062,0.74,0.7389,0.1489,673600,498554,0.7401,0.74,87010000,0.739,165001400,0.738,122637800,0.737,82183000,0.736,49299300,0.741,35481600,0.742,77011700,0.743,84319800,0.744,29849500,0.745,30836500,160,100,0
sh513130,09:44:41,1767836683708,5686.05,0.8981,4.3665,0.74,0.7395,0.0676,298500,220996,0.7404,0.74,73033600,0.739,165195800,0.738,122746600,0.737,89188000,0.736,57325100,0.741,62662400,0.742,74573900,0.743,74320000,0.744,29449500,0.745,30836500,462,100,0
sh513130,09:44:44,1767836686726,5686.5,0.8981,3.8686,0.741,0.7395,0.2028,73900,54730,0.7406,0.74,73591700,0.739,165245600,0.738,122767700,0.737,74197500,0.736,57365100,0.741,56640300,0.742,82670900,0.743,74333700,0.744,27454500,0.745,30833700,172,100,0
sh513130,09:44:47,1767836690717,5683.91,0.8981,4.7686,0.741,0.7395,0.2028,37300,27623,0.7406,0.74,68964700,0.739,165159700,0.738,122824100,0.737,97493500,0.736,57365100,0.741,57537900,0.742,82673800,0.743,74367600,0.744,27454500,0.745,30833700,160,100,0
sh513130,09:44:50,1767836692703,5684.08,0.8981,4.1391,0.741,0.7395,0.2028,573600,424601,0.7402,0.74,75634100,0.739,166113800,0.738,123834100,0.737,90093500,0.736,57385100,0.741,57473000,0.742,82776300,0.743,74243800,0.744,27454500,0.745,30833700,188,100,0
sh513130,09:44:53,1767836695699,5685.05,0.8981,4.2534,0.741,0.7396,0.1893,179200,132711,0.7406,0.74,75566200,0.739,166080300,0.738,123780100,0.737,90972300,0.736,57415900,0.741,63444900,0.742,82832600,0.743,74243800,0.744,27169400,0.745,30833700,1191,100,0
sh513130,09:44:56,1767836698669,5683.04,0.8981,5.9507,0.741,0.7395,0.2028,278800,206538,0.7408,0.74,62414200,0.739,166046300,0.738,123995700,0.737,99205500,0.736,57621900,0.741,71278800,0.742,74536400,0.743,74243800,0.744,27169400,0.745,30828700,124,100,0
sh513130,09:44:59,1767836700663,5683.47,0.8981,5.0924,0.741,0.7395,0.2028,130200,96476,0.741,0.74,31480700,0.739,166760800,0.738,125724300,0.737,113658700,0.736,50241900,0.741,65001800,0.742,75133300,0.743,81853800,0.744,27770400,0.745,31428700,23,100,0
sh513130,09:45:02,1767836704653,5682.98,0.8981,4.4046,0.74,0.7389,0.1489,1150900,851717,0.74,0.74,61431700,0.739,166353900,0.738,125794300,0.737,106478600,0.736,58293900,0.741,64124600,0.742,83170600,0.743,74843800,0.744,27763700,0.745,31428700,168,100,0
sh513130,09:45:05,1767836707650,5682.31,0.8981,5.2509,0.741,0.7389,0.2842,453000,335262,0.7401,0.74,34338700,0.739,166436100,0.738,126772600,0.737,107341800,0.736,58318100,0.741,73788000,0.742,75232000,0.743,73853800,0.744,28514100,0.745,31428700,486,100,0
sh513130,09:45:08,1767836710615,5682.34,0.8981,3.9739,0.74,0.7389,0.1489,450900,333719,0.7401,0.74,48164900,0.739,166669800,0.738,127071000,0.737,108079900,0.736,58320100,0.741,74140900,0.742,75433700,0.743,73853800,0.744,28514100,0.745,31428700,127,100,0
sh513130,09:45:11,1767836713625,5681.61,0.8981,2.7753,0.741,0.7389,0.2842,85800,63573,0.7409,0.74,59587800,0.739,167123000,0.738,126979700,0.737,108088400,0.736,58319600,0.741,76510200,0.742,75475500,0.743,74700100,0.744,28524100,0.745,31431700,1144,100,0
sh513130,09:45:14,1767836716635,5681.19,0.8981,3.4516,0.741,0.7389,0.2842,391000,289513,0.7404,0.74,59626700,0.739,167028300,0.738,126987300,0.737,108103400,0.736,58339200,0.741,77174100,0.742,75535500,0.743,75581400,0.744,28524100,0.745,31431700,72,100,0
sh513130,09:45:17,1767836719635,5681.08,0.8981,3.4905,0.741,0.7389,0.2842,885900,656451,0.741,0.74,26842200,0.739,167438900,0.738,126997300,0.737,108121400,0.736,58339200,0.741,77869800,0.742,75579500,0.743,72914000,0.744,28524100,0.745,31432600,1125,100,0
sh513130,09:45:20,1767836722641,5680.91,0.8981,5.1125,0.741,0.7389,0.2842,1222000,904723,0.7404,0.74,54228100,0.739,167533400,0.738,127047600,0.737,103121400,0.736,58341200,0.741,77514500,0.742,75579500,0.743,74536200,0.744,28524100,0.745,31432600,139,100,0
sh513130,09:45:23,1767836724620,5680.22,0.8981,4.7083,0.74,0.7389,0.1489,495000,366748,0.7409,0.74,27748800,0.739,167694000,0.738,127051600,0.737,103171500,0.736,58484000,0.741,77345800,0.742,75649500,0.743,74536200,0.744,28524100,0.745,31412600,17,100,0
sh513130,09:45:26,1767836728605,5679.61,0.8981,3.2524,0.74,0.7389,0.1489,119200,88301,0.7408,0.74,24033800,0.739,167648200,0.738,127136700,0.737,108171500,0.736,58530800,0.741,77414600,0.742,76178600,0.743,72927800,0.744,28524100,0.745,31412600,72,100,0
sh513130,09:45:29,1767836730596,5679.35,0.8981,2.6476,0.741,0.7389,0.2842,114900,85109,0.7407,0.74,28895400,0.739,167658400,0.738,127132200,0.737,108171500,0.736,58550800,0.741,77155200,0.742,76889600,0.743,72927800,0.744,28532000,0.745,31412600,72,100,0
sh513130,09:45:32,1767836734596,5677.68,0.8981,1.4287,0.74,0.7389,0.1489,149200,110474,0.7404,0.74,33024300,0.739,167781100,0.738,126979100,0.737,108251500,0.736,58550800,0.741,77238200,0.742,77737000,0.743,72794900,0.744,28545400,0.745,31412600,56,100,0
sh513130,09:45:35,1767836736600,5678.77,0.8981,3.1143,0.741,0.7389,0.2842,149000,110368,0.7407,0.74,51198300,0.739,167882300,0.738,127086000,0.737,108262900,0.736,58548800,0.741,78343600,0.742,76979800,0.743,71948600,0.744,28546400,0.745,31412600,70,100,0
sh513130,09:45:38,1767836740583,5681.42,0.8981,5.5844,0.74,0.7389,0.1489,377700,279513,0.74,0.74,70184100,0.739,167745200,0.738,126095900,0.737,108882900,0.736,50548800,0.741,69599700,0.742,84132400,0.743,72938600,0.744,28546400,0.745,31412600,71,100,0
sh513130,09:45:41,1767836742566,5681.56,0.8981,6.7639,0.74,0.7389,0.1489,885200,655220,0.7402,0.74,93624400,0.739,167884100,0.738,126060000,0.737,88882900,0.736,50531500,0.741,70685900,0.742,84087700,0.743,73785900,0.744,28606200,0.745,31412600,48,100,0
sh513130,09:45:38,1767836743563,5681.56,0.8981,5.9181,0.74,0.7389,0.1489,0,0,0.74,0.74,70184100,0.739,167745200,0.738,126095900,0.737,108882900,0.736,50548800,0.741,69599700,0.742,84132400,0.743,72938600,0.744,28546400,0.745,31412600,1045,100,1
sh513130,09:45:41,1767836744556,5682.13,0.8981,5.7464,0.74,0.7389,0.1489,885200,655220,0.7402,0.74,93624400,0.739,167884100,0.738,126060000,0.737,88882900,0.736,50531500,0.741,70685900,0.742,84087700,0.743,73785900,0.744,28606200,0.745,31412600,16,100,0
sh513130,09:45:44,1767836747529,5681.45,0.8981,3.4928,0.741,0.7389,0.2842,1031400,763984,0.7407,0.74,79925600,0.739,168119400,0.738,125956200,0.737,90932900,0.736,58571200,0.741,77455300,0.742,76087700,0.743,75654400,0.744,28565400,0.745,31412600,982,100,0
sh513130,09:45:47,1767836749530,5682.63,0.8981,3.0341,0.74,0.7396,0.0541,372800,276196,0.7409,0.74,96760300,0.739,167475100,0.738,125970200,0.737,75932900,0.736,58586200,0.741,77421400,0.742,75629700,0.743,76500700,0.744,28565400,0.745,31412600,938,100,0
sh513130,09:45:50,1767836752505,5683.45,0.8981,3.005,0.74,0.7396,0.0541,1032600,764495,0.7404,0.74,84286600,0.739,167593100,0.738,124991200,0.737,98932900,0.736,50603200,0.741,69541100,0.742,83629700,0.743,74808100,0.744,28565400,0.745,31412600,13,100,0
sh513130,09:45:53,1767836756502,5683.18,0.8981,3.0032,0.74,0.7396,0.0541,50500,37391,0.7404,0.74,85459300,0.739,167765600,0.738,124991200,0.737,98936000,0.736,50650400,0.741,69625400,0.742,83639700,0.743,74976600,0.744,28560700,0.745,31457600,61,100,0
sh513130,09:45:56,1767836757496,5683.18,0.8981,3.0032,0.74,0.7396,0.0541,84100,62313,0.7409,0.74,87192000,0.739,167782700,0.738,124983500,0.737,98966000,0.736,50668300,0.741,68726000,0.742,83639700,0.743,76817900,0.744,28560700,0.745,31458300,154,100,0
sh513130,09:45:53,1767836758499,5682.42,0.8981,3.0593,0.74,0.7396,0.0541,0,0,0.74,0.74,85459300,0.739,167765600,0.738,124991200,0.737,98936000,0.736,50650400,0.741,69625400,0.742,83639700,0.743,74976600,0.744,28560700,0.745,31457600,64,100,1
sh513130,09:45:56,1767836759498,5682.42,0.8981,2.9604,0.74,0.7396,0.0541,84100,62313,0.7409,0.74,87192000,0.739,167782700,0.738,124983500,0.737,98966000,0.736,50668300,0.741,68726000,0.742,83639700,0.743,76817900,0.744,28560700,0.745,31458300,967,100,0
sh513130,09:45:59,1767836762488,5682.86,0.8981,2.6789,0.741,0.7396,0.1893,228100,168805,0.74,0.74,88278700,0.739,167849700,0.738,124968400,0.737,98996000,0.736,50658300,0.741,69755100,0.742,83639700,0.743,75827900,0.744,28610700,0.745,31458300,15,100,0
sh513130,09:46:02,1767836765488,5680.69,0.8981,5.5799,0.74,0.7396,0.0541,106100,78614,0.7409,0.74,88619300,0.739,167394100,0.738,125011600,0.737,99016000,0.736,50721300,0.741,69847500,0.742,83649700,0.743,76674200,0.744,28610700,0.745,31458300,1003,100,0
sh513130,09:46:05,1767836767483,5682.59,0.8981,4.2056,0.741,0.7396,0.1893,19700,14588,0.7405,0.74,88914000,0.739,167501500,0.738,125013000,0.737,99016000,0.736,50732300,0.741,69802900,0.742,83649700,0.743,74981600,0.744,28614700,0.745,31458300,963,100,0
sh513130,09:46:08,1767836770449,5682.91,0.8981,2.1199,0.74,0.7396,0.0541,106400,78740,0.74,0.74,89120100,0.739,167318400,0.738,125132100,0.737,99030300,0.736,50732300,0.741,70807000,0.742,75661300,0.743,83945000,0.744,28634700,0.745,31458300,8,100,0
sh513130,09:46:11,1767836772443,5682.84,0.8981,2.4285,0.741,0.7389,0.2842,240000,177638,0.7402,0.74,89830200,0.739,167831300,0.738,125121400,0.737,99030300,0.736,50729600,0.741,70715600,0.742,75636300,0.743,84761600,0.744,28634700,0.745,31500700,16,100,0
sh513130,09:46:14,1767836776426,5683.21,0.8981,4.9673,0.74,0.7389,0.1489,93400,69165,0.7405,0.74,90019600,0.739,167356400,0.738,125162200,0.737,99075300,0.736,50729600,0.741,71042400,0.742,83646300,0.743,75069000,0.744,28664700,0.745,31500700,15,100,0
sh513130,09:46:17,1767836778430,5683.21,0.8981,5.3283,0.741,0.7396,0.1893,649200,481033,0.741,0.74,90200900,0.739,167213800,0.738,125156600,0.737,91071800,0.736,58729600,0.741,79018300,0.742,75646300,0.743,75950300,0.744,28682600,0.745,31500700,1494,100,0
sh513130,09:46:20,1767836782411,5682.51,0.8981,4.1287,0.741,0.7396,0.1893,656000,485454,0.74,0.74,90388000,0.739,166983400,0.738,125319400,0.737,99185900,0.736,50729600,0.741,71278800,0.742,83646300,0.743,76796600,0.744,28697600,0.745,31539800,1068,100,0
sh513130,09:46:23,1767836785409,5681.9,0.8981,5.4499,0.741,0.7396,0.1893,75900,56227,0.7408,0.74,90486800,0.739,167106800,0.738,125340400,0.737,99195900,0.736,50788300,0.741,71254400,0.742,83680000,0.743,75104000,0.744,28747800,0.745,31539800,871,100,0
sh513130,09:46:26,1767836788386,5682.95,0.8981,2.9433,0.741,0.7396,0.1893,23900,17699,0.7405,0.74,90643400,0.739,168144700,0.738,125316500,0.737,99482400,0.736,50788900,0.741,71248500,0.742,83730500,0.743,75950300,0.744,28747800,0.745,31539800,527,100,0
sh513130,09:46:29,1767836792367,5684.24,0.8981,2.7035,0.74,0.7396,0.0541,166200,123152,0.741,0.74,91022900,0.739,168144900,0.738,125306100,0.737,99474400,0.736,50788900,0.741,71186300,0.742,83730500,0.743,76802400,0.744,28747800,0.745,31539800,151,100,0
sh513130,09:46:32,1767836794368,5683.86,0.8981,2.9214,0.741,0.7396,0.1893,180800,133973,0.741,0.74,106702700,0.739,168379900,0.738,125319300,0.737,84488400,0.736,50798900,0.741,80121300,0.742,83730500,0.743,76108800,0.744,28757800,0.745,31789800,1899,100,0
sh513130,09:46:35,1767836798357,5684.98,0.8981,2.9248,0.741,0.7396,0.1893,580700,429763,0.7401,0.74,92445100,0.739,168389600,0.738,124337500,0.737,99506400,0.736,50800900,0.741,80288800,0.742,83730500,0.743,77055100,0.744,28757800,0.745,31789800,1795,100,0
sh513130,09:46:38,1767836800345,5684.7,0.8981,5.103,0.741,0.7396,0.1893,268900,199240,0.7409,0.74,107775800,0.739,168331800,0.738,125332500,0.737,84508500,0.736,50790900,0.741,79727800,0.742,83744500,0.743,77901400,0.744,28757800,0.745,31789800,1613,100,0
sh513130,09:46:41,1767836803352,5685.61,0.8981,3.6622,0.741,0.7396,0.1893,1146600,849612,0.741,0.74,103077300,0.739,168405100,0.738,125647200,0.737,84508500,0.736,50787900,0.741,78910700,0.742,81291100,0.743,76208800,0.744,28759900,0.745,31789800,283,100,0
sh513130,09:46:44,1767836806331,5684.33,0.8981,2.5863,0.741,0.7396,0.1893,490900,363748,0.741,0.74,104207100,0.739,168561300,0.738,124655900,0.737,84511500,0.736,50788400,0.741,55308200,0.742,77191300,0.743,85058100,0.744,31159900,0.745,31789800,1074,100,0
sh513130,09:46:47,1767836810311,5684.85,0.8981,3.6827,0.741,0.7396,0.1893,579800,429626,0.741,0.74,104628700,0.739,168224800,0.738,124661900,0.737,84611500,0.736,50813200,0.741,76917300,0.742,83473100,0.743,77904400,0.744,28762900,0.745,31789800,696,100,0
sh513130,09:46:50,1767836813286,5686.57,0.8981,1.9328,0.741,0.7396,0.1893,532500,394577,0.741,0.74,105343300,0.739,168307400,0.738,124684600,0.737,84637500,0.736,50815300,0.741,76318300,0.742,75473100,0.743,86778700,0.744,28762900,0.745,31799800,808,100,0
sh513130,09:46:53,1767836815271,5687.51,0.8981,6.8427,0.741,0.7396,0.1893,38900,28815,0.7407,0.74,106585200,0.739,168602200,0.738,124734600,0.737,84979300,0.736,50817100,0.741,51068400,0.742,78008300,0.743,85086100,0.744,30762900,0.745,32759900,758,100,0
sh513130,09:46:56,1767836818282,5687.17,0.8981,6.6635,0.741,0.7396,0.1893,8439300,6253450,0.741,0.74,106808700,0.739,168607200,0.738,124754600,0.737,84979300,0.736,50822100,0.741,64948700,0.742,76775300,0.743,86032400,0.744,31164900,0.745,32759900,1788,100,0
sh513130,09:46:59,1767836822280,5688.49,0.8981,4.7949,0.741,0.7396,0.1893,251600,186396,0.7408,0.74,107422000,0.739,168567100,0.738,124661600,0.737,84996100,0.736,50822100,0.741,49488900,0.742,87181200,0.743,76339800,0.744,31164900,0.745,32829900,1749,100,0
sh513130,09:47:02,1767836824270,5688.59,0.8981,4.6834,0.741,0.7403,0.0946,163200,120927,0.741,0.74,107863600,0.739,168678700,0.738,124661600,0.737,85017100,0.736,50809100,0.741,65442600,0.742,76851100,0.743,85186100,0.744,31164900,0.745,32829900,1145,100,0
sh513130,09:47:05,1767836827273,5687.68,0.8981,4.2644,0.741,0.7403,0.0946,281600,208666,0.741,0.74,108244200,0.739,168708300,0.738,132678000,0.737,77021100,0.736,50801400,0.741,35645800,0.742,79254300,0.743,86032400,0.744,31164900,0.745,32843400,212,100,0
sh513130,09:47:08,1767836831268,5687.88,0.8981,3.6273,0.741,0.7396,0.1893,419500,310782,0.7408,0.74,109757700,0.739,168728600,0.738,132759000,0.737,77021100,0.736,50812600,0.741,64496800,0.742,77453200,0.743,84339800,0.744,31164900,0.745,32843400,768,100,0
sh513130,09:47:11,1767836833274,5688.51,0.8981,4.6342,0.74,0.7396,0.0541,281800,208793,0.7409,0.74,110066200,0.739,168703200,0.738,124767000,0.737,85122100,0.736,51034800,0.741,41552700,0.742,79859800,0.743,85062100,0.744,31164900,0.745,32843400,737,100,0
sh513130,09:47:14,1767836836266,5688.81,0.8981,5.1768,0.74,0.7396,0.0541,3601100,2668312,0.741,0.74,109875200,0.739,168733200,0.738,125987900,0.737,85122100,0.736,50996800,0.741,58920200,0.742,79899400,0.743,85908400,0.744,31156500,0.745,32843400,508,100,0
sh513130,09:47:17,1767836840265,5688.21,0.8981,1.5118,0.74,0.7396,0.0541,816300,604763,0.7409,0.74,109198000,0.739,168820200,0.738,127177900,0.737,85144100,0.736,50996800,0.741,63996400,0.742,85499200,0.743,74235800,0.744,28756500,0.745,32843400,151,100,0
sh513130,09:47:20,1767836842264,5687.67,0.8981,1.4505,0.74,0.7396,0.0541,373200,276436,0.7407,0.74,110048700,0.739,168827600,0.738,126985900,0.737,85063100,0.736,51006800,0.741,61202800,0.742,78608900,0.743,84031800,0.744,31157600,0.745,32843400,1798,100,0
sh513130,09:47:23,1767836845252,5687.72,0.8981,3.1476,0.74,0.7396,0.0541,148400,109948,0.7409,0.74,112468200,0.739,168897600,0.738,126975900,0.737,85063100,0.736,51008100,0.741,61517100,0.742,87436800,0.743,76841100,0.744,30757600,0.745,32843400,708,100,0
sh513130,09:47:26,1767836848248,5688.0,0.8981,4.7693,0.74,0.7396,0.0541,849400,629335,0.7409,0.74,113981900,0.739,169309000,0.738,126980900,0.737,85063100,0.736,51033100,0.741,60608300,0.742,79448100,0.743,83149500,0.744,30757600,0.745,32843400,1504,100,0
sh513130,09:47:29,1767836851232,5688.21,0.8981,2.4012,0.74,0.7396,0.0541,5500,4073,0.7405,0.74,114519000,0.739,171315300,0.738,126946400,0.737,85068200,0.736,51023100,0.741,46242700,0.742,81878200,0.743,83995800,0.744,30757600,0.745,32843400,157,100,0
sh513130,09:47:32,1767836854219,5688.72,0.8981,0.84,0.741,0.7396,0.1893,415100,307351,0.7404,0.74,114585700,0.739,171366700,0.738,126975800,0.737,85088200,0.736,51023800,0.741,60654400,0.742,79624100,0.743,84842100,0.744,31043700,0.745,32844900,973,100,0
sh513130,09:47:35,1767836857223,5688.49,0.8981,3.2719,0.74,0.7396,0.0541,97600,72238,0.7401,0.74,114272500,0.739,172259100,0.738,127012600,0.737,85108200,0.736,51024100,0.741,60418900,0.742,79667100,0.743,83149500,0.744,31043700,0.745,32845600,738,100,0
sh513130,09:47:38,1767836860209,5687.63,0.8981,3.9582,0.74,0.7396,0.0541,912300,675613,0.7406,0.74,116419800,0.739,171321800,0.738,127173300,0.737,85008200,0.736,51024100,0.741,60178800,0.742,79674100,0.743,84008400,0.744,31043700,0.745,32847600,412,100,0
sh513130,09:47:41,1767836863190,5687.66,0.8981,5.3408,0.741,0.7396,0.1893,158300,117161,0.7401,0.74,116468100,0.739,171577500,0.738,127200100,0.737,85008200,0.736,52011900,0.741,57147200,0.742,81974300,0.743,84897700,0.744,31043700,0.745,32834100,639,100,0
sh513130,09:47:44,1767836866158,5687.09,0.8981,7.6126,0.74,0.7396,0.0541,105200,77926,0.7407,0.74,117101800,0.739,171573300,0.738,127228600,0.737,85017500,0.736,52023900,0.741,62373600,0.742,79574100,0.743,83205100,0.744,29043700,0.745,32834100,1658,100,0
sh513130,09:47:47,1767836869141,5686.01,0.8981,5.969,0.741,0.7396,0.1893,330200,244661,0.7409,0.74,102608000,0.739,171980900,0.738,127233400,0.737,100018500,0.736,52023900,0.741,52737900,0.742,87574100,0.743,75061400,0.744,29086700,0.745,32683000,620,100,0
sh513130,09:47:50,1767836872125,5685.32,0.8981,4.0604,0.741,0.7396,0.1893,219700,162791,0.741,0.74,102202800,0.739,172038700,0.738,128253400,0.737,99928500,0.736,52023900,0.741,54867400,0.742,87492700,0.743,74917700,0.744,29086700,0.745,32683000,1426,100,0
sh513130,09:47:53,1767836875106,5681.87,0.8981,3.0259,0.74,0.7396,0.0541,61369000,45413342,0.74,0.739,171407400,0.738,129294900,0.737,99309000,0.736,59986400,0.735,53478300,0.74,38409600,0.741,63057600,0.742,77085800,0.743,72927800,0.744,29086700,61,100,0
sh513130,09:47:56,1767836878093,5682.85,0.8981,1.1791,0.74,0.7389,0.1489,913200,675768,0.74,0.739,170630100,0.738,129300100,0.737,114552200,0.736,51986400,0.735,53483300,0.74,16223400,0.741,55714900,0.742,84095800,0.743,72525800,0.744,29087700,873,100,0
sh513130,09:47:59,1767836882082,5681.69,0.8981,1.3911,0.74,0.7389,0.1489,5339100,3950921,0.74,0.74,11673500,0.739,170256600,0.738,129306100,0.737,107405400,0.736,59957800,0.741,65037800,0.742,77041700,0.743,72525800,0.744,29087700,0.745,32122000,522,100,0
sh513130,09:48:02,1767836886086,5681.21,0.8981,2.7157,0.74,0.7389,0.1489,25334400,18747456,0.74,0.739,171301700,0.738,129320000,0.737,115268500,0.736,51977800,0.735,53490100,0.74,29354100,0.741,54740300,0.742,86125600,0.743,44779900,0.744,29087700,168,100,0
sh513130,09:48:05,1767836887093,5679.78,0.8981,2.7019,0.74,0.7389,0.1489,837800,619972,0.74,0.739,170438300,0.738,129312400,0.737,109123500,0.736,59492200,0.735,53582700,0.74,52293900,0.741,66050600,0.742,78974500,0.743,44379900,0.744,29097700,561,100,0
sh513130,09:48:08,1767836891084,5679.54,0.8981,4.027,0.74,0.7389,0.1489,787200,582523,0.74,0.739,170724600,0.738,129395300,0.737,109976600,0.736,59481500,0.735,53610300,0.74,55067700,0.741,67077900,0.742,77983300,0.743,40687400,0.744,29034700,515,100,0
sh513130,09:48:11,1767836894093,5679.33,0.8981,4.052,0.74,0.7388,0.1624,322000,238055,0.7393,0.739,170731000,0.738,129410700,0.737,110729600,0.736,59491500,0.735,53629500,0.74,48450300,0.741,70726000,0.742,77699100,0.743,42692000,0.744,29055200,1632,100,0
