symbol,tx_server_time,tx_local_time,bd_server_time,bd_local_time,price,iopv,premium_rate,index_price,fx_rate,sentiment,tick_vol,tick_amt,tick_vwap,interval_s,bp1,bv1,bp2,bv2,bp3,bv3,bp4,bv4,bp5,bv5,sp1,sv1,sp2,sv2,sp3,sv3,sp4,sv4,sp5,sv5,idx_delay_ms,fut_delay_ms,data_flags
<<<<<<< HEAD
sh513130,09:30:07,1767576609388,09:31:08,1767576608958,0.742,0.7456,-0.4828,5732.38,0.8972,-0.0421,0,0,0.742,0.0,0.741,5629600,0.740,27690900,0.739,23209200,0.738,30818500,0.737,15302100,0.742,7079700,0.743,32209100,0.744,25417900,0.745,40395900,0.746,34271400,430,0,1
sh513130,09:30:07,1767576610374,09:31:08,1767576608958,0.742,0.7456,-0.4828,5732.38,0.8972,2.0798,0,0,0.742,0.985,0.741,5629600,0.740,27690900,0.739,23209200,0.738,30818500,0.737,15302100,0.742,7079700,0.743,32209100,0.744,25417900,0.745,40395900,0.746,34271400,1415,0,0
sh513130,09:30:07,1767576611376,09:31:10,1767576611125,0.742,0.7456,-0.4828,5730.16,0.8972,1.4061,0,0,0.742,1.002,0.741,5629600,0.740,27690900,0.739,23209200,0.738,30818500,0.737,15302100,0.742,7079700,0.743,32209100,0.744,25417900,0.745,40395900,0.746,34271400,250,0,0
sh513130,09:30:07,1767576612385,09:31:10,1767576611125,0.742,0.7456,-0.4828,5730.16,0.8972,2.141,0,0,0.742,1.009,0.741,5629600,0.740,27690900,0.739,23209200,0.738,30818500,0.737,15302100,0.742,7079700,0.743,32209100,0.744,25417900,0.745,40395900,0.746,34271400,1259,0,0
sh513130,09:30:10,1767576613384,09:31:12,1767576613305,0.741,0.7456,-0.617,5730.94,0.8972,4.7807,13230100,9811539,0.7416,1.0,0.741,1590200,0.740,27467400,0.739,25581400,0.738,30867100,0.737,17608100,0.742,16011100,0.743,41384500,0.744,27420800,0.745,48848900,0.746,38584100,78,0,0
sh513130,09:30:10,1767576614381,09:31:12,1767576613305,0.741,0.7456,-0.617,5730.94,0.8972,4.7,0,0,0.741,0.997,0.741,1590200,0.740,27467400,0.739,25581400,0.738,30867100,0.737,17608100,0.742,16011100,0.743,41384500,0.744,27420800,0.745,48848900,0.746,38584100,1075,0,0
sh513130,09:30:13,1767576615393,09:31:14,1767576614584,0.742,0.7443,-0.309,5733.12,0.8972,2.7899,11050000,8197467,0.7419,1.013,0.741,10107800,0.740,27262200,0.739,27136100,0.738,25142400,0.737,17912600,0.742,30104700,0.743,46990900,0.744,29374300,0.745,54208600,0.746,39793800,809,0,0
sh513130,09:30:13,1767576616381,09:31:14,1767576615480,0.742,0.7443,-0.309,5733.12,0.8972,2.7369,0,0,0.742,0.987,0.741,10107800,0.740,27262200,0.739,27136100,0.738,25142400,0.737,17912600,0.742,30104700,0.743,46990900,0.744,29374300,0.745,54208600,0.746,39793800,901,0,0
sh513130,09:30:13,1767576617379,09:31:16,1767576616575,0.742,0.7443,-0.309,5730.23,0.8972,2.3285,0,0,0.742,0.999,0.741,10107800,0.740,27262200,0.739,27136100,0.738,25142400,0.737,17912600,0.742,30104700,0.743,46990900,0.744,29374300,0.745,54208600,0.746,39793800,803,0,0
sh513130,09:30:13,1767576618381,09:31:16,1767576617648,0.742,0.7443,-0.309,5730.23,0.8972,2.2836,0,0,0.742,1.002,0.741,10107800,0.740,27262200,0.739,27136100,0.738,25142400,0.737,17912600,0.742,30104700,0.743,46990900,0.744,29374300,0.745,54208600,0.746,39793800,733,0,0
sh513130,09:30:16,1767576619389,09:31:18,1767576618535,0.741,0.7443,-0.4434,5727.36,0.8972,0.7344,16338700,12118915,0.7417,1.008,0.741,6223400,0.740,27448400,0.739,27572600,0.738,25066400,0.737,18000800,0.742,35948700,0.743,56459700,0.744,33614100,0.745,62121800,0.746,43463700,854,0,0
sh513130,09:30:16,1767576620410,09:31:18,1767576619815,0.741,0.7443,-0.4434,5727.36,0.8972,0.6997,0,0,0.741,1.021,0.741,6223400,0.740,27448400,0.739,27572600,0.738,25066400,0.737,18000800,0.742,35948700,0.743,56459700,0.744,33614100,0.745,62121800,0.746,43463700,595,0,0
sh513130,09:30:16,1767576621400,09:31:20,1767576620527,0.741,0.7443,-0.4434,5722.98,0.8972,0.6493,0,0,0.741,0.99,0.741,6223400,0.740,27448400,0.739,27572600,0.738,25066400,0.737,18000800,0.742,35948700,0.743,56459700,0.744,33614100,0.745,62121800,0.746,43463700,873,0,0
sh513130,09:30:19,1767576622390,09:31:20,1767576621986,0.741,0.7443,-0.4434,5722.98,0.8972,-0.1752,17280300,12817237,0.7417,0.99,0.741,2987200,0.740,21270300,0.739,26458400,0.738,25312300,0.737,24396800,0.742,37624000,0.743,63724100,0.744,34994800,0.745,66867700,0.746,44739400,404,0,0
sh513130,09:30:19,1767576623409,09:31:22,1767576622582,0.741,0.7443,-0.4434,5719.85,0.8972,0.5834,0,0,0.741,1.019,0.741,2987200,0.740,21270300,0.739,26458400,0.738,25312300,0.737,24396800,0.742,37624000,0.743,63724100,0.744,34994800,0.745,66867700,0.746,44739400,827,0,0
sh513130,09:30:19,1767576624401,09:31:22,1767576624175,0.741,0.7443,-0.4434,5719.85,0.8972,1.0638,0,0,0.741,0.991,0.741,2987200,0.740,21270300,0.739,26458400,0.738,25312300,0.737,24396800,0.742,37624000,0.743,63724100,0.744,34994800,0.745,66867700,0.746,44739400,225,0,0
sh513130,09:30:22,1767576625403,09:31:24,1767576624550,0.742,0.743,-0.1346,5718.05,0.8972,-0.2492,6847200,5077155,0.7415,1.002,0.741,2201500,0.740,20350300,0.739,26640200,0.738,30823600,0.737,24636200,0.742,46744800,0.743,66341800,0.744,38117200,0.745,69116200,0.746,46998800,852,0,0
sh513130,09:30:22,1767576626387,09:31:24,1767576626358,0.742,0.743,-0.1346,5718.05,0.8972,-0.0087,0,0,0.742,0.984,0.741,2201500,0.740,20350300,0.739,26640200,0.738,30823600,0.737,24636200,0.742,46744800,0.743,66341800,0.744,38117200,0.745,69116200,0.746,46998800,28,0,0
sh513130,09:30:25,1767576627385,09:31:26,1767576626632,0.741,0.743,-0.2692,5719.93,0.8972,2.806,7741500,5739847,0.7414,0.999,0.740,19873900,0.739,31761700,0.738,38764500,0.737,24136300,0.736,17455300,0.741,407600,0.742,68475300,0.743,74036100,0.744,41848900,0.745,71414300,753,0,0
sh513130,09:30:22,1767576628386,09:31:26,1767576626632,0.742,0.743,-0.1346,5719.93,0.8972,2.2102,0,0,0.742,1.001,0.741,2201500,0.740,20350300,0.739,26640200,0.738,30823600,0.737,24636200,0.742,46744800,0.743,66341800,0.744,38117200,0.745,69116200,0.746,46998800,1753,0,1
sh513130,09:30:25,1767576629389,09:31:28,1767576628568,0.741,0.743,-0.2692,5716.68,0.8972,2.1993,7741500,5739847,0.7414,1.003,0.740,19873900,0.739,31761700,0.738,38764500,0.737,24136300,0.736,17455300,0.741,407600,0.742,68475300,0.743,74036100,0.744,41848900,0.745,71414300,820,0,0
sh513130,09:30:25,1767576630401,09:31:28,1767576628568,0.741,0.743,-0.2692,5716.68,0.8972,2.1748,0,0,0.741,1.012,0.740,19873900,0.739,31761700,0.738,38764500,0.737,24136300,0.736,17455300,0.741,407600,0.742,68475300,0.743,74036100,0.744,41848900,0.745,71414300,1833,0,0
sh513130,09:30:28,1767576631385,09:31:30,1767576630695,0.74,0.7423,-0.3098,5715.62,0.8972,1.918,11987000,8878759,0.7407,0.984,0.740,15200500,0.739,25576700,0.738,37091000,0.737,24105600,0.736,17740200,0.741,340300,0.742,78530600,0.743,79822500,0.744,46573900,0.745,75617400,690,0,0
sh513130,09:30:28,1767576632385,09:31:30,1767576630695,0.74,0.7423,-0.3098,5715.62,0.8972,2.0007,0,0,0.74,1.0,0.740,15200500,0.739,25576700,0.738,37091000,0.737,24105600,0.736,17740200,0.741,340300,0.742,78530600,0.743,79822500,0.744,46573900,0.745,75617400,1690,0,0
sh513130,09:30:28,1767576633375,09:31:32,1767576632860,0.74,0.7423,-0.3098,5714.94,0.8972,3.9676,0,0,0.74,0.989,0.740,15200500,0.739,25576700,0.738,37091000,0.737,24105600,0.736,17740200,0.741,340300,0.742,78530600,0.743,79822500,0.744,46573900,0.745,75617400,514,0,0
sh513130,09:30:31,1767576634374,09:31:32,1767576632860,0.74,0.7423,-0.3098,5714.94,0.8972,4.4529,16623000,12326301,0.7415,0.999,0.740,10869600,0.739,24583300,0.738,36142200,0.737,27796500,0.736,17816200,0.741,2270400,0.742,84578400,0.743,84814200,0.744,47693800,0.745,76217400,1513,0,0
sh513130,09:30:31,1767576635371,09:31:34,1767576635035,0.74,0.7423,-0.3098,5715.19,0.8972,4.3758,0,0,0.74,0.997,0.740,10869600,0.739,24583300,0.738,36142200,0.737,27796500,0.736,17816200,0.741,2270400,0.742,84578400,0.743,84814200,0.744,47693800,0.745,76217400,335,0,0
sh513130,09:30:31,1767576636365,09:31:34,1767576635035,0.74,0.7423,-0.3098,5715.19,0.8972,5.012,0,0,0.74,0.995,0.740,10869600,0.739,24583300,0.738,36142200,0.737,27796500,0.736,17816200,0.741,2270400,0.742,84578400,0.743,84814200,0.744,47693800,0.745,76217400,1329,0,0
sh513130,09:30:34,1767576637356,09:31:36,1767576637191,0.74,0.7416,-0.2157,5714.72,0.8972,5.0095,4457400,3301283,0.7406,0.99,0.740,7974900,0.739,24585100,0.738,30056200,0.737,31625600,0.736,19036700,0.741,6934500,0.742,96863800,0.743,86781300,0.744,50682900,0.745,76802600,164,0,0
sh513130,09:30:34,1767576638359,09:31:36,1767576637191,0.74,0.7416,-0.2157,5714.72,0.8972,4.6386,0,0,0.74,1.003,0.740,7974900,0.739,24585100,0.738,30056200,0.737,31625600,0.736,19036700,0.741,6934500,0.742,96863800,0.743,86781300,0.744,50682900,0.745,76802600,1168,0,0
sh513130,09:30:34,1767576639365,09:31:38,1767576639355,0.74,0.7416,-0.2157,5714.1,0.8972,6.1536,0,0,0.74,1.006,0.740,7974900,0.739,24585100,0.738,30056200,0.737,31625600,0.736,19036700,0.741,6934500,0.742,96863800,0.743,86781300,0.744,50682900,0.745,76802600,9,0,0
sh513130,09:30:37,1767576640385,09:31:38,1767576639355,0.74,0.741,-0.135,5714.1,0.8972,5.135,6988700,5174334,0.7404,1.02,0.740,4998500,0.739,19796100,0.738,25131400,0.737,30547600,0.736,20559600,0.741,19553900,0.742,117199500,0.743,90098200,0.744,48740800,0.745,79196700,1029,0,0
sh513130,09:30:37,1767576641371,09:31:40,1767576640621,0.74,0.741,-0.135,5716.01,0.8972,7.0343,0,0,0.74,0.986,0.740,4998500,0.739,19796100,0.738,25131400,0.737,30547600,0.736,20559600,0.741,19553900,0.742,117199500,0.743,90098200,0.744,48740800,0.745,79196700,750,0,0
sh513130,09:30:37,1767576642385,09:31:40,1767576641530,0.74,0.741,-0.135,5716.01,0.8972,7.5818,0,0,0.74,1.014,0.740,4998500,0.739,19796100,0.738,25131400,0.737,30547600,0.736,20559600,0.741,19553900,0.742,117199500,0.743,90098200,0.744,48740800,0.745,79196700,855,0,0
sh513130,09:30:40,1767576643373,09:31:42,1767576642580,0.74,0.741,-0.135,5717.01,0.8972,6.2885,10034900,7427932,0.7402,0.988,0.739,18473900,0.738,25046900,0.737,38729800,0.736,20564600,0.735,15440500,0.740,2181200,0.741,33649300,0.742,123867100,0.743,89890100,0.744,48100600,793,0,0
sh513130,09:30:40,1767576644370,09:31:42,1767576643707,0.74,0.741,-0.135,5717.01,0.8972,6.0394,0,0,0.74,0.997,0.739,18473900,0.738,25046900,0.737,38729800,0.736,20564600,0.735,15440500,0.740,2181200,0.741,33649300,0.742,123867100,0.743,89890100,0.744,48100600,663,0,0
sh513130,09:30:40,1767576645356,09:31:44,1767576644614,0.74,0.741,-0.135,5717.42,0.8972,6.9435,0,0,0.74,0.985,0.739,18473900,0.738,25046900,0.737,38729800,0.736,20564600,0.735,15440500,0.740,2181200,0.741,33649300,0.742,123867100,0.743,89890100,0.744,48100600,741,0,0
sh513130,09:30:43,1767576646339,09:31:44,1767576645880,0.739,0.7416,-0.3506,5717.42,0.8972,5.6799,7938100,5872863,0.7398,0.983,0.739,18533600,0.738,24402000,0.737,38395600,0.736,24383200,0.735,15483800,0.740,8474100,0.741,51205800,0.742,127146500,0.743,92820000,0.744,49363200,458,0,0
sh513130,09:30:43,1767576647340,09:31:46,1767576646549,0.739,0.7416,-0.3506,5720.19,0.8972,5.7979,0,0,0.739,1.001,0.739,18533600,0.738,24402000,0.737,38395600,0.736,24383200,0.735,15483800,0.740,8474100,0.741,51205800,0.742,127146500,0.743,92820000,0.744,49363200,791,0,0
sh513130,09:30:46,1767576648347,09:31:46,1767576648049,0.74,0.7416,-0.2157,5720.19,0.8972,6.103,9754000,7216781,0.7399,1.007,0.739,18194200,0.738,32820000,0.737,39460600,0.736,24384700,0.735,15510800,0.740,16823900,0.741,56264300,0.742,131298000,0.743,91639000,0.744,49630300,297,0,0
sh513130,09:30:46,1767576649353,09:31:48,1767576648550,0.74,0.7416,-0.2157,5717.69,0.8972,6.6669,0,0,0.74,1.006,0.739,18194200,0.738,32820000,0.737,39460600,0.736,24384700,0.735,15510800,0.740,16823900,0.741,56264300,0.742,131298000,0.743,91639000,0.744,49630300,803,0,0
sh513130,09:30:46,1767576650350,09:31:48,1767576650219,0.74,0.7416,-0.2157,5717.69,0.8972,6.7301,0,0,0.74,0.997,0.739,18194200,0.738,32820000,0.737,39460600,0.736,24384700,0.735,15510800,0.740,16823900,0.741,56264300,0.742,131298000,0.743,91639000,0.744,49630300,131,0,0
sh513130,09:30:46,1767576651350,09:31:50,1767576650585,0.74,0.7416,-0.2157,5715.7,0.8972,5.7175,0,0,0.74,1.0,0.739,18194200,0.738,32820000,0.737,39460600,0.736,24384700,0.735,15510800,0.740,16823900,0.741,56264300,0.742,131298000,0.743,91639000,0.744,49630300,765,0,0
sh513130,09:30:49,1767576652354,09:31:50,1767576650585,0.739,0.7416,-0.3506,5715.7,0.8972,5.5013,14694000,10866380,0.7395,1.003,0.739,10377500,0.738,32806100,0.737,39538600,0.736,24387700,0.735,15516300,0.740,29346200,0.741,58932600,0.742,133012400,0.743,92092700,0.744,49910600,1768,0,0
sh513130,09:30:49,1767576653340,09:31:52,1767576652542,0.739,0.7416,-0.3506,5712.06,0.8972,5.4145,0,0,0.739,0.986,0.739,10377500,0.738,32806100,0.737,39538600,0.736,24387700,0.735,15516300,0.740,29346200,0.741,58932600,0.742,133012400,0.743,92092700,0.744,49910600,798,0,0
sh513130,09:30:49,1767576654359,09:31:52,1767576652542,0.739,0.7416,-0.3506,5712.06,0.8972,6.4272,0,0,0.739,1.019,0.739,10377500,0.738,32806100,0.737,39538600,0.736,24387700,0.735,15516300,0.740,29346200,0.741,58932600,0.742,133012400,0.743,92092700,0.744,49910600,1816,0,0
sh513130,09:30:49,1767576655349,09:31:54,1767576654598,0.739,0.7416,-0.3506,5712.43,0.8972,5.5639,0,0,0.739,0.99,0.739,10377500,0.738,32806100,0.737,39538600,0.736,24387700,0.735,15516300,0.740,29346200,0.741,58932600,0.742,133012400,0.743,92092700,0.744,49910600,750,0,0
sh513130,09:30:52,1767576656345,09:31:54,1767576654598,0.739,0.7416,-0.3506,5712.43,0.8972,4.4843,9750100,7205158,0.739,0.996,0.738,30762400,0.737,39525800,0.736,26900200,0.735,17502800,0.734,11107600,0.739,3262200,0.740,44344500,0.741,64732700,0.742,130827100,0.743,91377700,1746,0,0
sh513130,09:30:52,1767576657344,09:31:56,1767576656731,0.739,0.7416,-0.3506,5710.63,0.8972,4.5327,0,0,0.739,0.999,0.738,30762400,0.737,39525800,0.736,26900200,0.735,17502800,0.734,11107600,0.739,3262200,0.740,44344500,0.741,64732700,0.742,130827100,0.743,91377700,612,0,0
sh513130,09:30:55,1767576658354,09:31:56,1767576656731,0.738,0.7416,-0.4854,5710.63,0.8972,4.4822,11537300,8523031,0.7387,1.01,0.738,25636500,0.737,40499600,0.736,27543700,0.735,17501400,0.734,11140900,0.739,19434800,0.740,50116400,0.741,65484400,0.742,125431400,0.743,91920100,1623,0,0
sh513130,09:30:55,1767576659351,09:31:58,1767576658908,0.738,0.7416,-0.4854,5711.17,0.8972,3.4363,0,0,0.738,0.997,0.738,25636500,0.737,40499600,0.736,27543700,0.735,17501400,0.734,11140900,0.739,19434800,0.740,50116400,0.741,65484400,0.742,125431400,0.743,91920100,442,0,0
sh513130,09:30:58,1767576660355,09:32:00,1767576660058,0.738,0.7416,-0.4854,5711.17,0.8972,3.8029,8726000,6440919,0.7381,1.004,0.738,19724400,0.737,40500700,0.736,27570900,0.735,17536500,0.734,11155200,0.739,25258800,0.740,51744100,0.741,68389900,0.742,125480400,0.743,91466300,297,0,0
sh513130,09:30:58,1767576661339,09:32:00,1767576661065,0.738,0.7416,-0.4854,5711.69,0.8972,2.5863,0,0,0.738,0.984,0.738,19724400,0.737,40500700,0.736,27570900,0.735,17536500,0.734,11155200,0.739,25258800,0.740,51744100,0.741,68389900,0.742,125480400,0.743,91466300,274,0,0
sh513130,09:30:58,1767576662335,09:32:00,1767576661065,0.738,0.7416,-0.4854,5711.69,0.8972,2.5369,0,0,0.738,0.996,0.738,19724400,0.737,40500700,0.736,27570900,0.735,17536500,0.734,11155200,0.739,25258800,0.740,51744100,0.741,68389900,0.742,125480400,0.743,91466300,1270,0,0
sh513130,09:31:01,1767576663332,09:32:02,1767576663237,0.738,0.7416,-0.4854,5712.58,0.8972,3.8074,47988500,35457057,0.7389,0.997,0.738,8694000,0.737,40100800,0.736,28351300,0.735,17540300,0.734,11170200,0.740,48720200,0.741,65201900,0.742,125623900,0.743,90061500,0.744,47942400,95,0,0
sh513130,09:31:01,1767576664341,09:32:02,1767576663237,0.738,0.7416,-0.4854,5712.58,0.8972,3.5668,0,0,0.738,1.009,0.738,8694000,0.737,40100800,0.736,28351300,0.735,17540300,0.734,11170200,0.740,48720200,0.741,65201900,0.742,125623900,0.743,90061500,0.744,47942400,1104,0,0
sh513130,09:31:01,1767576665353,09:32:04,1767576664580,0.738,0.7416,-0.4854,5712.55,0.8972,3.539,0,0,0.738,1.012,0.738,8694000,0.737,40100800,0.736,28351300,0.735,17540300,0.734,11170200,0.740,48720200,0.741,65201900,0.742,125623900,0.743,90061500,0.744,47942400,772,0,0
sh513130,09:31:01,1767576666356,09:32:04,1767576665413,0.738,0.7416,-0.4854,5712.55,0.8972,4.2888,0,0,0.738,1.004,0.738,8694000,0.737,40100800,0.736,28351300,0.735,17540300,0.734,11170200,0.740,48720200,0.741,65201900,0.742,125623900,0.743,90061500,0.744,47942400,943,0,0
sh513130,09:31:04,1767576667366,09:32:06,1767576666551,0.738,0.7416,-0.4854,5710.59,0.8972,3.7974,77495500,57299008,0.7394,1.01,0.738,9205000,0.737,40112800,0.736,26563000,0.735,17651100,0.734,11153700,0.740,6419500,0.741,65614000,0.742,124728400,0.743,90185800,0.744,43629600,815,0,0
sh513130,09:31:04,1767576668346,09:32:06,1767576667591,0.738,0.7416,-0.4854,5710.59,0.8972,5.3329,0,0,0.738,0.979,0.738,9205000,0.737,40112800,0.736,26563000,0.735,17651100,0.734,11153700,0.740,6419500,0.741,65614000,0.742,124728400,0.743,90185800,0.744,43629600,754,0,0
sh513130,09:31:04,1767576669345,09:32:08,1767576668538,0.738,0.7416,-0.4854,5713.02,0.8972,5.2472,0,0,0.738,1.0,0.738,9205000,0.737,40112800,0.736,26563000,0.735,17651100,0.734,11153700,0.740,6419500,0.741,65614000,0.742,124728400,0.743,90185800,0.744,43629600,807,0,0
sh513130,09:31:07,1767576670351,09:32:08,1767576669789,0.738,0.7416,-0.4854,5713.02,0.8972,6.5407,16988600,12545428,0.7385,1.006,0.738,11857100,0.737,40214800,0.736,27530700,0.735,17668100,0.734,11153700,0.739,127800,0.740,8533100,0.741,65872100,0.742,123172400,0.743,90511000,561,0,0
sh513130,09:31:07,1767576671365,09:32:10,1767576670552,0.738,0.7416,-0.4854,5709.68,0.8972,5.353,0,0,0.738,1.014,0.738,11857100,0.737,40214800,0.736,27530700,0.735,17668100,0.734,11153700,0.739,127800,0.740,8533100,0.741,65872100,0.742,123172400,0.743,90511000,812,0,0
sh513130,09:31:07,1767576672364,09:32:10,1767576671964,0.738,0.7416,-0.4854,5709.68,0.8972,4.798,0,0,0.738,1.0,0.738,11857100,0.737,40214800,0.736,27530700,0.735,17668100,0.734,11153700,0.739,127800,0.740,8533100,0.741,65872100,0.742,123172400,0.743,90511000,398,0,0
sh513130,09:31:10,1767576673365,09:32:12,1767576672532,0.738,0.7416,-0.4854,5710.51,0.8972,4.3014,12240700,9035814,0.7382,1.001,0.738,5100,0.737,39797400,0.736,27540700,0.735,17668100,0.734,11253700,0.739,3277600,0.740,13793200,0.741,66442000,0.742,123460300,0.743,89425700,833,0,0
sh513130,09:31:10,1767576674365,09:32:12,1767576674145,0.738,0.7416,-0.4854,5710.51,0.8972,3.6381,0,0,0.738,1.0,0.738,5100,0.737,39797400,0.736,27540700,0.735,17668100,0.734,11253700,0.739,3277600,0.740,13793200,0.741,66442000,0.742,123460300,0.743,89425700,220,0,0
sh513130,09:31:10,1767576675355,09:32:14,1767576674586,0.738,0.7416,-0.4854,5710.39,0.8972,3.5717,0,0,0.738,0.99,0.738,5100,0.737,39797400,0.736,27540700,0.735,17668100,0.734,11253700,0.739,3277600,0.740,13793200,0.741,66442000,0.742,123460300,0.743,89425700,767,0,0
sh513130,09:31:13,1767576676346,09:32:14,1767576676319,0.738,0.7416,-0.4854,5710.39,0.8972,1.5304,7401700,5463558,0.7381,0.991,0.738,3348700,0.737,39838500,0.736,27569300,0.735,17486400,0.734,11204700,0.739,5892700,0.740,20245600,0.741,66199700,0.742,123170300,0.743,89086900,27,0,0
sh513130,09:31:13,1767576677345,09:32:16,1767576676552,0.738,0.7416,-0.4854,5707.73,0.8972,1.4829,0,0,0.738,0.999,0.738,3348700,0.737,39838500,0.736,27569300,0.735,17486400,0.734,11204700,0.739,5892700,0.740,20245600,0.741,66199700,0.742,123170300,0.743,89086900,793,0,0
sh513130,09:31:13,1767576678356,09:32:16,1767576676552,0.738,0.7416,-0.4854,5707.73,0.8972,-0.1483,0,0,0.738,1.011,0.738,3348700,0.737,39838500,0.736,27569300,0.735,17486400,0.734,11204700,0.739,5892700,0.740,20245600,0.741,66199700,0.742,123170300,0.743,89086900,1804,0,0
sh513130,09:31:16,1767576679368,09:32:18,1767576678538,0.738,0.7416,-0.4854,5708.81,0.8972,1.6187,7339800,5417157,0.7381,1.012,0.737,39923800,0.736,29570100,0.735,16590200,0.734,11207300,0.733,11958700,0.738,58600,0.739,13503000,0.740,27277000,0.741,68296800,0.742,122953400,829,0,0
sh513130,09:31:16,1767576680355,09:32:18,1767576678538,0.738,0.7416,-0.4854,5708.81,0.8972,2.0027,0,0,0.738,0.988,0.737,39923800,0.736,29570100,0.735,16590200,0.734,11207300,0.733,11958700,0.738,58600,0.739,13503000,0.740,27277000,0.741,68296800,0.742,122953400,1817,0,0
sh513130,09:31:19,1767576681364,09:32:20,1767576680661,0.738,0.741,-0.4049,5710.9,0.8972,1.9468,26502600,19574331,0.7386,1.009,0.738,3555000,0.737,38935900,0.736,29613100,0.735,17671100,0.734,11243000,0.739,100,0.740,26284500,0.741,64369200,0.742,122404500,0.743,86895500,703,0,0
sh513130,09:31:19,1767576682370,09:32:20,1767576680661,0.738,0.741,-0.4049,5710.9,0.8972,2.9391,0,0,0.738,1.006,0.738,3555000,0.737,38935900,0.736,29613100,0.735,17671100,0.734,11243000,0.739,100,0.740,26284500,0.741,64369200,0.742,122404500,0.743,86895500,1708,0,0
sh513130,09:31:19,1767576683345,09:32:22,1767576682833,0.738,0.741,-0.4049,5713.26,0.8972,3.3827,0,0,0.738,0.976,0.738,3555000,0.737,38935900,0.736,29613100,0.735,17671100,0.734,11243000,0.739,100,0.740,26284500,0.741,64369200,0.742,122404500,0.743,86895500,512,0,0
sh513130,09:31:19,1767576684345,09:32:22,1767576682833,0.738,0.741,-0.4049,5713.26,0.8972,5.7902,0,0,0.738,1.0,0.738,3555000,0.737,38935900,0.736,29613100,0.735,17671100,0.734,11243000,0.739,100,0.740,26284500,0.741,64369200,0.742,122404500,0.743,86895500,1512,0,0
sh513130,09:31:22,1767576685344,09:32:24,1767576685001,0.738,0.7416,-0.4854,5716.43,0.8972,7.5172,8023400,5927088,0.7387,0.999,0.738,17341700,0.737,40560000,0.736,29647100,0.735,16653100,0.734,11243000,0.739,66300,0.740,22664500,0.741,66539400,0.742,119486400,0.743,86902100,343,0,0
sh513130,09:31:22,1767576686346,09:32:24,1767576685001,0.738,0.7416,-0.4854,5716.43,0.8972,7.431,0,0,0.738,1.002,0.738,17341700,0.737,40560000,0.736,29647100,0.735,16653100,0.734,11243000,0.739,66300,0.740,22664500,0.741,66539400,0.742,119486400,0.743,86902100,1344,0,0
sh513130,09:31:22,1767576687345,09:32:26,1767576687174,0.738,0.7416,-0.4854,5714.06,0.8972,6.1667,0,0,0.738,1.0,0.738,17341700,0.737,40560000,0.736,29647100,0.735,16653100,0.734,11243000,0.739,66300,0.740,22664500,0.741,66539400,0.742,119486400,0.743,86902100,171,0,0
sh513130,09:31:25,1767576688343,09:32:26,1767576687174,0.739,0.7416,-0.3506,5714.06,0.8972,6.1174,10575600,7814442,0.7389,0.998,0.739,1942200,0.738,9345100,0.737,40723500,0.736,29677100,0.735,16876100,0.740,29491400,0.741,62485000,0.742,117628400,0.743,86523300,0.744,43240300,1169,0,0
sh513130,09:31:25,1767576689356,09:32:28,1767576689345,0.739,0.7416,-0.3506,5713.33,0.8972,5.9052,0,0,0.739,1.013,0.739,1942200,0.738,9345100,0.737,40723500,0.736,29677100,0.735,16876100,0.740,29491400,0.741,62485000,0.742,117628400,0.743,86523300,0.744,43240300,10,0,0
sh513130,09:31:25,1767576690370,09:32:28,1767576689345,0.739,0.7416,-0.3506,5713.33,0.8972,6.3,0,0,0.739,1.014,0.739,1942200,0.738,9345100,0.737,40723500,0.736,29677100,0.735,16876100,0.740,29491400,0.741,62485000,0.742,117628400,0.743,86523300,0.744,43240300,1024,0,0
sh513130,09:31:28,1767576691371,09:32:30,1767576690559,0.739,0.7416,-0.3506,5715.76,0.8972,6.2097,9526900,7036041,0.7385,1.001,0.738,14133400,0.737,40354300,0.736,29653200,0.735,17323400,0.734,12831000,0.739,4400,0.740,25900200,0.741,60632200,0.742,116304100,0.743,87273800,811,0,0
sh513130,09:31:28,1767576692360,09:32:30,1767576691513,0.739,0.7416,-0.3506,5715.76,0.8972,5.6618,0,0,0.739,0.989,0.738,14133400,0.737,40354300,0.736,29653200,0.735,17323400,0.734,12831000,0.739,4400,0.740,25900200,0.741,60632200,0.742,116304100,0.743,87273800,846,0,0
sh513130,09:31:28,1767576693364,09:32:32,1767576692550,0.739,0.7416,-0.3506,5719.36,0.8972,4.7901,0,0,0.739,1.004,0.738,14133400,0.737,40354300,0.736,29653200,0.735,17323400,0.734,12831000,0.739,4400,0.740,25900200,0.741,60632200,0.742,116304100,0.743,87273800,814,0,0
sh513130,09:31:31,1767576694365,09:32:32,1767576693683,0.739,0.7416,-0.3506,5719.36,0.8972,5.1157,33180600,24547259,0.7398,1.001,0.739,361300,0.738,19890300,0.737,40301700,0.736,28669400,0.735,17318400,0.740,163000,0.741,59137500,0.742,114619500,0.743,88063300,0.744,46586200,682,0,0
sh513130,09:31:31,1767576695377,09:32:34,1767576694563,0.739,0.7416,-0.3506,5718.39,0.8972,8.8461,0,0,0.739,1.012,0.739,361300,0.738,19890300,0.737,40301700,0.736,28669400,0.735,17318400,0.740,163000,0.741,59137500,0.742,114619500,0.743,88063300,0.744,46586200,814,0,0
sh513130,09:31:31,1767576696382,09:32:34,1767576695865,0.739,0.7416,-0.3506,5718.39,0.8972,8.3215,0,0,0.739,1.004,0.739,361300,0.738,19890300,0.737,40301700,0.736,28669400,0.735,17318400,0.740,163000,0.741,59137500,0.742,114619500,0.743,88063300,0.744,46586200,516,0,0
sh513130,09:31:34,1767576697360,09:32:36,1767576696520,0.739,0.7416,-0.3506,5719.39,0.8972,7.6105,10000400,7396374,0.7396,0.978,0.739,18413600,0.738,20236600,0.737,37874000,0.736,18725700,0.735,17552700,0.740,1303500,0.741,53989700,0.742,117083800,0.743,89086300,0.744,52572200,840,0,0
sh513130,09:31:34,1767576698359,09:32:36,1767576698041,0.739,0.7416,-0.3506,5719.39,0.8972,6.4966,0,0,0.739,0.999,0.739,18413600,0.738,20236600,0.737,37874000,0.736,18725700,0.735,17552700,0.740,1303500,0.741,53989700,0.742,117083800,0.743,89086300,0.744,52572200,317,0,0
sh513130,09:31:34,1767576699370,09:32:38,1767576698655,0.739,0.7416,-0.3506,5719.2,0.8972,5.2477,0,0,0.739,1.012,0.739,18413600,0.738,20236600,0.737,37874000,0.736,18725700,0.735,17552700,0.740,1303500,0.741,53989700,0.742,117083800,0.743,89086300,0.744,52572200,715,0,0
sh513130,09:31:37,1767576700366,09:32:38,1767576700221,0.74,0.743,-0.4038,5719.2,0.8972,4.1385,11219700,8302527,0.74,0.996,0.740,6020600,0.739,21781900,0.738,19626700,0.737,23011400,0.736,18725700,0.741,54204000,0.742,112864200,0.743,94730000,0.744,55372300,0.745,79866500,145,0,0
sh513130,09:31:37,1767576701376,09:32:40,1767576700603,0.74,0.743,-0.4038,5717.83,0.8972,2.509,0,0,0.74,1.01,0.740,6020600,0.739,21781900,0.738,19626700,0.737,23011400,0.736,18725700,0.741,54204000,0.742,112864200,0.743,94730000,0.744,55372300,0.745,79866500,772,0,0
sh513130,09:31:37,1767576702375,09:32:40,1767576700603,0.74,0.743,-0.4038,5717.83,0.8972,2.0874,0,0,0.74,0.999,0.740,6020600,0.739,21781900,0.738,19626700,0.737,23011400,0.736,18725700,0.741,54204000,0.742,112864200,0.743,94730000,0.744,55372300,0.745,79866500,1772,0,0
sh513130,09:31:40,1767576703374,09:32:42,1767576702522,0.739,0.743,-0.5384,5715.51,0.8972,2.365,5816400,4302400,0.7397,0.999,0.739,21810500,0.738,24792400,0.737,17867300,0.736,19915700,0.735,17918700,0.740,3000800,0.741,54309400,0.742,121907300,0.743,92199200,0.744,53368600,851,0,0
sh513130,09:31:40,1767576704391,09:32:42,1767576702522,0.739,0.743,-0.5384,5715.51,0.8972,2.47,0,0,0.739,1.017,0.739,21810500,0.738,24792400,0.737,17867300,0.736,19915700,0.735,17918700,0.740,3000800,0.741,54309400,0.742,121907300,0.743,92199200,0.744,53368600,1868,0,0
sh513130,09:31:43,1767576705400,09:32:44,1767576704580,0.739,0.7423,-0.4446,5715.64,0.8972,2.232,5180600,3829965,0.7393,1.009,0.739,33234300,0.738,25375400,0.737,17970500,0.736,19915700,0.735,18061300,0.740,8255600,0.741,62516500,0.742,115176800,0.743,90651000,0.744,54203600,819,0,0
sh513130,09:31:43,1767576706400,09:32:44,1767576704580,0.739,0.7423,-0.4446,5715.64,0.8972,4.8825,0,0,0.739,1.0,0.739,33234300,0.738,25375400,0.737,17970500,0.736,19915700,0.735,18061300,0.740,8255600,0.741,62516500,0.742,115176800,0.743,90651000,0.744,54203600,1819,0,0
sh513130,09:31:43,1767576707383,09:32:46,1767576706753,0.739,0.7423,-0.4446,5715.45,0.8972,3.8772,0,0,0.739,0.983,0.739,33234300,0.738,25375400,0.737,17970500,0.736,19915700,0.735,18061300,0.740,8255600,0.741,62516500,0.742,115176800,0.743,90651000,0.744,54203600,630,0,0
sh513130,09:31:46,1767576708381,09:32:46,1767576706753,0.739,0.7423,-0.4446,5715.45,0.8972,3.5076,2335800,1726347,0.7391,0.998,0.739,24030100,0.738,30919400,0.737,17970800,0.736,19915700,0.735,18127700,0.740,12053100,0.741,67455600,0.742,115936100,0.743,89621100,0.744,48677800,1628,0,0
sh513130,09:31:43,1767576709416,09:32:48,1767576708934,0.739,0.7423,-0.4446,5714.61,0.8972,2.7151,0,0,0.739,1.035,0.739,33234300,0.738,25375400,0.737,17970500,0.736,19915700,0.735,18061300,0.740,8255600,0.741,62516500,0.742,115176800,0.743,90651000,0.744,54203600,482,0,1
sh513130,09:31:46,1767576710376,09:32:48,1767576708934,0.739,0.7423,-0.4446,5714.61,0.8972,2.0032,2335800,1726347,0.7391,0.959,0.739,24030100,0.738,30919400,0.737,17970800,0.736,19915700,0.735,18127700,0.740,12053100,0.741,67455600,0.742,115936100,0.743,89621100,0.744,48677800,1441,0,0
sh513130,09:31:49,1767576711385,09:32:50,1767576711109,0.739,0.7416,-0.3506,5716.69,0.8972,1.5833,3318600,2452893,0.7391,1.009,0.739,20816400,0.738,31362800,0.737,18065000,0.736,19915700,0.735,18129700,0.740,14691700,0.741,70529400,0.742,114341800,0.743,92969600,0.744,53810700,275,0,0
sh513130,09:31:49,1767576712372,09:32:50,1767576711109,0.739,0.7416,-0.3506,5716.69,0.8972,1.3988,0,0,0.739,0.987,0.739,20816400,0.738,31362800,0.737,18065000,0.736,19915700,0.735,18129700,0.740,14691700,0.741,70529400,0.742,114341800,0.743,92969600,0.744,53810700,1262,0,0
sh513130,09:31:49,1767576713385,09:32:52,1767576713308,0.739,0.7416,-0.3506,5717.25,0.8972,0.4257,0,0,0.739,1.013,0.739,20816400,0.738,31362800,0.737,18065000,0.736,19915700,0.735,18129700,0.740,14691700,0.741,70529400,0.742,114341800,0.743,92969600,0.744,53810700,77,0,0
sh513130,09:31:49,1767576714386,09:32:52,1767576713308,0.739,0.7416,-0.3506,5717.25,0.8972,0.486,0,0,0.739,1.001,0.739,20816400,0.738,31362800,0.737,18065000,0.736,19915700,0.735,18129700,0.740,14691700,0.741,70529400,0.742,114341800,0.743,92969600,0.744,53810700,1078,0,0
sh513130,09:31:52,1767576715366,09:32:54,1767576714583,0.739,0.7423,-0.4446,5715.34,0.8972,-2.2001,4050200,2993242,0.739,0.98,0.739,17129800,0.738,31446400,0.737,18075000,0.736,19916800,0.735,18197800,0.740,19190400,0.741,69415900,0.742,131645700,0.743,101848300,0.744,53840900,782,0,0
sh513130,09:31:52,1767576716365,09:32:54,1767576715479,0.739,0.7423,-0.4446,5715.34,0.8972,1.1046,0,0,0.739,1.0,0.739,17129800,0.738,31446400,0.737,18075000,0.736,19916800,0.735,18197800,0.740,19190400,0.741,69415900,0.742,131645700,0.743,101848300,0.744,53840900,886,0,0
sh513130,09:31:55,1767576717370,09:32:56,1767576716636,0.739,0.7423,-0.4446,5715.95,0.8972,1.1052,2652700,1960468,0.739,1.005,0.739,19001000,0.738,31890900,0.737,18069400,0.736,20030400,0.735,18198300,0.740,22933800,0.741,80098900,0.742,125856600,0.743,101117000,0.744,54317300,734,0,0
sh513130,09:31:55,1767576718364,09:32:56,1767576717647,0.739,0.7423,-0.4446,5715.95,0.8972,6.1166,0,0,0.739,0.995,0.739,19001000,0.738,31890900,0.737,18069400,0.736,20030400,0.735,18198300,0.740,22933800,0.741,80098900,0.742,125856600,0.743,101117000,0.744,54317300,716,0,0
sh513130,09:31:55,1767576719373,09:32:58,1767576718562,0.739,0.7423,-0.4446,5717.48,0.8972,5.1368,0,0,0.739,1.009,0.739,19001000,0.738,31890900,0.737,18069400,0.736,20030400,0.735,18198300,0.740,22933800,0.741,80098900,0.742,125856600,0.743,101117000,0.744,54317300,811,0,0
sh513130,09:31:55,1767576720369,09:32:58,1767576719807,0.739,0.7423,-0.4446,5717.48,0.8972,4.6783,0,0,0.739,0.995,0.739,19001000,0.738,31890900,0.737,18069400,0.736,20030400,0.735,18198300,0.740,22933800,0.741,80098900,0.742,125856600,0.743,101117000,0.744,54317300,562,0,0
sh513130,09:31:58,1767576721364,09:33:00,1767576720524,0.739,0.7423,-0.4446,5715.13,0.8972,3.4784,3854100,2848583,0.7391,0.995,0.739,19751500,0.738,29601700,0.737,20373200,0.736,21246600,0.735,18248100,0.740,25634300,0.741,80980600,0.742,128293500,0.743,102268000,0.744,54395600,839,0,0
sh513130,09:31:58,1767576722361,09:33:00,1767576721972,0.739,0.7423,-0.4446,5715.13,0.8972,2.5621,0,0,0.739,0.997,0.739,19751500,0.738,29601700,0.737,20373200,0.736,21246600,0.735,18248100,0.740,25634300,0.741,80980600,0.742,128293500,0.743,102268000,0.744,54395600,388,0,0
sh513130,09:32:01,1767576723360,09:33:02,1767576723054,0.739,0.7423,-0.4446,5716.07,0.8972,5.6083,2784300,2058646,0.7394,1.0,0.739,16265100,0.738,30697900,0.737,20504000,0.736,22066600,0.735,18381500,0.740,28686900,0.741,80219300,0.742,131612600,0.743,101304000,0.744,54458300,305,0,0
sh513130,09:32:01,1767576724360,09:33:02,1767576724146,0.739,0.7423,-0.4446,5716.07,0.8972,6.2078,0,0,0.739,1.0,0.739,16265100,0.738,30697900,0.737,20504000,0.736,22066600,0.735,18381500,0.740,28686900,0.741,80219300,0.742,131612600,0.743,101304000,0.744,54458300,214,0,0
sh513130,09:32:01,1767576725366,09:33:04,1767576724514,0.739,0.7423,-0.4446,5717.72,0.8972,6.1851,0,0,0.739,1.005,0.739,16265100,0.738,30697900,0.737,20504000,0.736,22066600,0.735,18381500,0.740,28686900,0.741,80219300,0.742,131612600,0.743,101304000,0.744,54458300,851,0,0
sh513130,09:32:01,1767576726356,09:33:04,1767576726331,0.739,0.7423,-0.4446,5717.72,0.8972,6.2383,0,0,0.739,0.99,0.739,16265100,0.738,30697900,0.737,20504000,0.736,22066600,0.735,18381500,0.740,28686900,0.741,80219300,0.742,131612600,0.743,101304000,0.744,54458300,25,0,0
sh513130,09:32:04,1767576727364,09:33:06,1767576726516,0.739,0.7423,-0.4446,5719.5,0.8972,7.2643,3914100,2893248,0.7392,1.008,0.739,30702900,0.738,24976000,0.737,20593200,0.736,21197900,0.735,18381500,0.740,35869700,0.741,73633900,0.742,134660700,0.743,108781800,0.744,54484200,847,0,0
sh513130,09:32:04,1767576728386,09:33:06,1767576726516,0.739,0.7423,-0.4446,5719.5,0.8972,5.8546,0,0,0.739,1.022,0.739,30702900,0.738,24976000,0.737,20593200,0.736,21197900,0.735,18381500,0.740,35869700,0.741,73633900,0.742,134660700,0.743,108781800,0.744,54484200,1869,0,0
sh513130,09:32:07,1767576729360,09:33:08,1767576728564,0.739,0.7423,-0.4446,5719.41,0.8972,5.7454,48893900,36177756,0.7399,0.974,0.739,31111300,0.738,25095200,0.737,20613900,0.736,19433400,0.735,18508400,0.740,143600,0.741,92602900,0.742,133582300,0.743,101652200,0.744,53496200,796,0,0
sh513130,09:32:04,1767576730365,09:33:08,1767576728564,0.739,0.7423,-0.4446,5719.41,0.8972,4.6984,0,0,0.739,1.004,0.739,30702900,0.738,24976000,0.737,20593200,0.736,21197900,0.735,18381500,0.740,35869700,0.741,73633900,0.742,134660700,0.743,108781800,0.744,54484200,1801,0,1
sh513130,09:32:07,1767576731370,09:33:10,1767576730673,0.739,0.7423,-0.4446,5719.81,0.8972,3.7216,48893900,36177756,0.7399,1.005,0.739,31111300,0.738,25095200,0.737,20613900,0.736,19433400,0.735,18508400,0.740,143600,0.741,92602900,0.742,133582300,0.743,101652200,0.744,53496200,696,0,0
sh513130,09:32:07,1767576732360,09:33:10,1767576730673,0.739,0.7423,-0.4446,5719.81,0.8972,4.4236,0,0,0.739,0.99,0.739,31111300,0.738,25095200,0.737,20613900,0.736,19433400,0.735,18508400,0.740,143600,0.741,92602900,0.742,133582300,0.743,101652200,0.744,53496200,1687,0,0
sh513130,09:32:10,1767576733362,09:33:12,1767576732849,0.74,0.7423,-0.3098,5720.67,0.8972,2.6349,7079000,5236262,0.7397,1.002,0.739,29388000,0.738,25269500,0.737,20677400,0.736,19513400,0.735,18938000,0.741,92957000,0.742,132536300,0.743,101533000,0.744,53414900,0.745,80744700,513,0,0
sh513130,09:32:10,1767576734365,09:33:12,1767576732849,0.74,0.7423,-0.3098,5720.67,0.8972,1.8927,0,0,0.74,1.004,0.739,29388000,0.738,25269500,0.737,20677400,0.736,19513400,0.735,18938000,0.741,92957000,0.742,132536300,0.743,101533000,0.744,53414900,0.745,80744700,1516,0,0
sh513130,09:32:10,1767576735370,09:33:14,1767576735025,0.74,0.7423,-0.3098,5720.27,0.8972,2.6995,0,0,0.74,1.005,0.739,29388000,0.738,25269500,0.737,20677400,0.736,19513400,0.735,18938000,0.741,92957000,0.742,132536300,0.743,101533000,0.744,53414900,0.745,80744700,345,0,0
sh513130,09:32:13,1767576736365,09:33:14,1767576735025,0.739,0.7412,-0.2968,5720.27,0.8972,2.6481,3238500,2394857,0.7395,0.995,0.739,23585600,0.738,30551400,0.737,21325400,0.736,20533600,0.735,18937500,0.740,154900,0.741,94730100,0.742,132152300,0.743,100658800,0.744,53557600,1339,0,0
sh513130,09:32:13,1767576737364,09:33:16,1767576737205,0.739,0.7412,-0.2968,5720.87,0.8972,4.521,0,0,0.739,0.999,0.739,23585600,0.738,30551400,0.737,21325400,0.736,20533600,0.735,18937500,0.740,154900,0.741,94730100,0.742,132152300,0.743,100658800,0.744,53557600,159,0,0
sh513130,09:32:16,1767576738357,09:33:16,1767576737205,0.739,0.7412,-0.2968,5720.87,0.8972,4.1725,5562800,4113260,0.7394,0.993,0.739,24205100,0.738,32645000,0.737,26325400,0.736,20535600,0.735,19916400,0.740,328700,0.741,95393100,0.742,130536400,0.743,100970700,0.744,53620200,1152,0,0
sh513130,09:32:16,1767576739364,09:33:18,1767576738526,0.739,0.7412,-0.2968,5720.47,0.8972,4.0988,0,0,0.739,1.007,0.739,24205100,0.738,32645000,0.737,26325400,0.736,20535600,0.735,19916400,0.740,328700,0.741,95393100,0.742,130536400,0.743,100970700,0.744,53620200,838,0,0
sh513130,09:32:16,1767576740365,09:33:18,1767576739374,0.739,0.7412,-0.2968,5720.47,0.8972,3.3926,0,0,0.739,1.0,0.739,24205100,0.738,32645000,0.737,26325400,0.736,20535600,0.735,19916400,0.740,328700,0.741,95393100,0.742,130536400,0.743,100970700,0.744,53620200,990,0,0
sh513130,09:32:16,1767576741360,09:33:20,1767576740574,0.739,0.7412,-0.2968,5721.52,0.8972,2.9153,0,0,0.739,0.995,0.739,24205100,0.738,32645000,0.737,26325400,0.736,20535600,0.735,19916400,0.740,328700,0.741,95393100,0.742,130536400,0.743,100970700,0.744,53620200,786,0,0
sh513130,09:32:19,1767576742355,09:33:20,1767576741552,0.74,0.7412,-0.1619,5721.52,0.8972,1.7813,17254600,12756835,0.7393,0.995,0.739,35154200,0.738,31391100,0.737,27276200,0.736,17495600,0.735,19985100,0.740,324700,0.741,95737900,0.742,142043700,0.743,101978200,0.744,52674800,803,0,0
sh513130,09:32:19,1767576743349,09:33:22,1767576742554,0.74,0.7412,-0.1619,5721.81,0.8972,2.59,0,0,0.74,0.994,0.739,35154200,0.738,31391100,0.737,27276200,0.736,17495600,0.735,19985100,0.740,324700,0.741,95737900,0.742,142043700,0.743,101978200,0.744,52674800,795,0,0
sh513130,09:32:19,1767576744345,09:33:22,1767576743730,0.74,0.7412,-0.1619,5721.81,0.8972,3.3127,0,0,0.74,0.996,0.739,35154200,0.738,31391100,0.737,27276200,0.736,17495600,0.735,19985100,0.740,324700,0.741,95737900,0.742,142043700,0.743,101978200,0.744,52674800,615,0,0
sh513130,09:32:22,1767576745351,09:33:24,1767576744558,0.74,0.7412,-0.1619,5719.39,0.8972,3.1759,6305600,4663896,0.7396,1.006,0.739,28148600,0.738,26508000,0.737,22521700,0.736,17495600,0.735,19996100,0.741,97146800,0.742,142634400,0.743,102126400,0.744,52771400,0.745,80995600,792,0,0
sh513130,09:32:22,1767576746355,09:33:24,1767576745911,0.74,0.7412,-0.1619,5719.39,0.8972,4.1525,0,0,0.74,1.004,0.739,28148600,0.738,26508000,0.737,22521700,0.736,17495600,0.735,19996100,0.741,97146800,0.742,142634400,0.743,102126400,0.744,52771400,0.745,80995600,443,0,0
sh513130,09:32:22,1767576747344,09:33:26,1767576746523,0.74,0.7412,-0.1619,5721.29,0.8972,6.5968,0,0,0.74,0.989,0.739,28148600,0.738,26508000,0.737,22521700,0.736,17495600,0.735,19996100,0.741,97146800,0.742,142634400,0.743,102126400,0.744,52771400,0.745,80995600,820,0,0
sh513130,09:32:25,1767576748339,09:33:26,1767576748094,0.739,0.7412,-0.2968,5721.29,0.8972,6.102,5550900,4105398,0.7396,0.995,0.739,22731300,0.738,33143500,0.737,23592800,0.736,18610600,0.735,20996100,0.741,100025900,0.742,142454100,0.743,100092900,0.744,51708800,0.745,81079100,245,0,0
sh513130,09:32:25,1767576749350,09:33:28,1767576748548,0.739,0.7412,-0.2968,5722.46,0.8972,6.0441,0,0,0.739,1.011,0.739,22731300,0.738,33143500,0.737,23592800,0.736,18610600,0.735,20996100,0.741,100025900,0.742,142454100,0.743,100092900,0.744,51708800,0.745,81079100,801,0,0
sh513130,09:32:28,1767576750350,09:33:28,1767576750276,0.739,0.7412,-0.2968,5722.46,0.8972,5.9046,4007000,2964074,0.7397,1.0,0.739,19855500,0.738,33102000,0.737,23483200,0.736,18660600,0.735,20996100,0.740,1233000,0.741,100368300,0.742,142306900,0.743,90692600,0.744,51708800,74,0,0
sh513130,09:32:28,1767576751450,09:33:30,1767576750594,0.739,0.7412,-0.2968,5718.95,0.8972,4.7833,0,0,0.739,1.1,0.739,19855500,0.738,33102000,0.737,23483200,0.736,18660600,0.735,20996100,0.740,1233000,0.741,100368300,0.742,142306900,0.743,90692600,0.744,51708800,856,0,0
sh513130,09:32:28,1767576752401,09:33:30,1767576750594,0.739,0.7412,-0.2968,5718.95,0.8972,7.1199,0,0,0.739,0.951,0.739,19855500,0.738,33102000,0.737,23483200,0.736,18660600,0.735,20996100,0.740,1233000,0.741,100368300,0.742,142306900,0.743,90692600,0.744,51708800,1807,0,0
sh513130,09:32:31,1767576753334,09:33:32,1767576752530,0.739,0.7412,-0.2968,5718.65,0.8972,7.0433,4598200,3399739,0.7394,0.934,0.739,21951000,0.738,36212500,0.737,23623200,0.736,18660600,0.735,20997100,0.740,1861800,0.741,102653200,0.742,142469600,0.743,89537300,0.744,51799000,804,0,0
sh513130,09:32:31,1767576754334,09:33:32,1767576752530,0.739,0.7412,-0.2968,5718.65,0.8972,5.1924,0,0,0.739,0.999,0.739,21951000,0.738,36212500,0.737,23623200,0.736,18660600,0.735,20997100,0.740,1861800,0.741,102653200,0.742,142469600,0.743,89537300,0.744,51799000,1804,0,0
sh513130,09:32:31,1767576755325,09:33:34,1767576754629,0.739,0.7412,-0.2968,5722.22,0.8972,4.1259,0,0,0.739,0.991,0.739,21951000,0.738,36212500,0.737,23623200,0.736,18660600,0.735,20997100,0.740,1861800,0.741,102653200,0.742,142469600,0.743,89537300,0.744,51799000,695,0,0
sh513130,09:32:31,1767576756330,09:33:34,1767576754629,0.739,0.7412,-0.2968,5722.22,0.8972,3.9075,0,0,0.739,1.006,0.739,21951000,0.738,36212500,0.737,23623200,0.736,18660600,0.735,20997100,0.740,1861800,0.741,102653200,0.742,142469600,0.743,89537300,0.744,51799000,1701,0,0
sh513130,09:32:34,1767576757477,09:33:36,1767576756852,0.739,0.7412,-0.2968,5722.64,0.8972,2.7264,4888000,3616232,0.7398,1.147,0.739,34539200,0.738,36355600,0.737,28670600,0.736,19121100,0.735,20997100,0.740,455300,0.741,103251200,0.742,142791600,0.743,98515400,0.744,51579100,624,0,0
sh513130,09:32:34,1767576758310,09:33:36,1767576756852,0.739,0.7412,-0.2968,5722.64,0.8972,2.9997,0,0,0.739,0.833,0.739,34539200,0.738,36355600,0.737,28670600,0.736,19121100,0.735,20997100,0.740,455300,0.741,103251200,0.742,142791600,0.743,98515400,0.744,51579100,1457,0,0
sh513130,09:32:37,1767576759325,09:33:38,1767576758959,0.739,0.7418,-0.3775,5723.76,0.8972,2.2745,6903200,5106450,0.7397,1.015,0.739,43466500,0.738,36401500,0.737,29365300,0.736,19121100,0.735,20997400,0.740,219000,0.741,99389200,0.742,144142000,0.743,100193000,0.744,51684200,366,0,0
sh513130,09:32:34,1767576760325,09:33:38,1767576758959,0.739,0.7412,-0.2968,5723.76,0.8972,2.4232,0,0,0.739,0.999,0.739,34539200,0.738,36355600,0.737,28670600,0.736,19121100,0.735,20997100,0.740,455300,0.741,103251200,0.742,142791600,0.743,98515400,0.744,51579100,1365,0,1
sh513130,09:32:37,1767576761337,09:33:40,1767576761136,0.739,0.7418,-0.3775,5722.32,0.8972,2.3766,6903200,5106450,0.7397,1.012,0.739,43466500,0.738,36401500,0.737,29365300,0.736,19121100,0.735,20997400,0.740,219000,0.741,99389200,0.742,144142000,0.743,100193000,0.744,51684200,201,0,0
sh513130,09:32:37,1767576762325,09:33:40,1767576761136,0.739,0.7418,-0.3775,5722.32,0.8972,2.8142,0,0,0.739,0.987,0.739,43466500,0.738,36401500,0.737,29365300,0.736,19121100,0.735,20997400,0.740,219000,0.741,99389200,0.742,144142000,0.743,100193000,0.744,51684200,1188,0,0
sh513130,09:32:40,1767576763326,09:33:42,1767576763318,0.74,0.7418,-0.2427,5722.23,0.8972,2.7926,6033400,4463831,0.7399,1.001,0.740,30900,0.739,43185000,0.738,37167000,0.737,29383600,0.736,19121100,0.741,100104300,0.742,143349000,0.743,100414200,0.744,52005400,0.745,80989300,7,0,0
sh513130,09:32:40,1767576764340,09:33:42,1767576763318,0.74,0.7418,-0.2427,5722.23,0.8972,3.2811,0,0,0.74,1.015,0.740,30900,0.739,43185000,0.738,37167000,0.737,29383600,0.736,19121100,0.741,100104300,0.742,143349000,0.743,100414200,0.744,52005400,0.745,80989300,1022,0,0
sh513130,09:32:40,1767576765351,09:33:44,1767576764531,0.74,0.7418,-0.2427,5723.65,0.8972,2.0459,0,0,0.74,1.011,0.740,30900,0.739,43185000,0.738,37167000,0.737,29383600,0.736,19121100,0.741,100104300,0.742,143349000,0.743,100414200,0.744,52005400,0.745,80989300,819,0,0
sh513130,09:32:43,1767576766353,09:33:44,1767576765493,0.74,0.7418,-0.2427,5723.65,0.8972,1.5594,6150500,4551308,0.74,1.001,0.740,15315700,0.739,44666000,0.738,34120800,0.737,29381600,0.736,19121100,0.741,83492900,0.742,140729100,0.743,117250500,0.744,51921000,0.745,84035300,860,0,0
sh513130,09:32:43,1767576767333,09:33:46,1767576766558,0.74,0.7418,-0.2427,5724.07,0.8972,1.59,0,0,0.74,0.98,0.740,15315700,0.739,44666000,0.738,34120800,0.737,29381600,0.736,19121100,0.741,83492900,0.742,140729100,0.743,117250500,0.744,51921000,0.745,84035300,775,0,0
sh513130,09:32:43,1767576768331,09:33:46,1767576767666,0.74,0.7418,-0.2427,5724.07,0.8972,1.5177,0,0,0.74,0.998,0.740,15315700,0.739,44666000,0.738,34120800,0.737,29381600,0.736,19121100,0.741,83492900,0.742,140729100,0.743,117250500,0.744,51921000,0.745,84035300,665,0,0
sh513130,09:32:46,1767576769330,09:33:48,1767576768550,0.74,0.7418,-0.2427,5723.97,0.8972,1.3244,9241000,6839350,0.7401,0.999,0.740,20127900,0.739,45355700,0.738,34196300,0.737,21394600,0.736,19120100,0.741,82875000,0.742,140865200,0.743,117045500,0.744,50847700,0.745,84046300,779,0,0
sh513130,09:32:46,1767576770324,09:33:48,1767576769840,0.74,0.7418,-0.2427,5723.97,0.8972,1.2286,0,0,0.74,0.994,0.740,20127900,0.739,45355700,0.738,34196300,0.737,21394600,0.736,19120100,0.741,82875000,0.742,140865200,0.743,117045500,0.744,50847700,0.745,84046300,483,0,0
sh513130,09:32:46,1767576771331,09:33:50,1767576770571,0.74,0.7418,-0.2427,5723.62,0.8972,-0.2317,0,0,0.74,1.007,0.740,20127900,0.739,45355700,0.738,34196300,0.737,21394600,0.736,19120100,0.741,82875000,0.742,140865200,0.743,117045500,0.744,50847700,0.745,84046300,759,0,0
sh513130,09:32:46,1767576772340,09:33:50,1767576772015,0.74,0.7418,-0.2427,5723.62,0.8972,-0.0099,0,0,0.74,1.01,0.740,20127900,0.739,45355700,0.738,34196300,0.737,21394600,0.736,19120100,0.741,82875000,0.742,140865200,0.743,117045500,0.744,50847700,0.745,84046300,325,0,0
sh513130,09:32:49,1767576773344,09:33:52,1767576772574,0.74,0.7418,-0.2427,5724.91,0.8972,3.0462,6510700,4817984,0.74,1.004,0.740,2234300,0.739,47977500,0.738,34214400,0.737,23493300,0.736,19147700,0.741,103758200,0.742,134381100,0.743,117216100,0.744,50885800,0.745,88964100,770,0,0
sh513130,09:32:52,1767576774340,09:33:52,1767576774201,0.74,0.7418,-0.2427,5724.91,0.8972,2.989,2906900,2151144,0.74,0.996,0.740,19881500,0.739,47015500,0.738,33367900,0.737,19558300,0.736,18868700,0.741,83584500,0.742,138197300,0.743,117949900,0.744,51036400,0.745,84287200,138,0,0
sh513130,09:32:52,1767576775488,09:33:54,1767576774531,0.74,0.7418,-0.2427,5725.88,0.8972,4.4071,0,0,0.74,1.148,0.740,19881500,0.739,47015500,0.738,33367900,0.737,19558300,0.736,18868700,0.741,83584500,0.742,138197300,0.743,117949900,0.744,51036400,0.745,84287200,956,0,0
sh513130,09:32:52,1767576776346,09:33:54,1767576774531,0.74,0.7418,-0.2427,5725.88,0.8972,3.3819,0,0,0.74,0.858,0.740,19881500,0.739,47015500,0.738,33367900,0.737,19558300,0.736,18868700,0.741,83584500,0.742,138197300,0.743,117949900,0.744,51036400,0.745,84287200,1813,0,0
sh513130,09:32:55,1767576777351,09:33:56,1767576776534,0.74,0.7418,-0.2427,5724.41,0.8972,2.8801,4089700,3026751,0.7401,1.005,0.740,5949600,0.739,42140900,0.738,28768200,0.737,22511100,0.736,18933700,0.741,84252400,0.742,136731600,0.743,118348400,0.744,51026400,0.745,85849000,816,0,0
sh513130,09:32:55,1767576778345,09:33:56,1767576776534,0.74,0.7418,-0.2427,5724.41,0.8972,4.3682,0,0,0.74,0.994,0.740,5949600,0.739,42140900,0.738,28768200,0.737,22511100,0.736,18933700,0.741,84252400,0.742,136731600,0.743,118348400,0.744,51026400,0.745,85849000,1810,0,0
sh513130,09:32:55,1767576779346,09:33:58,1767576778548,0.74,0.7418,-0.2427,5724.33,0.8972,4.1303,0,0,0.74,1.001,0.740,5949600,0.739,42140900,0.738,28768200,0.737,22511100,0.736,18933700,0.741,84252400,0.742,136731600,0.743,118348400,0.744,51026400,0.745,85849000,798,0,0
sh513130,09:32:55,1767576780346,09:33:58,1767576778548,0.74,0.7418,-0.2427,5724.33,0.8972,4.0572,0,0,0.74,1.0,0.740,5949600,0.739,42140900,0.738,28768200,0.737,22511100,0.736,18933700,0.741,84252400,0.742,136731600,0.743,118348400,0.744,51026400,0.745,85849000,1798,0,0
sh513130,09:32:58,1767576781351,09:34:00,1767576780704,0.74,0.7418,-0.2427,5723.2,0.8972,2.2273,1380800,1021378,0.7397,1.004,0.739,41461300,0.738,28842200,0.737,22563600,0.736,18959000,0.735,20010400,0.740,2706200,0.741,104924600,0.742,141107500,0.743,119247500,0.744,51035200,646,0,0
sh513130,09:32:58,1767576782334,09:34:00,1767576780704,0.74,0.7418,-0.2427,5723.2,0.8972,2.3358,0,0,0.74,0.983,0.739,41461300,0.738,28842200,0.737,22563600,0.736,18959000,0.735,20010400,0.740,2706200,0.741,104924600,0.742,141107500,0.743,119247500,0.744,51035200,1630,0,0
sh513130,09:32:58,1767576783336,09:34:02,1767576783053,0.74,0.7418,-0.2427,5722.34,0.8972,2.403,0,0,0.74,1.002,0.739,41461300,0.738,28842200,0.737,22563600,0.736,18959000,0.735,20010400,0.740,2706200,0.741,104924600,0.742,141107500,0.743,119247500,0.744,51035200,283,0,0
sh513130,09:32:58,1767576784329,09:34:02,1767576783053,0.74,0.7418,-0.2427,5722.34,0.8972,2.3567,0,0,0.74,0.993,0.739,41461300,0.738,28842200,0.737,22563600,0.736,18959000,0.735,20010400,0.740,2706200,0.741,104924600,0.742,141107500,0.743,119247500,0.744,51035200,1276,0,0
sh513130,09:33:01,1767576785336,09:34:04,1767576785031,0.74,0.7418,-0.2427,5723.29,0.8972,2.3689,496500,367375,0.7399,1.006,0.739,35842900,0.738,35312700,0.737,24112200,0.736,18959000,0.735,20089600,0.740,6650000,0.741,109135300,0.742,143104600,0.743,121737500,0.744,51013500,304,0,0
sh513130,09:33:01,1767576786331,09:34:04,1767576785031,0.74,0.7418,-0.2427,5723.29,0.8972,8.1028,0,0,0.74,0.996,0.739,35842900,0.738,35312700,0.737,24112200,0.736,18959000,0.735,20089600,0.740,6650000,0.741,109135300,0.742,143104600,0.743,121737500,0.744,51013500,1300,0,0
sh513130,09:33:04,1767576787337,09:34:06,1767576787193,0.74,0.7418,-0.2427,5723.5,0.8972,6.7395,10345300,7655380,0.74,1.005,0.740,10813300,0.739,38854100,0.738,31034300,0.737,25052600,0.736,18952000,0.741,90955900,0.742,143912600,0.743,117367300,0.744,50894500,0.745,82067800,143,0,0
sh513130,09:33:04,1767576788320,09:34:06,1767576787193,0.74,0.7418,-0.2427,5723.5,0.8972,6.6492,0,0,0.74,0.983,0.740,10813300,0.739,38854100,0.738,31034300,0.737,25052600,0.736,18952000,0.741,90955900,0.742,143912600,0.743,117367300,0.744,50894500,0.745,82067800,1126,0,0
sh513130,09:33:07,1767576789330,09:34:08,1767576788591,0.74,0.7417,-0.2292,5725.82,0.8972,7.8074,2799200,2071435,0.74,1.01,0.740,5150200,0.739,43452400,0.738,31002400,0.737,21075800,0.736,18952000,0.741,89339700,0.742,136686900,0.743,122063800,0.744,50906200,0.745,89700200,738,0,0
sh513130,09:33:07,1767576790321,09:34:08,1767576789367,0.74,0.7417,-0.2292,5725.82,0.8972,7.0167,0,0,0.74,0.991,0.740,5150200,0.739,43452400,0.738,31002400,0.737,21075800,0.736,18952000,0.741,89339700,0.742,136686900,0.743,122063800,0.744,50906200,0.745,89700200,954,0,0
sh513130,09:33:07,1767576791316,09:34:10,1767576790546,0.74,0.7417,-0.2292,5723.97,0.8972,6.469,0,0,0.74,0.994,0.740,5150200,0.739,43452400,0.738,31002400,0.737,21075800,0.736,18952000,0.741,89339700,0.742,136686900,0.743,122063800,0.744,50906200,0.745,89700200,769,0,0
sh513130,09:33:07,1767576792321,09:34:10,1767576791545,0.74,0.7417,-0.2292,5723.97,0.8972,5.5973,0,0,0.74,1.005,0.740,5150200,0.739,43452400,0.738,31002400,0.737,21075800,0.736,18952000,0.741,89339700,0.742,136686900,0.743,122063800,0.744,50906200,0.745,89700200,775,0,0
sh513130,09:33:07,1767576793320,09:34:12,1767576792529,0.74,0.7417,-0.2292,5726.68,0.8972,4.4389,0,0,0.74,1.0,0.740,5150200,0.739,43452400,0.738,31002400,0.737,21075800,0.736,18952000,0.741,89339700,0.742,136686900,0.743,122063800,0.744,50906200,0.745,89700200,791,0,0
sh513130,09:33:10,1767576794326,09:34:12,1767576793723,0.74,0.7417,-0.2292,5726.68,0.8972,5.2372,3709400,2744408,0.7399,1.005,0.740,16467900,0.739,42576300,0.738,31814300,0.737,19028300,0.736,18970300,0.741,90985700,0.742,141972400,0.743,122249600,0.744,50944900,0.745,82383600,602,0,0
sh513130,09:33:13,1767576795330,09:34:14,1767576794619,0.74,0.7417,-0.2292,5727.9,0.8972,5.1068,28648500,21226732,0.7409,1.005,0.740,40870500,0.739,38001800,0.738,31924300,0.737,18994400,0.736,18272700,0.741,54264400,0.742,137310100,0.743,122469200,0.744,60867800,0.745,90310100,711,0,0
sh513130,09:33:13,1767576796340,09:34:14,1767576795899,0.74,0.7417,-0.2292,5727.9,0.8972,7.1279,0,0,0.74,1.01,0.740,40870500,0.739,38001800,0.738,31924300,0.737,18994400,0.736,18272700,0.741,54264400,0.742,137310100,0.743,122469200,0.744,60867800,0.745,90310100,440,0,0
sh513130,09:33:13,1767576797355,09:34:16,1767576796520,0.74,0.7417,-0.2292,5729.79,0.8972,6.2461,0,0,0.74,1.015,0.740,40870500,0.739,38001800,0.738,31924300,0.737,18994400,0.736,18272700,0.741,54264400,0.742,137310100,0.743,122469200,0.744,60867800,0.745,90310100,835,0,0
sh513130,09:33:13,1767576798371,09:34:16,1767576798067,0.74,0.7417,-0.2292,5729.79,0.8972,6.1818,0,0,0.74,1.015,0.740,40870500,0.739,38001800,0.738,31924300,0.737,18994400,0.736,18272700,0.741,54264400,0.742,137310100,0.743,122469200,0.744,60867800,0.745,90310100,304,0,0
sh513130,09:33:13,1767576799376,09:34:18,1767576798535,0.74,0.7417,-0.2292,5732.61,0.8972,6.1478,0,0,0.74,1.005,0.740,40870500,0.739,38001800,0.738,31924300,0.737,18994400,0.736,18272700,0.741,54264400,0.742,137310100,0.743,122469200,0.744,60867800,0.745,90310100,841,0,0
sh513130,09:33:16,1767576800377,09:34:18,1767576800245,0.74,0.7417,-0.2292,5732.61,0.8972,6.0578,58892000,43635086,0.7409,1.001,0.740,37594700,0.739,40150800,0.738,32254300,0.737,19045200,0.736,18428700,0.741,239300,0.742,134254400,0.743,122465300,0.744,64196900,0.745,90486200,131,0,0
sh513130,09:33:19,1767576801385,09:34:20,1767576800593,0.741,0.7424,-0.1886,5731.41,0.8972,4.9155,5292800,3919395,0.7405,1.009,0.741,1922800,0.740,37212400,0.739,40524000,0.738,31353200,0.737,19073000,0.742,135141800,0.743,122737000,0.744,65602500,0.745,91162700,0.746,55711700,792,0,0
sh513130,09:33:19,1767576802394,09:34:20,1767576800593,0.741,0.7424,-0.1886,5731.41,0.8972,4.3244,0,0,0.741,1.009,0.741,1922800,0.740,37212400,0.739,40524000,0.738,31353200,0.737,19073000,0.742,135141800,0.743,122737000,0.744,65602500,0.745,91162700,0.746,55711700,1801,0,0
sh513130,09:33:19,1767576803400,09:34:22,1767576802559,0.741,0.7424,-0.1886,5734.06,0.8972,6.3865,0,0,0.741,1.006,0.741,1922800,0.740,37212400,0.739,40524000,0.738,31353200,0.737,19073000,0.742,135141800,0.743,122737000,0.744,65602500,0.745,91162700,0.746,55711700,841,0,0
sh513130,09:33:19,1767576804389,09:34:22,1767576802559,0.741,0.7424,-0.1886,5734.06,0.8972,5.8752,0,0,0.741,0.989,0.741,1922800,0.740,37212400,0.739,40524000,0.738,31353200,0.737,19073000,0.742,135141800,0.743,122737000,0.744,65602500,0.745,91162700,0.746,55711700,1830,0,0
sh513130,09:33:19,1767576805398,09:34:24,1767576804594,0.741,0.7424,-0.1886,5736.04,0.8972,5.0777,0,0,0.741,1.009,0.741,1922800,0.740,37212400,0.739,40524000,0.738,31353200,0.737,19073000,0.742,135141800,0.743,122737000,0.744,65602500,0.745,91162700,0.746,55711700,804,0,0
sh513130,09:33:22,1767576806393,09:34:24,1767576804594,0.741,0.7424,-0.1886,5736.04,0.8972,4.2625,39112100,29017666,0.7419,0.995,0.741,13080900,0.740,39427900,0.739,37533800,0.738,22633000,0.737,19123000,0.742,83586400,0.743,118031700,0.744,85907800,0.745,90922800,0.746,60692900,1799,0,0
sh513130,09:33:25,1767576807390,09:34:26,1767576806776,0.741,0.7424,-0.1886,5736.58,0.8972,3.7189,11182800,8295611,0.7418,0.996,0.741,22480000,0.740,34215000,0.739,37500600,0.738,22676700,0.737,19159600,0.742,75905500,0.743,117560000,0.744,85014700,0.745,90957500,0.746,60906000,613,0,0
sh513130,09:33:25,1767576808389,09:34:26,1767576806776,0.741,0.7424,-0.1886,5736.58,0.8972,3.7189,0,0,0.741,0.999,0.741,22480000,0.740,34215000,0.739,37500600,0.738,22676700,0.737,19159600,0.742,75905500,0.743,117560000,0.744,85014700,0.745,90957500,0.746,60906000,1613,0,0
sh513130,09:33:25,1767576809434,09:34:28,1767576808939,0.741,0.7424,-0.1886,5736.52,0.8972,2.5719,0,0,0.741,1.045,0.741,22480000,0.740,34215000,0.739,37500600,0.738,22676700,0.737,19159600,0.742,75905500,0.743,117560000,0.744,85014700,0.745,90957500,0.746,60906000,495,0,0
sh513130,09:33:25,1767576810387,09:34:28,1767576808939,0.741,0.7424,-0.1886,5736.52,0.8972,3.6932,0,0,0.741,0.953,0.741,22480000,0.740,34215000,0.739,37500600,0.738,22676700,0.737,19159600,0.742,75905500,0.743,117560000,0.744,85014700,0.745,90957500,0.746,60906000,1448,0,0
sh513130,09:33:28,1767576811398,09:34:30,1767576811105,0.741,0.743,-0.2692,5737.39,0.8972,3.6261,46666200,34624396,0.742,1.011,0.741,21233800,0.740,35325600,0.739,39224800,0.738,22719500,0.737,19508800,0.742,23475000,0.743,116878200,0.744,85136500,0.745,102433500,0.746,61351000,292,0,0
sh513130,09:33:28,1767576812393,09:34:30,1767576811105,0.741,0.743,-0.2692,5737.39,0.8972,5.9813,0,0,0.741,0.995,0.741,21233800,0.740,35325600,0.739,39224800,0.738,22719500,0.737,19508800,0.742,23475000,0.743,116878200,0.744,85136500,0.745,102433500,0.746,61351000,1287,0,0
sh513130,09:33:28,1767576813381,09:34:32,1767576813295,0.741,0.743,-0.2692,5736.14,0.8972,5.9813,0,0,0.741,0.988,0.741,21233800,0.740,35325600,0.739,39224800,0.738,22719500,0.737,19508800,0.742,23475000,0.743,116878200,0.744,85136500,0.745,102433500,0.746,61351000,85,0,0
sh513130,09:33:31,1767576814372,09:34:32,1767576813295,0.741,0.743,-0.2692,5736.14,0.8972,5.2729,3577200,2651742,0.7413,0.991,0.741,21855600,0.740,35922500,0.739,39229800,0.738,22899600,0.737,19340900,0.742,23317500,0.743,116763400,0.744,85181500,0.745,102200200,0.746,61358900,1076,0,0
sh513130,09:33:31,1767576815388,09:34:34,1767576815102,0.741,0.743,-0.2692,5736.89,0.8972,6.3077,0,0,0.741,1.015,0.741,21855600,0.740,35922500,0.739,39229800,0.738,22899600,0.737,19340900,0.742,23317500,0.743,116763400,0.744,85181500,0.745,102200200,0.746,61358900,285,0,0
sh513130,09:33:34,1767576816409,09:34:34,1767576815459,0.741,0.743,-0.2692,5736.89,0.8972,4.956,2040000,1511924,0.7411,1.021,0.741,23883700,0.740,36204200,0.739,39490800,0.738,22799100,0.737,19363000,0.742,24288600,0.743,116957300,0.744,85206700,0.745,102125600,0.746,61369500,949,0,0
sh513130,09:33:34,1767576817407,09:34:36,1767576816574,0.741,0.743,-0.2692,5735.03,0.8972,4.7007,0,0,0.741,0.998,0.741,23883700,0.740,36204200,0.739,39490800,0.738,22799100,0.737,19363000,0.742,24288600,0.743,116957300,0.744,85206700,0.745,102125600,0.746,61369500,832,0,0
sh513130,09:33:34,1767576818419,09:34:36,1767576817647,0.741,0.743,-0.2692,5735.03,0.8972,4.3114,0,0,0.741,1.012,0.741,23883700,0.740,36204200,0.739,39490800,0.738,22799100,0.737,19363000,0.742,24288600,0.743,116957300,0.744,85206700,0.745,102125600,0.746,61369500,772,0,0
sh513130,09:33:34,1767576819417,09:34:38,1767576818531,0.741,0.743,-0.2692,5736.32,0.8972,6.4883,0,0,0.741,0.998,0.741,23883700,0.740,36204200,0.739,39490800,0.738,22799100,0.737,19363000,0.742,24288600,0.743,116957300,0.744,85206700,0.745,102125600,0.746,61369500,885,0,0
sh513130,09:33:37,1767576820405,09:34:38,1767576819817,0.742,0.743,-0.1346,5736.32,0.8972,5.6336,3323100,2463553,0.7413,0.988,0.741,18430600,0.740,41977500,0.739,39442800,0.738,22696700,0.737,18724300,0.742,37142800,0.743,117087400,0.744,86014200,0.745,92263400,0.746,61447800,588,0,0
sh513130,09:33:37,1767576821402,09:34:40,1767576820563,0.742,0.743,-0.1346,5733.18,0.8972,5.6336,0,0,0.742,0.997,0.741,18430600,0.740,41977500,0.739,39442800,0.738,22696700,0.737,18724300,0.742,37142800,0.743,117087400,0.744,86014200,0.745,92263400,0.746,61447800,839,0,0
sh513130,09:33:40,1767576822402,09:34:40,1767576821984,0.741,0.743,-0.2692,5733.18,0.8972,5.5809,3680700,2728994,0.7414,1.0,0.741,6217400,0.740,42209100,0.739,39479800,0.738,22557800,0.737,18738100,0.742,57310400,0.743,117029000,0.744,86190200,0.745,92630700,0.746,61456100,417,0,0
sh513130,09:33:40,1767576823414,09:34:42,1767576822554,0.741,0.743,-0.2692,5733.08,0.8972,2.9266,0,0,0.741,1.011,0.741,6217400,0.740,42209100,0.739,39479800,0.738,22557800,0.737,18738100,0.742,57310400,0.743,117029000,0.744,86190200,0.745,92630700,0.746,61456100,859,0,0
sh513130,09:33:40,1767576824408,09:34:42,1767576824156,0.741,0.743,-0.2692,5733.08,0.8972,2.9836,0,0,0.741,0.994,0.741,6217400,0.740,42209100,0.739,39479800,0.738,22557800,0.737,18738100,0.742,57310400,0.743,117029000,0.744,86190200,0.745,92630700,0.746,61456100,251,0,0
sh513130,09:33:43,1767576825404,09:34:44,1767576824578,0.741,0.743,-0.2692,5734.45,0.8972,3.2706,4160600,3083366,0.7411,0.996,0.741,4360500,0.740,42296700,0.739,39479800,0.738,22585800,0.737,18746100,0.742,37265600,0.743,117263400,0.744,87375700,0.745,93465700,0.746,61470100,825,0,0
sh513130,09:33:40,1767576826410,09:34:44,1767576826335,0.741,0.743,-0.2692,5734.45,0.8972,3.2706,0,0,0.741,1.006,0.741,6217400,0.740,42209100,0.739,39479800,0.738,22557800,0.737,18738100,0.742,57310400,0.743,117029000,0.744,86190200,0.745,92630700,0.746,61456100,74,0,1
sh513130,09:33:43,1767576827403,09:34:46,1767576826541,0.741,0.743,-0.2692,5735.66,0.8972,1.2903,4160600,3083366,0.7411,0.993,0.741,4360500,0.740,42296700,0.739,39479800,0.738,22585800,0.737,18746100,0.742,37265600,0.743,117263400,0.744,87375700,0.745,93465700,0.746,61470100,862,0,0
sh513130,09:33:43,1767576828404,09:34:46,1767576826541,0.741,0.743,-0.2692,5735.66,0.8972,1.2111,0,0,0.741,1.001,0.741,4360500,0.740,42296700,0.739,39479800,0.738,22585800,0.737,18746100,0.742,37265600,0.743,117263400,0.744,87375700,0.745,93465700,0.746,61470100,1863,0,0
sh513130,09:33:43,1767576829395,09:34:48,1767576828527,0.741,0.743,-0.2692,5735.08,0.8972,1.2111,0,0,0.741,0.991,0.741,4360500,0.740,42296700,0.739,39479800,0.738,22585800,0.737,18746100,0.742,37265600,0.743,117263400,0.744,87375700,0.745,93465700,0.746,61470100,868,0,0
sh513130,09:33:46,1767576830399,09:34:48,1767576828527,0.741,0.743,-0.2692,5735.08,0.8972,2.433,1714900,1271189,0.7413,1.003,0.741,14709300,0.740,45548000,0.739,39559300,0.738,23015000,0.737,18746100,0.742,37983100,0.743,117559400,0.744,85994500,0.745,93590800,0.746,62529200,1872,0,0
sh513130,09:33:49,1767576831408,09:34:50,1767576830699,0.741,0.743,-0.2692,5734.96,0.8972,2.3862,2383700,1766738,0.7412,1.009,0.741,29950400,0.740,40095300,0.739,39698300,0.738,23569200,0.737,18842900,0.742,31343000,0.743,117824100,0.744,85939600,0.745,103794100,0.746,62501600,708,0,0
sh513130,09:33:49,1767576832411,09:34:50,1767576830699,0.741,0.743,-0.2692,5734.96,0.8972,2.3862,0,0,0.741,1.003,0.741,29950400,0.740,40095300,0.739,39698300,0.738,23569200,0.737,18842900,0.742,31343000,0.743,117824100,0.744,85939600,0.745,103794100,0.746,62501600,1711,0,0
sh513130,09:33:49,1767576833402,09:34:52,1767576832879,0.741,0.743,-0.2692,5735.83,0.8972,1.5094,0,0,0.741,0.991,0.741,29950400,0.740,40095300,0.739,39698300,0.738,23569200,0.737,18842900,0.742,31343000,0.743,117824100,0.744,85939600,0.745,103794100,0.746,62501600,523,0,0
sh513130,09:33:52,1767576834398,09:34:52,1767576832879,0.741,0.743,-0.2692,5735.83,0.8972,1.5147,11996200,8898419,0.7418,0.996,0.741,29821700,0.740,40469200,0.739,39879300,0.738,23701100,0.737,18852900,0.742,24971400,0.743,118229100,0.744,86091200,0.745,103918100,0.746,62495700,1519,0,0
sh513130,09:33:52,1767576835386,09:34:54,1767576835058,0.741,0.743,-0.2692,5735.82,0.8972,1.5147,0,0,0.741,0.989,0.741,29821700,0.740,40469200,0.739,39879300,0.738,23701100,0.737,18852900,0.742,24971400,0.743,118229100,0.744,86091200,0.745,103918100,0.746,62495700,328,0,0
sh513130,09:33:52,1767576836401,09:34:54,1767576835058,0.741,0.743,-0.2692,5735.82,0.8972,4.7347,0,0,0.741,1.015,0.741,29821700,0.740,40469200,0.739,39879300,0.738,23701100,0.737,18852900,0.742,24971400,0.743,118229100,0.744,86091200,0.745,103918100,0.746,62495700,1343,0,0
sh513130,09:33:52,1767576837394,09:34:56,1767576837241,0.741,0.743,-0.2692,5737.03,0.8972,5.1659,0,0,0.741,0.993,0.741,29821700,0.740,40469200,0.739,39879300,0.738,23701100,0.737,18852900,0.742,24971400,0.743,118229100,0.744,86091200,0.745,103918100,0.746,62495700,152,0,0
sh513130,09:33:55,1767576838388,09:34:56,1767576837241,0.741,0.743,-0.2692,5737.03,0.8972,5.1659,2136500,1583334,0.7411,0.994,0.741,30455300,0.740,40572200,0.739,40119300,0.738,24524600,0.737,19430800,0.742,27611500,0.743,118754600,0.744,86627400,0.745,104974200,0.746,62516200,1146,0,0
sh513130,09:33:55,1767576839408,09:34:58,1767576838550,0.741,0.743,-0.2692,5736.89,0.8972,4.0675,0,0,0.741,1.02,0.741,30455300,0.740,40572200,0.739,40119300,0.738,24524600,0.737,19430800,0.742,27611500,0.743,118754600,0.744,86627400,0.745,104974200,0.746,62516200,858,0,0
sh513130,09:33:55,1767576840400,09:34:58,1767576839412,0.741,0.743,-0.2692,5736.89,0.8972,4.0675,0,0,0.741,0.992,0.741,30455300,0.740,40572200,0.739,40119300,0.738,24524600,0.737,19430800,0.742,27611500,0.743,118754600,0.744,86627400,0.745,104974200,0.746,62516200,987,0,0
sh513130,09:33:58,1767576841402,09:35:00,1767576840573,0.741,0.7437,-0.363,5738.2,0.8972,3.8648,1728900,1281423,0.7412,1.002,0.741,38867900,0.740,40582300,0.739,40251500,0.738,24541100,0.737,19435800,0.742,28475300,0.743,118863700,0.744,86931300,0.745,105928700,0.746,62482300,829,0,0
sh513130,09:33:58,1767576842407,09:35:00,1767576841582,0.741,0.7437,-0.363,5738.2,0.8972,3.3061,0,0,0.741,1.005,0.741,38867900,0.740,40582300,0.739,40251500,0.738,24541100,0.737,19435800,0.742,28475300,0.743,118863700,0.744,86931300,0.745,105928700,0.746,62482300,824,0,0
sh513130,09:33:58,1767576843389,09:35:02,1767576843055,0.741,0.7437,-0.363,5737.57,0.8972,3.3061,0,0,0.741,0.982,0.741,38867900,0.740,40582300,0.739,40251500,0.738,24541100,0.737,19435800,0.742,28475300,0.743,118863700,0.744,86931300,0.745,105928700,0.746,62482300,333,0,0
sh513130,09:33:58,1767576844401,09:35:02,1767576843768,0.741,0.7437,-0.363,5737.57,0.8972,2.8394,0,0,0.741,1.012,0.741,38867900,0.740,40582300,0.739,40251500,0.738,24541100,0.737,19435800,0.742,28475300,0.743,118863700,0.744,86931300,0.745,105928700,0.746,62482300,632,0,0
sh513130,09:34:01,1767576845388,09:35:04,1767576844554,0.742,0.7437,-0.2286,5740.11,0.8972,2.1064,36612000,27164891,0.742,0.988,0.742,5371600,0.741,39257200,0.740,33373300,0.739,39298900,0.738,24843000,0.743,118984000,0.744,85375200,0.745,105951400,0.746,62600300,0.747,42664100,833,0,0
sh513130,09:34:01,1767576846410,09:35:04,1767576845944,0.742,0.7437,-0.2286,5740.11,0.8972,2.9892,0,0,0.742,1.021,0.742,5371600,0.741,39257200,0.740,33373300,0.739,39298900,0.738,24843000,0.743,118984000,0.744,85375200,0.745,105951400,0.746,62600300,0.747,42664100,466,0,0
sh513130,09:34:04,1767576847389,09:35:06,1767576846607,0.742,0.7437,-0.2286,5740.13,0.8972,2.9892,2516200,1867021,0.742,0.979,0.742,31979000,0.741,43389600,0.740,31693400,0.739,23643200,0.738,24842500,0.743,97837000,0.744,77153800,0.745,128619500,0.746,62730300,0.747,50907200,781,0,0
sh513130,09:34:04,1767576848401,09:35:06,1767576848112,0.742,0.7437,-0.2286,5740.13,0.8972,2.1009,0,0,0.742,1.012,0.742,31979000,0.741,43389600,0.740,31693400,0.739,23643200,0.738,24842500,0.743,97837000,0.744,77153800,0.745,128619500,0.746,62730300,0.747,50907200,289,0,0
sh513130,09:34:07,1767576849397,09:35:08,1767576849115,0.742,0.7437,-0.2286,5741.26,0.8972,2.1009,1324600,982853,0.742,0.996,0.742,33987500,0.741,43906500,0.740,32239500,0.739,23744100,0.738,24852800,0.743,98935300,0.744,77200900,0.745,128511700,0.746,62739400,0.747,51408100,281,0,0
sh513130,09:34:04,1767576850383,09:35:08,1767576850357,0.742,0.7437,-0.2286,5741.26,0.8972,2.5703,0,0,0.742,0.986,0.742,31979000,0.741,43389600,0.740,31693400,0.739,23643200,0.738,24842500,0.743,97837000,0.744,77153800,0.745,128619500,0.746,62730300,0.747,50907200,25,0,1
sh513130,09:34:07,1767576851381,09:35:10,1767576850576,0.742,0.7437,-0.2286,5741.09,0.8972,3.3974,1324600,982853,0.742,0.998,0.742,33987500,0.741,43906500,0.740,32239500,0.739,23744100,0.738,24852800,0.743,98935300,0.744,77200900,0.745,128511700,0.746,62739400,0.747,51408100,804,0,0
sh513130,09:34:07,1767576852375,09:35:10,1767576850576,0.742,0.7437,-0.2286,5741.09,0.8972,3.3974,0,0,0.742,0.994,0.742,33987500,0.741,43906500,0.740,32239500,0.739,23744100,0.738,24852800,0.743,98935300,0.744,77200900,0.745,128511700,0.746,62739400,0.747,51408100,1798,0,0
sh513130,09:34:10,1767576853383,09:35:12,1767576852692,0.742,0.7437,-0.2286,5740.86,0.8972,2.2476,3340900,2479154,0.7421,1.008,0.742,35242100,0.741,45221800,0.740,32313700,0.739,23510400,0.738,24967700,0.743,89767500,0.744,77248900,0.745,127521700,0.746,73048200,0.747,51448500,691,0,0
sh513130,09:34:10,1767576854369,09:35:12,1767576852692,0.742,0.7437,-0.2286,5740.86,0.8972,2.2476,0,0,0.742,0.986,0.742,35242100,0.741,45221800,0.740,32313700,0.739,23510400,0.738,24967700,0.743,89767500,0.744,77248900,0.745,127521700,0.746,73048200,0.747,51448500,1677,0,0
sh513130,09:34:10,1767576855367,09:35:14,1767576854636,0.742,0.7437,-0.2286,5742.07,0.8972,2.2042,0,0,0.742,0.998,0.742,35242100,0.741,45221800,0.740,32313700,0.739,23510400,0.738,24967700,0.743,89767500,0.744,77248900,0.745,127521700,0.746,73048200,0.747,51448500,730,0,0
sh513130,09:34:13,1767576856362,09:35:14,1767576854636,0.742,0.7437,-0.2286,5742.07,0.8972,3.2051,3259400,2418528,0.742,0.995,0.742,35396600,0.741,45973400,0.740,32617200,0.739,23509000,0.738,26920100,0.743,98933200,0.744,77445700,0.745,128227300,0.746,63122000,0.747,51462600,1725,0,0
sh513130,09:34:13,1767576857367,09:35:16,1767576856815,0.742,0.7437,-0.2286,5741.55,0.8972,3.2051,0,0,0.742,1.005,0.742,35396600,0.741,45973400,0.740,32617200,0.739,23509000,0.738,26920100,0.743,98933200,0.744,77445700,0.745,128227300,0.746,63122000,0.747,51462600,552,0,0
sh513130,09:34:13,1767576858357,09:35:16,1767576856815,0.742,0.7437,-0.2286,5741.55,0.8972,3.1519,0,0,0.742,0.99,0.742,35396600,0.741,45973400,0.740,32617200,0.739,23509000,0.738,26920100,0.743,98933200,0.744,77445700,0.745,128227300,0.746,63122000,0.747,51462600,1541,0,0
sh513130,09:34:16,1767576859366,09:35:18,1767576859008,0.742,0.7437,-0.2286,5739.82,0.8972,3.0051,2224800,1651481,0.7423,1.01,0.742,33194700,0.741,48551100,0.740,32601000,0.739,23711000,0.738,27093200,0.743,99274900,0.744,78008300,0.745,128042100,0.746,63242900,0.747,51491600,357,0,0
sh513130,09:34:16,1767576860368,09:35:18,1767576859008,0.742,0.7437,-0.2286,5739.82,0.8972,3.0051,0,0,0.742,1.001,0.742,33194700,0.741,48551100,0.740,32601000,0.739,23711000,0.738,27093200,0.743,99274900,0.744,78008300,0.745,128042100,0.746,63242900,0.747,51491600,1359,0,0
sh513130,09:34:19,1767576861371,09:35:20,1767576861183,0.742,0.7437,-0.2286,5739.65,0.8972,2.9649,12700500,9423795,0.742,1.004,0.742,7242800,0.741,48801300,0.740,32864800,0.739,26935600,0.738,27103000,0.743,120649200,0.744,84325100,0.745,129738400,0.746,63247900,0.747,49017900,188,0,0
sh513130,09:34:19,1767576862372,09:35:20,1767576861183,0.742,0.7437,-0.2286,5739.65,0.8972,4.2595,0,0,0.742,1.0,0.742,7242800,0.741,48801300,0.740,32864800,0.739,26935600,0.738,27103000,0.743,120649200,0.744,84325100,0.745,129738400,0.746,63247900,0.747,49017900,1188,0,0
sh513130,09:34:19,1767576863361,09:35:22,1767576862581,0.742,0.7437,-0.2286,5738.79,0.8972,5.5098,0,0,0.742,0.989,0.742,7242800,0.741,48801300,0.740,32864800,0.739,26935600,0.738,27103000,0.743,120649200,0.744,84325100,0.745,129738400,0.746,63247900,0.747,49017900,779,0,0
sh513130,09:34:19,1767576864367,09:35:22,1767576863370,0.742,0.7437,-0.2286,5738.79,0.8972,5.5098,0,0,0.742,1.006,0.742,7242800,0.741,48801300,0.740,32864800,0.739,26935600,0.738,27103000,0.743,120649200,0.744,84325100,0.745,129738400,0.746,63247900,0.747,49017900,996,0,0
sh513130,09:34:22,1767576865373,09:35:24,1767576864551,0.743,0.7437,-0.0941,5738.84,0.8972,5.2082,12394900,9197222,0.742,1.006,0.742,3678500,0.741,49678600,0.740,33211700,0.739,26972800,0.738,29533000,0.743,121716700,0.744,88727800,0.745,129035400,0.746,63288900,0.747,44462300,821,0,0
sh513130,09:34:22,1767576866364,09:35:24,1767576865538,0.743,0.7437,-0.0941,5738.84,0.8972,6.3704,0,0,0.743,0.991,0.742,3678500,0.741,49678600,0.740,33211700,0.739,26972800,0.738,29533000,0.743,121716700,0.744,88727800,0.745,129035400,0.746,63288900,0.747,44462300,826,0,0
sh513130,09:34:22,1767576867363,09:35:26,1767576866597,0.743,0.7437,-0.0941,5742.3,0.8972,6.3704,0,0,0.743,0.999,0.742,3678500,0.741,49678600,0.740,33211700,0.739,26972800,0.738,29533000,0.743,121716700,0.744,88727800,0.745,129035400,0.746,63288900,0.747,44462300,765,0,0
sh513130,09:34:25,1767576868584,09:35:26,1767576867726,0.742,0.7437,-0.2286,5742.3,0.8972,5.8248,7171800,5322632,0.7422,1.22,0.742,30904600,0.741,48853500,0.740,33387900,0.739,23932000,0.738,29532000,0.743,91784500,0.744,79706500,0.745,129373800,0.746,73338300,0.747,54221900,857,0,0
sh513130,09:34:25,1767576869407,09:35:28,1767576868588,0.742,0.7437,-0.2286,5741.27,0.8972,5.8248,0,0,0.742,0.823,0.742,30904600,0.741,48853500,0.740,33387900,0.739,23932000,0.738,29532000,0.743,91784500,0.744,79706500,0.745,129373800,0.746,73338300,0.747,54221900,818,0,0
sh513130,09:34:25,1767576870595,09:35:30,1767576870592,0.742,0.7437,-0.2286,5742.82,0.8972,3.7231,0,0,0.742,1.188,0.742,30904600,0.741,48853500,0.740,33387900,0.739,23932000,0.738,29532000,0.743,91784500,0.744,79706500,0.745,129373800,0.746,73338300,0.747,54221900,2,0,0
sh513130,09:34:28,1767576871514,09:35:30,1767576870596,0.742,0.7437,-0.2286,5742.82,0.8972,2.8649,4418700,3279617,0.7422,0.92,0.742,30212200,0.741,48815100,0.740,33349300,0.739,23950300,0.738,29541300,0.743,102210800,0.744,79689900,0.745,129011000,0.746,63266500,0.747,54293800,918,0,0
sh513130,09:34:28,1767576872373,09:35:30,1767576872030,0.742,0.7437,-0.2286,5742.82,0.8972,3.4124,0,0,0.742,0.859,0.742,30212200,0.741,48815100,0.740,33349300,0.739,23950300,0.738,29541300,0.743,102210800,0.744,79689900,0.745,129011000,0.746,63266500,0.747,54293800,343,0,0
sh513130,09:34:31,1767576873387,09:35:32,1767576872595,0.742,0.7437,-0.2286,5742.66,0.8972,1.9749,3156600,2343202,0.7423,1.013,0.742,34063800,0.741,44222600,0.740,34149700,0.739,24263200,0.738,29545400,0.743,93050900,0.744,81316300,0.745,128978600,0.746,73330100,0.747,54636600,791,0,0
sh513130,09:34:31,1767576874369,09:35:32,1767576874207,0.742,0.7437,-0.2286,5742.66,0.8972,2.472,0,0,0.742,0.982,0.742,34063800,0.741,44222600,0.740,34149700,0.739,24263200,0.738,29545400,0.743,93050900,0.744,81316300,0.745,128978600,0.746,73330100,0.747,54636600,161,0,0
sh513130,09:38:28,1767577113550,09:35:34,1767576874597,0.743,0.745,-0.2685,5744.63,0.8972,8.1036,506363400,376380079,0.7433,239.181,0.743,55809000,0.742,49352100,0.741,41315300,0.740,23758100,0.739,30369100,0.744,61556700,0.745,160356400,0.746,111978500,0.747,67820600,0.748,59790200,238952,0,0
sh513130,09:38:28,1767577113584,09:35:34,1767576874597,0.743,0.745,-0.2685,5744.63,0.8972,8.0247,0,0,0.743,0.034,0.743,55809000,0.742,49352100,0.741,41315300,0.740,23758100,0.739,30369100,0.744,61556700,0.745,160356400,0.746,111978500,0.747,67820600,0.748,59790200,238987,0,0
sh513130,09:38:31,1767577114574,09:35:34,1767576874597,0.743,0.745,-0.2685,5744.63,0.8972,7.9446,962800,715670,0.7433,0.99,0.743,55853700,0.742,49662500,0.741,41362800,0.740,23758100,0.739,31130400,0.744,51285700,0.745,161746700,0.746,111984000,0.747,69405000,0.748,59743100,239976,0,0
sh513130,09:38:31,1767577115573,09:35:34,1767576874597,0.743,0.745,-0.2685,5744.63,0.8972,6.7634,0,0,0.743,0.999,0.743,55853700,0.742,49662500,0.741,41362800,0.740,23758100,0.739,31130400,0.744,51285700,0.745,161746700,0.746,111984000,0.747,69405000,0.748,59743100,240976,0,0
sh513130,09:38:34,1767577116562,09:35:34,1767576874597,0.743,0.745,-0.2685,5744.63,0.8972,6.7634,620000,460711,0.7431,0.989,0.743,55393200,0.742,51149600,0.741,41353800,0.740,24165100,0.739,31130400,0.744,49352900,0.745,162752600,0.746,112207600,0.747,69492900,0.748,59784200,241965,0,0
sh513130,09:38:34,1767577117573,09:35:34,1767576874597,0.743,0.745,-0.2685,5744.63,0.8972,5.6875,0,0,0.743,1.011,0.743,55393200,0.742,51149600,0.741,41353800,0.740,24165100,0.739,31130400,0.744,49352900,0.745,162752600,0.746,112207600,0.747,69492900,0.748,59784200,242976,0,0
sh513130,09:38:34,1767577118581,09:35:34,1767576874597,0.743,0.745,-0.2685,5744.63,0.8972,4.7701,0,0,0.743,1.007,0.743,55393200,0.742,51149600,0.741,41353800,0.740,24165100,0.739,31130400,0.744,49352900,0.745,162752600,0.746,112207600,0.747,69492900,0.748,59784200,243983,0,0
sh513130,09:38:34,1767577119583,09:35:34,1767576874597,0.743,0.745,-0.2685,5744.63,0.8972,4.7701,0,0,0.743,1.003,0.743,55393200,0.742,51149600,0.741,41353800,0.740,24165100,0.739,31130400,0.744,49352900,0.745,162752600,0.746,112207600,0.747,69492900,0.748,59784200,244985,0,0
sh513130,09:38:37,1767577120572,09:35:34,1767576874597,0.743,0.745,-0.2685,5744.63,0.8972,4.3383,813900,605065,0.7434,0.988,0.743,59227700,0.742,51159600,0.741,44353800,0.740,24204800,0.739,31130400,0.744,55663100,0.745,163087700,0.746,112240200,0.747,69425300,0.748,59845400,245974,0,0
sh513130,09:38:37,1767577121576,09:35:34,1767576874597,0.743,0.745,-0.2685,5744.63,0.8972,3.1928,0,0,0.743,1.004,0.743,59227700,0.742,51159600,0.741,44353800,0.740,24204800,0.739,31130400,0.744,55663100,0.745,163087700,0.746,112240200,0.747,69425300,0.748,59845400,246978,0,0
sh513130,09:38:37,1767577122579,09:35:34,1767576874597,0.743,0.745,-0.2685,5744.63,0.8972,3.1928,0,0,0.743,1.003,0.743,59227700,0.742,51159600,0.741,44353800,0.740,24204800,0.739,31130400,0.744,55663100,0.745,163087700,0.746,112240200,0.747,69425300,0.748,59845400,247981,0,0
sh513130,09:38:37,1767577123584,09:35:34,1767576874597,0.743,0.745,-0.2685,5744.63,0.8972,1.9612,0,0,0.743,1.004,0.743,59227700,0.742,51159600,0.741,44353800,0.740,24204800,0.739,31130400,0.744,55663100,0.745,163087700,0.746,112240200,0.747,69425300,0.748,59845400,248986,0,0
sh513130,09:38:40,1767577124583,09:35:34,1767576874597,0.743,0.745,-0.2685,5744.63,0.8972,1.9612,18943900,14093276,0.7439,0.999,0.743,61665100,0.742,51176800,0.741,43363800,0.740,24216800,0.739,31865000,0.744,10614700,0.745,163402700,0.746,113352700,0.747,70083300,0.748,59831600,249985,0,0
sh513130,09:38:43,1767577125601,09:35:34,1767576874597,0.743,0.745,-0.2685,5744.63,0.8972,1.705,4923900,3662717,0.7439,1.018,0.743,61638100,0.742,51208600,0.741,43364000,0.740,24351800,0.739,31865000,0.744,6552200,0.745,157816400,0.746,118936700,0.747,69398200,0.748,59850600,251004,0,0
sh513130,09:38:43,1767577126597,09:35:34,1767576874597,0.743,0.745,-0.2685,5744.63,0.8972,1.5914,0,0,0.743,0.996,0.743,61638100,0.742,51208600,0.741,43364000,0.740,24351800,0.739,31865000,0.744,6552200,0.745,157816400,0.746,118936700,0.747,69398200,0.748,59850600,251999,0,0
sh513130,09:38:46,1767577127584,09:35:34,1767576874597,0.743,0.745,-0.2685,5744.63,0.8972,1.5914,2125400,1580410,0.7436,0.987,0.743,60625500,0.742,51344500,0.741,43366000,0.740,24373800,0.739,31925000,0.744,9674500,0.745,162944600,0.746,114134100,0.747,69371400,0.748,59869100,252986,0,0
sh513130,09:38:46,1767577128589,09:35:34,1767576874597,0.743,0.745,-0.2685,5744.63,0.8972,1.4459,0,0,0.743,1.005,0.743,60625500,0.742,51344500,0.741,43366000,0.740,24373800,0.739,31925000,0.744,9674500,0.745,162944600,0.746,114134100,0.747,69371400,0.748,59869100,253991,0,0
sh513130,09:38:46,1767577129596,09:35:34,1767576874597,0.743,0.745,-0.2685,5744.63,0.8972,1.4173,0,0,0.743,1.007,0.743,60625500,0.742,51344500,0.741,43366000,0.740,24373800,0.739,31925000,0.744,9674500,0.745,162944600,0.746,114134100,0.747,69371400,0.748,59869100,254998,0,0
sh513130,09:38:46,1767577130582,09:35:34,1767576874597,0.743,0.745,-0.2685,5744.63,0.8972,1.4173,0,0,0.743,0.986,0.743,60625500,0.742,51344500,0.741,43366000,0.740,24373800,0.739,31925000,0.744,9674500,0.745,162944600,0.746,114134100,0.747,69371400,0.748,59869100,255984,0,0
sh513130,09:38:46,1767577131575,09:35:34,1767576874597,0.743,0.745,-0.2685,5744.63,0.8972,1.3894,0,0,0.743,0.993,0.743,60625500,0.742,51344500,0.741,43366000,0.740,24373800,0.739,31925000,0.744,9674500,0.745,162944600,0.746,114134100,0.747,69371400,0.748,59869100,256977,0,0
sh513130,09:38:49,1767577132663,09:35:34,1767576874597,0.743,0.7456,-0.3487,5744.63,0.8972,1.1977,895700,665518,0.743,1.088,0.743,61647800,0.742,51445200,0.741,43366000,0.740,24372000,0.739,32832700,0.744,15139000,0.745,164087500,0.746,114308100,0.747,69318300,0.748,60576100,258065,0,0
sh513130,09:38:49,1767577133563,09:35:34,1767576874597,0.743,0.7456,-0.3487,5744.63,0.8972,1.1977,0,0,0.743,0.899,0.743,61647800,0.742,51445200,0.741,43366000,0.740,24372000,0.739,32832700,0.744,15139000,0.745,164087500,0.746,114308100,0.747,69318300,0.748,60576100,258965,0,0
sh513130,09:38:49,1767577134598,09:35:34,1767576874597,0.743,0.7456,-0.3487,5744.63,0.8972,1.0179,0,0,0.743,1.036,0.743,61647800,0.742,51445200,0.741,43366000,0.740,24372000,0.739,32832700,0.744,15139000,0.745,164087500,0.746,114308100,0.747,69318300,0.748,60576100,260001,0,0
sh513130,09:38:52,1767577135573,09:35:34,1767576874597,0.743,0.7449,-0.2551,5744.63,0.8972,1.0179,1009300,750011,0.7431,0.975,0.743,60853200,0.742,51445200,0.741,43366000,0.740,24588200,0.739,32818700,0.744,17162700,0.745,164238100,0.746,114356500,0.747,69416000,0.748,60585100,260976,0,0
sh513130,09:38:52,1767577136607,09:35:34,1767576874597,0.743,0.7449,-0.2551,5744.63,0.8972,0.8119,0,0,0.743,1.033,0.743,60853200,0.742,51445200,0.741,43366000,0.740,24588200,0.739,32818700,0.744,17162700,0.745,164238100,0.746,114356500,0.747,69416000,0.748,60585100,262009,0,0
sh513130,09:38:52,1767577137592,09:35:34,1767576874597,0.743,0.7449,-0.2551,5744.63,0.8972,0.6729,0,0,0.743,0.986,0.743,60853200,0.742,51445200,0.741,43366000,0.740,24588200,0.739,32818700,0.744,17162700,0.745,164238100,0.746,114356500,0.747,69416000,0.748,60585100,262995,0,0
sh513130,09:38:55,1767577138583,09:35:34,1767576874597,0.744,0.7449,-0.1208,5744.63,0.8972,0.6729,1573300,1169520,0.7434,0.991,0.743,60978300,0.742,51257900,0.741,43365900,0.740,24955400,0.739,32818700,0.744,19714000,0.745,164407000,0.746,114455700,0.747,68943500,0.748,60664600,263986,0,0
sh513130,09:38:55,1767577139588,09:35:34,1767576874597,0.744,0.7449,-0.1208,5744.63,0.8972,0.5152,0,0,0.744,1.004,0.743,60978300,0.742,51257900,0.741,43365900,0.740,24955400,0.739,32818700,0.744,19714000,0.745,164407000,0.746,114455700,0.747,68943500,0.748,60664600,264990,0,0
sh513130,09:38:55,1767577140573,09:35:34,1767576874597,0.744,0.7449,-0.1208,5744.63,0.8972,0.5152,0,0,0.744,0.986,0.743,60978300,0.742,51257900,0.741,43365900,0.740,24955400,0.739,32818700,0.744,19714000,0.745,164407000,0.746,114455700,0.747,68943500,0.748,60664600,265976,0,0
sh513130,09:38:58,1767577141681,09:35:34,1767576874597,0.743,0.7449,-0.2551,5744.63,0.8972,-0.0658,3003700,2233112,0.7435,1.107,0.743,59853900,0.742,51259900,0.741,42365900,0.740,25258400,0.739,32818700,0.744,22331500,0.745,164701000,0.746,114453700,0.747,69642100,0.748,60821100,267083,0,0
sh513130,09:38:58,1767577142645,09:35:34,1767576874597,0.743,0.7449,-0.2551,5744.63,0.8972,-0.0658,0,0,0.743,0.964,0.743,59853900,0.742,51259900,0.741,42365900,0.740,25258400,0.739,32818700,0.744,22331500,0.745,164701000,0.746,114453700,0.747,69642100,0.748,60821100,268047,0,0
sh513130,09:39:01,1767577143696,09:35:34,1767576874597,0.744,0.7449,-0.1208,5744.63,0.8972,0.4459,1610800,1197066,0.7431,1.051,0.743,50065200,0.742,48250200,0.741,43355900,0.740,25261700,0.739,32868700,0.744,23847500,0.745,165403100,0.746,113489000,0.747,69446800,0.748,60821100,269098,0,0
sh513130,09:38:58,1767577144569,09:35:34,1767576874597,0.743,0.7449,-0.2551,5744.63,0.8972,0.6304,0,0,0.743,0.873,0.743,59853900,0.742,51259900,0.741,42365900,0.740,25258400,0.739,32818700,0.744,22331500,0.745,164701000,0.746,114453700,0.747,69642100,0.748,60821100,269971,0,1
sh513130,09:39:01,1767577145565,09:35:34,1767576874597,0.744,0.7449,-0.1208,5744.63,0.8972,0.6304,1610800,1197066,0.7431,0.996,0.743,50065200,0.742,48250200,0.741,43355900,0.740,25261700,0.739,32868700,0.744,23847500,0.745,165403100,0.746,113489000,0.747,69446800,0.748,60821100,270967,0,0
sh513130,09:39:04,1767577146572,09:35:34,1767576874597,0.743,0.7449,-0.2551,5744.63,0.8972,0.9808,967300,718813,0.7431,1.007,0.743,50296600,0.742,48280200,0.741,42355900,0.740,25271700,0.739,32868700,0.744,27816700,0.745,165602400,0.746,113609000,0.747,69833200,0.748,60870200,271974,0,0
sh513130,09:39:04,1767577147568,09:35:34,1767576874597,0.743,0.7449,-0.2551,5744.63,0.8972,1.6417,0,0,0.743,0.996,0.743,50296600,0.742,48280200,0.741,42355900,0.740,25271700,0.739,32868700,0.744,27816700,0.745,165602400,0.746,113609000,0.747,69833200,0.748,60870200,272970,0,0
sh513130,09:39:04,1767577148559,09:35:34,1767576874597,0.743,0.7449,-0.2551,5744.63,0.8972,1.6417,0,0,0.743,0.991,0.743,50296600,0.742,48280200,0.741,42355900,0.740,25271700,0.739,32868700,0.744,27816700,0.745,165602400,0.746,113609000,0.747,69833200,0.748,60870200,273962,0,0
sh513130,09:39:04,1767577149564,09:35:34,1767576874597,0.743,0.7449,-0.2551,5744.63,0.8972,3.1574,0,0,0.743,1.005,0.743,50296600,0.742,48280200,0.741,42355900,0.740,25271700,0.739,32868700,0.744,27816700,0.745,165602400,0.746,113609000,0.747,69833200,0.748,60870200,274966,0,0
sh513130,09:39:07,1767577150578,09:35:34,1767576874597,0.744,0.7456,-0.2146,5744.63,0.8972,3.7794,2489700,1852117,0.7439,1.014,0.743,54335500,0.742,48280200,0.741,40365900,0.740,25351900,0.739,33210900,0.744,26581300,0.745,160124700,0.746,120084300,0.747,68442600,0.748,60861200,275980,0,0
sh513130,09:39:07,1767577151565,09:35:34,1767576874597,0.744,0.7456,-0.2146,5744.63,0.8972,3.2551,0,0,0.744,0.987,0.743,54335500,0.742,48280200,0.741,40365900,0.740,25351900,0.739,33210900,0.744,26581300,0.745,160124700,0.746,120084300,0.747,68442600,0.748,60861200,276967,0,0
sh513130,09:39:10,1767577152565,09:35:34,1767576874597,0.743,0.7456,-0.3487,5744.63,0.8972,3.1946,1850400,1376159,0.7437,1.0,0.743,54065300,0.742,48300200,0.741,40365900,0.740,25413200,0.739,33210900,0.744,27552000,0.745,160872600,0.746,120068300,0.747,68588100,0.748,60865300,277967,0,0
sh513130,09:39:10,1767577153563,09:35:34,1767576874597,0.743,0.7456,-0.3487,5744.63,0.8972,2.647,0,0,0.743,0.999,0.743,54065300,0.742,48300200,0.741,40365900,0.740,25413200,0.739,33210900,0.744,27552000,0.745,160872600,0.746,120068300,0.747,68588100,0.748,60865300,278966,0,0
sh513130,09:39:10,1767577154567,09:35:34,1767576874597,0.743,0.7456,-0.3487,5744.63,0.8972,2.8862,0,0,0.743,1.004,0.743,54065300,0.742,48300200,0.741,40365900,0.740,25413200,0.739,33210900,0.744,27552000,0.745,160872600,0.746,120068300,0.747,68588100,0.748,60865300,279969,0,0
sh513130,09:39:13,1767577155552,09:35:34,1767576874597,0.743,0.7456,-0.3487,5744.63,0.8972,2.3615,2124000,1578544,0.7432,0.985,0.743,53305500,0.742,48303500,0.741,40363800,0.740,25483200,0.739,33260900,0.744,28679600,0.745,161384600,0.746,120168700,0.747,69308500,0.748,60814400,280954,0,0
sh513130,09:39:13,1767577156554,09:35:34,1767576874597,0.743,0.7456,-0.3487,5744.63,0.8972,1.7508,0,0,0.743,1.002,0.743,53305500,0.742,48303500,0.741,40363800,0.740,25483200,0.739,33260900,0.744,28679600,0.745,161384600,0.746,120168700,0.747,69308500,0.748,60814400,281957,0,0
sh513130,09:39:13,1767577157553,09:35:34,1767576874597,0.743,0.7456,-0.3487,5744.63,0.8972,1.7508,0,0,0.743,0.999,0.743,53305500,0.742,48303500,0.741,40363800,0.740,25483200,0.739,33260900,0.744,28679600,0.745,161384600,0.746,120168700,0.747,69308500,0.748,60814400,282956,0,0
sh513130,09:39:16,1767577158552,09:35:34,1767576874597,0.744,0.7456,-0.2146,5744.63,0.8972,2.4438,28681600,21338886,0.744,0.999,0.744,32656600,0.743,51192000,0.742,35280900,0.741,37463800,0.740,25523400,0.745,149994200,0.746,114864800,0.747,68603200,0.748,70547200,0.749,51071500,283954,0,0
sh513130,09:39:16,1767577159556,09:35:34,1767576874597,0.744,0.7456,-0.2146,5744.63,0.8972,3.8726,0,0,0.744,1.004,0.744,32656600,0.743,51192000,0.742,35280900,0.741,37463800,0.740,25523400,0.745,149994200,0.746,114864800,0.747,68603200,0.748,70547200,0.749,51071500,284958,0,0
sh513130,09:39:16,1767577160533,09:35:34,1767576874597,0.744,0.7456,-0.2146,5744.63,0.8972,3.278,0,0,0.744,0.977,0.744,32656600,0.743,51192000,0.742,35280900,0.741,37463800,0.740,25523400,0.745,149994200,0.746,114864800,0.747,68603200,0.748,70547200,0.749,51071500,285935,0,0
sh513130,09:39:19,1767577161543,09:35:34,1767576874597,0.744,0.7456,-0.2146,5744.63,0.8972,3.3191,2465900,1834699,0.744,1.01,0.744,46363200,0.743,50439400,0.742,39719300,0.741,32062600,0.740,25523400,0.745,151337000,0.746,114690000,0.747,69589200,0.748,70553200,0.749,51072500,286946,0,0
sh513130,09:39:19,1767577162533,09:35:34,1767576874597,0.744,0.7456,-0.2146,5744.63,0.8972,3.3191,0,0,0.744,0.99,0.744,46363200,0.743,50439400,0.742,39719300,0.741,32062600,0.740,25523400,0.745,151337000,0.746,114690000,0.747,69589200,0.748,70553200,0.749,51072500,287935,0,0
sh513130,09:39:19,1767577163543,09:35:34,1767576874597,0.744,0.7456,-0.2146,5744.63,0.8972,2.7209,0,0,0.744,1.01,0.744,46363200,0.743,50439400,0.742,39719300,0.741,32062600,0.740,25523400,0.745,151337000,0.746,114690000,0.747,69589200,0.748,70553200,0.749,51072500,288946,0,0
sh513130,09:39:19,1767577164553,09:35:34,1767576874597,0.744,0.7456,-0.2146,5744.63,0.8972,2.2213,0,0,0.744,1.009,0.744,46363200,0.743,50439400,0.742,39719300,0.741,32062600,0.740,25523400,0.745,151337000,0.746,114690000,0.747,69589200,0.748,70553200,0.749,51072500,289955,0,0
sh513130,09:39:22,1767577165558,09:35:34,1767576874597,0.744,0.7456,-0.2146,5744.63,0.8972,2.2213,4301600,3200409,0.744,1.005,0.744,46075400,0.743,50449600,0.742,39729300,0.741,32066000,0.740,25580800,0.745,151690200,0.746,114651400,0.747,69570400,0.748,70776900,0.749,51076200,290960,0,0
sh513130,09:39:25,1767577166565,09:35:34,1767576874597,0.744,0.7456,-0.2146,5744.63,0.8972,1.5091,1724100,1282823,0.7441,1.007,0.744,54013700,0.743,51052400,0.742,38201300,0.741,32066000,0.740,25522700,0.745,150928800,0.746,114779800,0.747,70830300,0.748,70630400,0.749,51070700,291967,0,0
sh513130,09:39:22,1767577167554,09:35:34,1767576874597,0.744,0.7456,-0.2146,5744.63,0.8972,1.5091,0,0,0.744,0.989,0.744,46075400,0.743,50449600,0.742,39729300,0.741,32066000,0.740,25580800,0.745,151690200,0.746,114651400,0.747,69570400,0.748,70776900,0.749,51076200,292956,0,1
sh513130,09:39:25,1767577168563,09:35:34,1767576874597,0.744,0.7456,-0.2146,5744.63,0.8972,1.5689,1724100,1282823,0.7441,1.009,0.744,54013700,0.743,51052400,0.742,38201300,0.741,32066000,0.740,25522700,0.745,150928800,0.746,114779800,0.747,70830300,0.748,70630400,0.749,51070700,293965,0,0
sh513130,09:39:25,1767577169567,09:35:34,1767576874597,0.744,0.7456,-0.2146,5744.63,0.8972,1.9922,0,0,0.744,1.005,0.744,54013700,0.743,51052400,0.742,38201300,0.741,32066000,0.740,25522700,0.745,150928800,0.746,114779800,0.747,70830300,0.748,70630400,0.749,51070700,294970,0,0
sh513130,09:39:28,1767577170555,09:35:34,1767576874597,0.744,0.7456,-0.2146,5744.63,0.8972,1.9543,3258500,2424380,0.744,0.987,0.744,15721600,0.743,55691400,0.742,37214300,0.741,32066000,0.740,25542700,0.745,161962400,0.746,114920600,0.747,69852100,0.748,61374100,0.749,51100700,295957,0,0
sh513130,09:39:28,1767577171549,09:35:34,1767576874597,0.744,0.7456,-0.2146,5744.63,0.8972,1.9543,0,0,0.744,0.994,0.744,15721600,0.743,55691400,0.742,37214300,0.741,32066000,0.740,25542700,0.745,161962400,0.746,114920600,0.747,69852100,0.748,61374100,0.749,51100700,296951,0,0
sh513130,09:39:28,1767577172549,09:35:34,1767576874597,0.744,0.7456,-0.2146,5744.63,0.8972,1.8975,0,0,0.744,1.0,0.744,15721600,0.743,55691400,0.742,37214300,0.741,32066000,0.740,25542700,0.745,161962400,0.746,114920600,0.747,69852100,0.748,61374100,0.749,51100700,297951,0,0
sh513130,09:39:28,1767577173554,09:35:34,1767576874597,0.744,0.7456,-0.2146,5744.63,0.8972,2.4077,0,0,0.744,1.005,0.744,15721600,0.743,55691400,0.742,37214300,0.741,32066000,0.740,25542700,0.745,161962400,0.746,114920600,0.747,69852100,0.748,61374100,0.749,51100700,298956,0,0
sh513130,09:39:31,1767577174549,09:35:34,1767576874597,0.744,0.7456,-0.2146,5744.63,0.8972,2.4077,14131500,10513798,0.744,0.995,0.743,65302800,0.742,40383300,0.741,32466000,0.740,25700400,0.739,33804500,0.744,14101400,0.745,168911300,0.746,115361600,0.747,70319100,0.748,60986200,299951,0,0
sh513130,09:39:43,1767577186648,09:40:46,1767577186647,0.744,0.7457,-0.228,5757.62,0.8972,0.4707,0,0,0.744,0.0,0.744,43822400,0.743,51479200,0.742,37284300,0.741,32116300,0.740,26935300,0.745,165401800,0.746,112039800,0.747,71901800,0.748,72519600,0.749,53191100,0,0,1
sh513130,09:39:43,1767577187619,09:40:46,1767577186806,0.744,0.7457,-0.228,5757.62,0.8972,0.0087,0,0,0.744,0.972,0.744,43822400,0.743,51479200,0.742,37284300,0.741,32116300,0.740,26935300,0.745,165401800,0.746,112039800,0.747,71901800,0.748,72519600,0.749,53191100,813,0,0
sh513130,09:39:46,1767577188625,09:40:48,1767577188560,0.744,0.7457,-0.228,5756.72,0.8972,0.5168,1725800,1283996,0.744,1.006,0.744,45795600,0.743,51637900,0.742,37322500,0.741,32116300,0.740,27075300,0.745,153545000,0.746,111977800,0.747,84007000,0.748,73330600,0.749,55307700,65,0,0
sh513130,09:39:46,1767577189629,09:40:48,1767577189119,0.744,0.7457,-0.228,5756.72,0.8972,1.3154,0,0,0.744,1.004,0.744,45795600,0.743,51637900,0.742,37322500,0.741,32116300,0.740,27075300,0.745,153545000,0.746,111977800,0.747,84007000,0.748,73330600,0.749,55307700,510,0,0
sh513130,09:39:46,1767577190630,09:40:50,1767577190517,0.744,0.7457,-0.228,5758.24,0.8972,2.211,0,0,0.744,1.0,0.744,45795600,0.743,51637900,0.742,37322500,0.741,32116300,0.740,27075300,0.745,153545000,0.746,111977800,0.747,84007000,0.748,73330600,0.749,55307700,112,0,0
sh513130,09:39:49,1767577191619,09:40:50,1767577191121,0.745,0.7463,-0.1742,5758.24,0.8972,2.3427,1085700,807825,0.7441,0.989,0.744,44966600,0.743,51764800,0.742,38312500,0.741,32146300,0.740,27098900,0.745,167402500,0.746,112064300,0.747,83080500,0.748,73194600,0.749,57300800,497,0,0
sh513130,09:39:49,1767577192620,09:40:52,1767577192520,0.745,0.7463,-0.1742,5757.25,0.8972,2.0479,0,0,0.745,1.001,0.744,44966600,0.743,51764800,0.742,38312500,0.741,32146300,0.740,27098900,0.745,167402500,0.746,112064300,0.747,83080500,0.748,73194600,0.749,57300800,100,0,0
sh513130,09:39:49,1767577193631,09:40:52,1767577193271,0.745,0.7463,-0.1742,5757.25,0.8972,2.1469,0,0,0.745,1.011,0.744,44966600,0.743,51764800,0.742,38312500,0.741,32146300,0.740,27098900,0.745,167402500,0.746,112064300,0.747,83080500,0.748,73194600,0.749,57300800,359,0,0
sh513130,09:39:52,1767577194626,09:40:54,1767577194543,0.745,0.7463,-0.1742,5760.24,0.8972,2.1254,2838300,2112419,0.7443,0.995,0.744,54470800,0.743,51877200,0.742,38312500,0.741,33146300,0.740,27099900,0.745,168884600,0.746,112141000,0.747,83348700,0.748,73347800,0.749,57292600,83,0,0
sh513130,09:39:52,1767577195621,09:40:54,1767577195431,0.745,0.7463,-0.1742,5760.24,0.8972,4.6563,0,0,0.745,0.994,0.744,54470800,0.743,51877200,0.742,38312500,0.741,33146300,0.740,27099900,0.745,168884600,0.746,112141000,0.747,83348700,0.748,73347800,0.749,57292600,189,0,0
sh513130,09:39:52,1767577196600,09:40:56,1767577196523,0.745,0.7463,-0.1742,5759.8,0.8972,4.5769,0,0,0.745,0.979,0.744,54470800,0.743,51877200,0.742,38312500,0.741,33146300,0.740,27099900,0.745,168884600,0.746,112141000,0.747,83348700,0.748,73347800,0.749,57292600,75,0,0
sh513130,09:39:52,1767577197607,09:40:56,1767577197594,0.745,0.7463,-0.1742,5759.8,0.8972,1.5906,0,0,0.745,1.007,0.744,54470800,0.743,51877200,0.742,38312500,0.741,33146300,0.740,27099900,0.745,168884600,0.746,112141000,0.747,83348700,0.748,73347800,0.749,57292600,12,0,0
sh513130,09:39:55,1767577198609,09:40:58,1767577198543,0.745,0.7463,-0.1742,5761.33,0.8972,1.1315,988700,736110,0.7445,1.002,0.744,64788600,0.743,51941200,0.742,36275600,0.741,33126300,0.740,27099900,0.745,133461500,0.746,117975400,0.747,102367000,0.748,73353200,0.749,57476900,64,0,0
sh513130,09:39:55,1767577199607,09:40:58,1767577198543,0.745,0.7463,-0.1742,5761.33,0.8972,0.9457,0,0,0.745,0.998,0.744,64788600,0.743,51941200,0.742,36275600,0.741,33126300,0.740,27099900,0.745,133461500,0.746,117975400,0.747,102367000,0.748,73353200,0.749,57476900,1062,0,0
sh513130,09:39:58,1767577200609,09:41:00,1767577200572,0.744,0.7463,-0.3082,5760.66,0.8972,1.0148,2052800,1527863,0.7443,1.003,0.744,66997400,0.743,50273700,0.742,35161900,0.741,33126300,0.740,27176900,0.745,131938900,0.746,118002100,0.747,102424900,0.748,72651300,0.749,57526900,37,0,0
sh513130,09:39:58,1767577201614,09:41:00,1767577200795,0.744,0.7463,-0.3082,5760.66,0.8972,1.3336,0,0,0.744,1.005,0.744,66997400,0.743,50273700,0.742,35161900,0.741,33126300,0.740,27176900,0.745,131938900,0.746,118002100,0.747,102424900,0.748,72651300,0.749,57526900,818,0,0
sh513130,09:39:58,1767577202604,09:41:02,1767577202568,0.744,0.7463,-0.3082,5757.45,0.8972,1.2374,0,0,0.744,0.99,0.744,66997400,0.743,50273700,0.742,35161900,0.741,33126300,0.740,27176900,0.745,131938900,0.746,118002100,0.747,102424900,0.748,72651300,0.749,57526900,36,0,0
sh513130,09:39:58,1767577203611,09:41:02,1767577202568,0.744,0.7463,-0.3082,5757.45,0.8972,-0.5412,0,0,0.744,1.006,0.744,66997400,0.743,50273700,0.742,35161900,0.741,33126300,0.740,27176900,0.745,131938900,0.746,118002100,0.747,102424900,0.748,72651300,0.749,57526900,1042,0,0
sh513130,09:40:01,1767577204647,09:41:02,1767577204094,0.744,0.7463,-0.3082,5757.45,0.8972,-0.5304,25948600,19305848,0.744,1.037,0.743,59761000,0.742,37545900,0.741,33112600,0.740,27186900,0.739,34610800,0.744,2552800,0.745,178749800,0.746,110995100,0.747,103019800,0.748,63861000,553,0,0
sh513130,09:40:01,1767577205596,09:41:04,1767577204665,0.744,0.7463,-0.3082,5757.14,0.8972,5.222,0,0,0.744,0.948,0.743,59761000,0.742,37545900,0.741,33112600,0.740,27186900,0.739,34610800,0.744,2552800,0.745,178749800,0.746,110995100,0.747,103019800,0.748,63861000,930,0,0
sh513130,09:40:01,1767577206678,09:41:06,1767577206554,0.744,0.7463,-0.3082,5759.15,0.8972,5.2158,0,0,0.744,1.082,0.743,59761000,0.742,37545900,0.741,33112600,0.740,27186900,0.739,34610800,0.744,2552800,0.745,178749800,0.746,110995100,0.747,103019800,0.748,63861000,123,0,0
sh513130,09:40:04,1767577207623,09:41:06,1767577206554,0.745,0.7463,-0.1742,5759.15,0.8972,7.23,10868200,8086057,0.744,0.946,0.744,68746300,0.743,50261600,0.742,38335900,0.741,34102600,0.740,26916500,0.745,173101500,0.746,111238400,0.747,82108700,0.748,73894200,0.749,59068400,1069,0,0
sh513130,09:40:04,1767577208595,09:41:08,1767577208567,0.745,0.7463,-0.1742,5759.12,0.8972,6.4513,0,0,0.745,0.972,0.744,68746300,0.743,50261600,0.742,38335900,0.741,34102600,0.740,26916500,0.745,173101500,0.746,111238400,0.747,82108700,0.748,73894200,0.749,59068400,28,0,0
sh513130,09:40:04,1767577209587,09:41:08,1767577208567,0.745,0.7463,-0.1742,5759.12,0.8972,6.3609,0,0,0.745,0.991,0.744,68746300,0.743,50261600,0.742,38335900,0.741,34102600,0.740,26916500,0.745,173101500,0.746,111238400,0.747,82108700,0.748,73894200,0.749,59068400,1019,0,0
sh513130,09:40:07,1767577210585,09:41:10,1767577210570,0.744,0.7463,-0.3082,5761.22,0.8972,4.4808,870200,647475,0.7441,0.999,0.744,67112300,0.743,52262900,0.742,38402900,0.741,33112600,0.740,26911000,0.745,137764300,0.746,118784600,0.747,101174800,0.748,73843300,0.749,59068400,15,0,0
sh513130,09:40:07,1767577211585,09:41:10,1767577210570,0.744,0.7463,-0.3082,5761.22,0.8972,3.2908,0,0,0.744,0.999,0.744,67112300,0.743,52262900,0.742,38402900,0.741,33112600,0.740,26911000,0.745,137764300,0.746,118784600,0.747,101174800,0.748,73843300,0.749,59068400,1014,0,0
sh513130,09:40:07,1767577212580,09:41:12,1767577212531,0.744,0.7463,-0.3082,5761.28,0.8972,2.4997,0,0,0.744,0.995,0.744,67112300,0.743,52262900,0.742,38402900,0.741,33112600,0.740,26911000,0.745,137764300,0.746,118784600,0.747,101174800,0.748,73843300,0.749,59068400,47,0,0
sh513130,09:40:10,1767577213586,09:41:12,1767577212738,0.744,0.7463,-0.3082,5761.28,0.8972,1.4374,2338200,1740705,0.7445,1.006,0.744,70573400,0.743,52241900,0.742,37419100,0.741,33107300,0.740,26925500,0.745,135049900,0.746,123861300,0.747,102669700,0.748,73661100,0.749,59150600,848,0,0
sh513130,09:40:10,1767577214586,09:41:14,1767577214510,0.744,0.7463,-0.3082,5760.83,0.8972,1.409,0,0,0.744,0.999,0.744,70573400,0.743,52241900,0.742,37419100,0.741,33107300,0.740,26925500,0.745,135049900,0.746,123861300,0.747,102669700,0.748,73661100,0.749,59150600,75,0,0
sh513130,09:40:10,1767577215575,09:41:14,1767577214914,0.744,0.7463,-0.3082,5760.83,0.8972,2.8195,0,0,0.744,0.99,0.744,70573400,0.743,52241900,0.742,37419100,0.741,33107300,0.740,26925500,0.745,135049900,0.746,123861300,0.747,102669700,0.748,73661100,0.749,59150600,661,0,0
