symbol,tx_server_time,tx_local_time,index_price,fx_rate,sentiment,price,iopv,premium_rate,tick_vol,tick_amt,tick_vwap,bp1,bv1,bp2,bv2,bp3,bv3,bp4,bv4,bp5,bv5,sp1,sv1,sp2,sv2,sp3,sv3,sp4,sv4,sp5,sv5,idx_delay_ms,fut_delay_ms,data_flags
sh513130,09:30:28,1769131833059,5808.53,0.8941,3.5888,0.749,0.752,-0.3989,0,0,0.749,0.749,9702900,0.748,31931500,0.747,37959200,0.746,35625900,0.745,23571100,0.750,9495000,0.751,79708500,0.752,67177200,0.753,54599200,0.754,42909900,647,99999,1
sh513130,09:30:31,1769131834053,5808.53,0.8941,4.0813,0.749,0.752,-0.3989,7138400,5349750,0.7494,0.749,10716500,0.748,32330900,0.747,41979700,0.746,35661900,0.745,20667300,0.750,18129000,0.751,74298500,0.752,67685300,0.753,56542900,0.754,42824000,308,99999,0
sh513130,09:30:34,1769131837048,5810.66,0.8941,3.9682,0.749,0.752,-0.3989,3875000,2903401,0.7493,0.749,8046100,0.748,26444900,0.747,41592500,0.746,35706900,0.745,25719000,0.750,17566700,0.751,71471300,0.752,83317300,0.753,71660500,0.754,57839900,641,99999,0
sh513130,09:30:37,1769131840045,5810.79,0.8941,3.3805,0.749,0.7513,-0.3061,5841800,4375842,0.7491,0.749,5056900,0.748,39111000,0.747,46560500,0.746,35727200,0.745,26100300,0.750,27879800,0.751,90144900,0.752,98404200,0.753,71913000,0.754,58055200,1649,99999,0
sh513130,09:30:40,1769131843044,5810.78,0.8941,1.8286,0.749,0.7513,-0.3061,9185700,6882432,0.7493,0.749,25800,0.748,39093000,0.747,43570700,0.746,31280500,0.745,21237000,0.750,72801300,0.751,93324300,0.752,98868400,0.753,72083400,0.754,43603400,633,99999,0
sh513130,09:30:43,1769131846044,5809.86,0.8941,1.8159,0.749,0.7507,-0.2265,2722200,2038480,0.7488,0.748,35777200,0.747,39596000,0.746,35285700,0.745,21543200,0.744,20520800,0.749,2483100,0.750,78533400,0.751,93656900,0.752,85930400,0.753,58170800,1453,99999,0
sh513130,09:30:46,1769131848051,5809.42,0.8941,5.7291,0.749,0.7513,-0.3061,15057200,11285091,0.7495,0.748,23992400,0.747,39599100,0.746,36480300,0.745,21596500,0.744,20532900,0.749,1207800,0.750,51169300,0.751,94343600,0.752,86705500,0.753,56607800,1381,99999,0
sh513130,09:30:49,1769131852051,5810.43,0.8941,4.4192,0.749,0.7513,-0.3061,2375800,1779171,0.7489,0.748,40817500,0.747,39599300,0.746,36490700,0.745,22761100,0.744,20546600,0.749,7310700,0.750,92757600,0.751,110111300,0.752,87542300,0.753,50049700,1069,99999,0
sh513130,09:30:52,1769131855043,5808.34,0.8941,3.0539,0.749,0.7513,-0.3061,2914600,2182492,0.7488,0.748,43038100,0.747,39657500,0.746,36646700,0.745,21192300,0.744,20544600,0.749,17117200,0.750,95288900,0.751,111657600,0.752,102732600,0.753,50154600,633,99999,0
sh513130,09:30:55,1769131857048,5808.15,0.8941,2.8283,0.748,0.7513,-0.4392,15343000,11491396,0.749,0.748,43878600,0.747,39625100,0.746,36651300,0.745,21244900,0.744,20572100,0.749,13841100,0.750,95059500,0.751,110753600,0.752,102563400,0.753,49485500,633,99999,0
sh513130,09:30:58,1769131860052,5810.03,0.8941,2.6321,0.748,0.7513,-0.4392,3755300,2810614,0.7484,0.748,42959300,0.747,39668800,0.746,36714900,0.745,21264100,0.744,20690300,0.749,12552000,0.750,114368200,0.751,119550300,0.752,103432800,0.753,49303700,441,99999,0
sh513130,09:31:01,1769131863047,5811.44,0.8941,1.7763,0.748,0.7513,-0.4392,19175100,14361614,0.749,0.748,49396300,0.747,39629200,0.746,36919900,0.745,21301200,0.744,20690300,0.749,84300,0.750,96175300,0.751,120795600,0.752,103352500,0.753,66427200,631,99999,0
sh513130,09:31:04,1769131866051,5812.41,0.8941,5.4991,0.749,0.7513,-0.3061,8140500,6098035,0.7491,0.749,6924900,0.748,51914800,0.747,39885500,0.746,35931900,0.745,21302400,0.750,96925500,0.751,121001500,0.752,100261200,0.753,66528100,0.754,45436700,1651,99999,0
sh513130,09:31:07,1769131871049,5813.93,0.8941,5.3188,0.749,0.7513,-0.3061,14541400,10891002,0.749,0.748,49597800,0.747,39925500,0.746,37046200,0.745,21312400,0.744,20698300,0.750,110486500,0.751,122297700,0.752,97234700,0.753,51343000,0.754,44470600,608,99999,0
sh513130,09:31:10,1769131873057,5812.84,0.8941,4.6245,0.749,0.7513,-0.3061,4150100,3108324,0.749,0.749,29182600,0.748,47488700,0.747,39925500,0.746,34046200,0.745,21600900,0.750,85546900,0.751,121723700,0.752,107002400,0.753,66354300,0.754,45510600,502,99999,0
sh513130,09:31:13,1769131875085,5814.47,0.8941,2.2184,0.749,0.7507,-0.2265,4967800,3722203,0.7493,0.749,22439000,0.748,43488600,0.747,40454300,0.746,35046200,0.745,21601500,0.750,87141800,0.751,121909500,0.752,107095300,0.753,66634400,0.754,45617000,377,99999,0
sh513130,09:31:16,1769131878076,5816.68,0.8941,6.2724,0.749,0.7507,-0.2265,3249900,2435272,0.7493,0.749,21659600,0.748,44807500,0.747,40505900,0.746,33066200,0.745,21611900,0.750,89981600,0.751,121966400,0.752,107198300,0.753,66717900,0.754,45703400,1215,99999,0
sh513130,09:31:19,1769131881082,5812.73,0.8941,5.6064,0.748,0.7513,-0.4392,2014900,1510097,0.7495,0.748,39222100,0.747,40491900,0.746,35058800,0.745,21814600,0.744,20700600,0.749,1116700,0.750,116206400,0.751,123089600,0.752,98021000,0.753,51833900,676,99999,0
sh513130,09:31:22,1769131885075,5813.75,0.8941,8.0921,0.749,0.7513,-0.3061,10545500,7899366,0.7491,0.749,4486300,0.748,33964900,0.747,40328700,0.746,35058800,0.745,21816600,0.750,100808000,0.751,123836200,0.752,98491200,0.753,67007900,0.754,46922700,662,99999,0
sh513130,09:31:25,1769131888080,5815.34,0.8941,7.2649,0.749,0.7513,-0.3061,3182000,2384102,0.7492,0.748,38672200,0.747,40328700,0.746,34068800,0.745,24048000,0.744,20705600,0.749,34600,0.750,91423700,0.751,125035700,0.752,108505400,0.753,66515000,469,99999,0
sh513130,09:31:28,1769131891087,5816.04,0.8941,4.317,0.749,0.7514,-0.3194,6771900,5073091,0.7491,0.749,1789200,0.748,38967300,0.747,42137600,0.746,33068800,0.745,24028000,0.750,92002800,0.751,125275500,0.752,109027400,0.753,66525400,0.754,47245800,702,99999,0
sh513130,09:31:31,1769131894093,5814.89,0.8941,3.9949,0.749,0.7514,-0.3194,12370700,9270579,0.7494,0.749,1667400,0.748,39138800,0.747,43137600,0.746,34089500,0.745,24025700,0.750,89308900,0.751,125841400,0.752,108701000,0.753,67718500,0.754,48358400,12,99999,0
sh513130,09:31:34,1769131897094,5813.71,0.8941,4.6769,0.749,0.7514,-0.3194,9476000,7101814,0.7495,0.748,42321000,0.747,43157600,0.746,34099600,0.745,24039800,0.744,20790600,0.749,245400,0.750,97603500,0.751,125863600,0.752,98782200,0.753,66998100,705,99999,0
sh513130,09:31:37,1769131901094,5812.88,0.8941,5.4814,0.749,0.7514,-0.3194,15600800,11685990,0.7491,0.749,682200,0.748,44879500,0.747,43183600,0.746,34103100,0.745,25070500,0.750,102047800,0.751,125202100,0.752,99312200,0.753,52064700,0.754,48409400,548,99999,0
sh513130,09:31:40,1769131902095,5812.88,0.8941,6.561,0.749,0.7514,-0.3194,5459600,4091074,0.7493,0.749,3207000,0.748,44320600,0.747,43328800,0.746,34113100,0.745,24070500,0.750,87087900,0.751,126773900,0.752,99503700,0.753,52217600,0.754,48444400,1551,99999,0
sh513130,09:31:43,1769131905088,5810.94,0.8941,4.3047,0.749,0.7514,-0.3194,7854700,5883997,0.7491,0.748,44446500,0.747,43328800,0.746,35103100,0.745,25085500,0.744,20790600,0.749,698100,0.750,83314500,0.751,127003500,0.752,99581700,0.753,52781600,219,99999,0
sh513130,09:31:46,1769131909090,5810.38,0.8941,5.0827,0.749,0.7514,-0.3194,4686500,3510118,0.749,0.748,56394300,0.747,42328800,0.746,34103100,0.745,24135500,0.744,21184200,0.749,800000,0.750,99685000,0.751,126998200,0.752,99952400,0.753,52769700,697,99999,0
sh513130,09:31:49,1769131912088,5809.9,0.8941,3.3547,0.749,0.7514,-0.3194,321500,240770,0.7489,0.748,61594600,0.747,47328800,0.746,34103100,0.745,24139500,0.744,21218400,0.749,5074200,0.750,99771500,0.751,127043100,0.752,101204900,0.753,52901400,753,99999,0
sh513130,09:31:52,1769131915094,5808.68,0.8941,2.8765,0.749,0.7514,-0.3194,7523100,5634094,0.7489,0.749,10500,0.748,61090200,0.747,47603000,0.746,34103100,0.745,24129500,0.750,100580600,0.751,127017200,0.752,101063700,0.753,52848600,0.754,47637100,664,99999,0
sh513130,09:31:55,1769131919091,5806.42,0.8941,2.9749,0.748,0.7514,-0.4525,5615700,4206992,0.7491,0.748,58123000,0.747,47679000,0.746,34105000,0.745,24326500,0.744,21232300,0.749,1487500,0.750,101695500,0.751,127378900,0.752,101480500,0.753,53695600,692,99999,0
sh513130,09:31:58,1769131922098,5807.06,0.8941,1.4315,0.749,0.7514,-0.3194,1153300,863729,0.7489,0.748,61295300,0.747,47679000,0.746,34177000,0.745,24326500,0.744,21232300,0.749,32945500,0.750,99986700,0.751,127544400,0.752,101236600,0.753,50703100,1695,99999,0
sh513130,09:32:01,1769131924106,5807.89,0.8941,6.8557,0.748,0.7514,-0.4525,1233100,923341,0.7488,0.748,62723000,0.747,47585300,0.746,34260000,0.745,24326500,0.744,21232300,0.749,35495400,0.750,102069100,0.751,128994700,0.752,102232600,0.753,49727100,840,99999,0
sh513130,09:32:04,1769131926107,5809.45,0.8941,6.2621,0.748,0.7514,-0.4525,1555800,1163992,0.7482,0.748,62018400,0.747,47585300,0.746,37260000,0.745,24426700,0.744,21232300,0.749,31578200,0.750,106327500,0.751,128193300,0.752,100543900,0.753,52797200,1706,99999,0
sh513130,09:32:07,1769131930105,5807.77,0.8941,4.9476,0.748,0.7507,-0.3597,9207400,6895827,0.7489,0.748,62245400,0.747,47605400,0.746,37388600,0.745,24397700,0.744,21232300,0.749,4631400,0.750,106398400,0.751,128193400,0.752,100552900,0.753,52839800,1513,99999,0
sh513130,09:32:10,1769131933125,5807.81,0.8941,3.1827,0.748,0.7507,-0.3597,5968000,4469635,0.7489,0.748,62843100,0.747,47564900,0.746,37888600,0.745,24397700,0.744,21234900,0.749,23021500,0.750,109258800,0.751,129013900,0.752,100482700,0.753,51105800,211,99999,0
sh513130,09:32:13,1769131935108,5808.92,0.8941,3.8837,0.748,0.7501,-0.28,580600,434359,0.7481,0.748,63304300,0.747,47614900,0.746,39088300,0.745,24712700,0.744,21311900,0.749,41641900,0.750,109363800,0.751,129903300,0.752,100239300,0.753,50169800,41,99999,0
sh513130,09:32:16,1769131938088,5808.26,0.8941,2.7199,0.748,0.7494,-0.1868,2170200,1623951,0.7483,0.748,61787100,0.747,47619200,0.746,39088300,0.745,24712700,0.744,21311900,0.749,15740600,0.750,92621800,0.751,130023300,0.752,100302500,0.753,53259800,864,99999,0
sh513130,09:32:19,1769131942089,5807.7,0.8941,2.6318,0.748,0.7494,-0.1868,11243600,8420479,0.7489,0.748,60932600,0.747,47732100,0.746,39092300,0.745,24712700,0.744,21391900,0.749,2376000,0.750,108916800,0.751,129830100,0.752,100258200,0.753,53264800,555,99999,0
sh513130,09:32:22,1769131943094,5808.66,0.8941,4.153,0.748,0.7494,-0.1868,1056600,790634,0.7483,0.748,56284700,0.747,42730600,0.746,39091200,0.745,24732700,0.744,21391900,0.749,24904400,0.750,110358200,0.751,129622900,0.752,100173500,0.753,52395400,677,99999,0
sh513130,09:32:19,1769131944091,5808.66,0.8941,4.1323,0.748,0.7494,-0.1868,0,0,0.748,0.748,60932600,0.747,47732100,0.746,39092300,0.745,24712700,0.744,21391900,0.749,2376000,0.750,108916800,0.751,129830100,0.752,100258200,0.753,53264800,406,99999,2
sh513130,09:32:22,1769131946088,5807.97,0.8941,5.6421,0.748,0.7494,-0.1868,0,0,0.748,0.748,56284700,0.747,42730600,0.746,39091200,0.745,24732700,0.744,21391900,0.749,24904400,0.750,110358200,0.751,129622900,0.752,100173500,0.753,52395400,259,99999,0
sh513130,09:32:25,1769131948090,5807.35,0.8941,4.5422,0.748,0.7494,-0.1868,1581800,1183336,0.7481,0.748,45866700,0.747,42943500,0.746,39291200,0.745,24732700,0.744,21391900,0.749,16966500,0.750,110526200,0.751,130407200,0.752,100053200,0.753,52352200,100,99999,0
sh513130,09:32:28,1769131952086,5808.01,0.8941,3.3067,0.748,0.7494,-0.1868,866600,648321,0.7481,0.748,50464700,0.747,42945400,0.746,39293200,0.745,24782700,0.744,21391900,0.749,42211600,0.750,110886900,0.751,131441100,0.752,100204900,0.753,51429100,1683,99999,0
sh513130,09:32:31,1769131954075,5809.31,0.8941,3.1485,0.748,0.7494,-0.1868,570500,426778,0.7481,0.748,51698200,0.747,42945300,0.746,39293200,0.745,24784700,0.744,21391900,0.749,22937200,0.750,96585100,0.751,132339600,0.752,100247300,0.753,66332000,1681,99999,0
sh513130,09:32:34,1769131957084,5807.45,0.8941,4.0604,0.749,0.7494,-0.0534,33397500,25006819,0.7488,0.748,46064000,0.747,43045300,0.746,38309300,0.745,24784700,0.744,21406000,0.749,738900,0.750,112056700,0.751,131825700,0.752,100259500,0.753,51382000,480,99999,0
sh513130,09:32:37,1769131960079,5808.69,0.8941,3.6128,0.748,0.7494,-0.1868,1696000,1269287,0.7484,0.748,46722900,0.747,43040300,0.746,39546800,0.745,24564700,0.744,21406000,0.749,24120100,0.750,111390000,0.751,131984400,0.752,100664600,0.753,51409400,1313,99999,0
sh513130,09:32:40,1769131963071,5810.11,0.8941,3.4866,0.749,0.7494,-0.0534,13032500,9760234,0.7489,0.748,46334500,0.747,43040300,0.746,39571800,0.745,24565200,0.744,21406000,0.749,484800,0.750,96469800,0.751,132697100,0.752,100834400,0.753,66336200,658,99999,0
sh513130,09:32:43,1769131965075,5807.99,0.8941,2.8266,0.748,0.7494,-0.1868,4710500,3528077,0.749,0.748,48098700,0.747,43040300,0.746,36581800,0.745,24627800,0.744,21406000,0.749,80400,0.750,96891100,0.751,133960600,0.752,100266800,0.753,67481600,662,99999,0
sh513130,09:32:46,1769131969075,5809.03,0.8941,3.6825,0.749,0.7501,-0.1466,618500,463084,0.7487,0.748,50544100,0.747,43055300,0.746,39571800,0.745,24742800,0.744,21437500,0.749,4829600,0.750,112076500,0.751,134048900,0.752,100276800,0.753,52482000,675,99999,0
sh513130,09:32:49,1769131972073,5808.5,0.8941,3.2447,0.749,0.7501,-0.1466,7334500,5493475,0.749,0.748,50006200,0.747,43055300,0.746,37621800,0.745,25130400,0.744,21467500,0.749,93600,0.750,97295000,0.751,134678400,0.752,100265000,0.753,67688600,355,99999,0
sh513130,09:32:52,1769131976079,5810.44,0.8941,5.3457,0.748,0.7501,-0.28,1327500,993897,0.7487,0.748,49793900,0.747,43055300,0.746,36621800,0.745,25180700,0.744,21467500,0.749,316500,0.750,97526900,0.751,135513300,0.752,100168200,0.753,67590900,48,99999,0
sh513130,09:32:55,1769131978082,5810.19,0.8941,5.4229,0.749,0.7501,-0.1466,3547600,2657192,0.749,0.749,1749600,0.748,51227600,0.747,44953900,0.746,35621800,0.745,25181000,0.750,88587800,0.751,135971200,0.752,110264700,0.753,67767000,0.754,48493300,1684,99999,0
sh513130,09:32:58,1769131980076,5809.97,0.8941,3.7269,0.749,0.7494,-0.0534,1876500,1405499,0.749,0.749,7485500,0.748,46959300,0.747,44954900,0.746,35622900,0.745,25181000,0.750,99287700,0.751,136910900,0.752,99865100,0.753,67818000,0.754,48452500,1668,99999,0
sh513130,09:33:01,1769131983067,5811.2,0.8941,5.4269,0.749,0.7501,-0.1466,1784000,1336253,0.749,0.749,15675100,0.748,48185600,0.747,45026900,0.746,35624900,0.745,25186000,0.750,90305600,0.751,137440600,0.752,109881600,0.753,67735300,0.754,48519500,560,99999,0
sh513130,09:33:04,1769131987057,5812.65,0.8941,5.9006,0.749,0.7501,-0.1466,2300300,1723018,0.749,0.749,14148900,0.748,48848900,0.747,45076900,0.746,35624900,0.745,25186000,0.750,92089400,0.751,137550300,0.752,109880600,0.753,67747800,0.754,48867100,235,99999,0
sh513130,09:33:07,1769131990072,5813.32,0.8941,5.7579,0.749,0.7507,-0.2265,2077200,1555877,0.749,0.749,19387200,0.748,53962500,0.747,50028300,0.746,35624900,0.745,25207000,0.750,98508500,0.751,143424600,0.752,114555100,0.753,68090800,0.754,48867200,1095,99999,0
sh513130,09:33:10,1769131992079,5812.58,0.8941,4.4287,0.749,0.7507,-0.2265,604500,452866,0.7492,0.749,20239600,0.748,54640500,0.747,50167000,0.746,35624900,0.745,25227000,0.750,108653200,0.751,144386200,0.752,104758300,0.753,68093500,0.754,48867200,945,99999,0
sh513130,09:33:13,1769131995074,5810.77,0.8941,3.0109,0.749,0.7501,-0.1466,1842700,1380336,0.7491,0.749,17931600,0.748,55211800,0.747,50193800,0.746,35625000,0.745,25464500,0.750,108831100,0.751,144432600,0.752,104842500,0.753,67943100,0.754,48949000,594,99999,0
sh513130,09:33:16,1769131999072,5811.57,0.8941,5.0051,0.75,0.7501,-0.0133,899800,674053,0.7491,0.749,18062100,0.748,55898500,0.747,50193800,0.746,35625000,0.745,25564500,0.750,111074600,0.751,145265300,0.752,104803600,0.753,68101000,0.754,49049000,664,99999,0
sh513130,09:33:19,1769132002083,5811.53,0.8941,4.7034,0.749,0.7501,-0.1466,2052600,1538339,0.7495,0.749,18063400,0.748,56409100,0.747,50330600,0.746,35625000,0.745,25664500,0.750,112185700,0.751,146252500,0.752,104935800,0.753,68101000,0.754,49019000,182,99999,0
sh513130,09:33:22,1769132004067,5810.76,0.8941,6.1962,0.75,0.7501,-0.0133,151000,113210,0.7497,0.749,19129000,0.748,56421400,0.747,50361600,0.746,35635000,0.745,25694000,0.750,112748100,0.751,147293600,0.752,104982200,0.753,68361400,0.754,49019000,16,99999,0
sh513130,09:33:19,1769132005063,5810.2,0.8941,5.0408,0.749,0.7501,-0.1466,0,0,0.749,0.749,18063400,0.748,56409100,0.747,50330600,0.746,35625000,0.745,25664500,0.750,112185700,0.751,146252500,0.752,104935800,0.753,68101000,0.754,49019000,580,99999,2
sh513130,09:33:22,1769132006058,5810.2,0.8941,4.13,0.75,0.7501,-0.0133,0,0,0.75,0.749,19129000,0.748,56421400,0.747,50361600,0.746,35635000,0.745,25694000,0.750,112748100,0.751,147293600,0.752,104982200,0.753,68361400,0.754,49019000,1574,99999,0
sh513130,09:33:25,1769132007054,5810.82,0.8941,3.639,0.749,0.7501,-0.1466,500300,374918,0.7494,0.749,19870300,0.748,56051900,0.747,50561600,0.746,35635000,0.745,25674000,0.750,113082200,0.751,147972000,0.752,104997800,0.753,68390300,0.754,49019000,665,99999,0
sh513130,09:33:28,1769132011066,5810.2,0.8941,3.7623,0.75,0.7501,-0.0133,213600,160019,0.7492,0.749,19562600,0.748,54508000,0.747,50879500,0.746,36642000,0.745,25724000,0.750,115071000,0.751,148127900,0.752,105828800,0.753,68399700,0.754,49031000,543,99999,0
sh513130,09:33:31,1769132014068,5811.95,0.8941,6.1979,0.75,0.7494,0.0801,618500,463452,0.7493,0.749,34801800,0.748,49015100,0.747,50379500,0.746,35636500,0.745,25941700,0.750,107064200,0.751,149142000,0.752,116800800,0.753,68458500,0.754,49071500,1384,99999,0
sh513130,09:33:34,1769132015070,5813.78,0.8941,6.1078,0.749,0.7494,-0.0534,1216600,911622,0.7493,0.749,39386400,0.748,49166400,0.747,50405500,0.746,35636500,0.745,25941700,0.750,107764100,0.751,131253600,0.752,116654600,0.753,68498500,0.754,49091500,232,99999,0
sh513130,09:33:37,1769132020075,5814.01,0.8941,2.107,0.75,0.7501,-0.0133,1016900,762056,0.7494,0.749,39576500,0.748,50380100,0.747,50405500,0.746,35636500,0.745,25955700,0.750,108308600,0.751,131278700,0.752,117542400,0.753,68686100,0.754,49148200,909,99999,0
sh513130,09:33:40,1769132023081,5813.88,0.8941,2.3187,0.749,0.7501,-0.1466,573900,429901,0.7491,0.749,40992600,0.748,50383100,0.747,47425800,0.746,35647900,0.745,25965400,0.750,108426500,0.751,131419800,0.752,118596400,0.753,68704500,0.754,49198200,634,99999,0
sh513130,09:33:43,1769132026079,5814.36,0.8941,3.7609,0.749,0.7501,-0.1466,707800,530514,0.7495,0.749,42766600,0.748,50515100,0.747,47462800,0.746,35647900,0.745,25965400,0.750,107931900,0.751,131627100,0.752,119440200,0.753,68668500,0.754,49424900,438,99999,0
sh513130,09:33:46,1769132030085,5812.4,0.8941,1.8298,0.749,0.7501,-0.1466,209800,157209,0.7493,0.749,44151500,0.748,49709000,0.747,47468900,0.746,35692500,0.745,26035400,0.750,110559800,0.751,132184100,0.752,120198400,0.753,68487800,0.754,49470000,128,99999,0
sh513130,09:33:49,1769132031082,5812.24,0.8941,2.1798,0.749,0.7508,-0.2397,1935400,1449923,0.7492,0.749,43585500,0.748,49346500,0.747,47626900,0.746,35692500,0.745,26025000,0.750,106320200,0.751,132257500,0.752,121264700,0.753,68557800,0.754,49412200,680,99999,0
sh513130,09:33:52,1769132035077,5811.64,0.8941,2.5631,0.749,0.7508,-0.2397,1019200,763518,0.7491,0.749,45331700,0.748,49484100,0.747,47626300,0.746,35693000,0.745,26030700,0.750,111829900,0.751,132205000,0.752,122119700,0.753,68571200,0.754,49465700,673,99999,0
sh513130,09:33:55,1769132037075,5811.14,0.8941,2.6739,0.749,0.7508,-0.2397,434200,325216,0.749,0.749,39831500,0.748,55102400,0.747,47687900,0.746,35693600,0.745,26030700,0.750,122875200,0.751,132359000,0.752,112513800,0.753,68574200,0.754,49570700,647,99999,0
sh513130,09:33:58,1769132041083,5811.24,0.8941,4.3207,0.749,0.7508,-0.2397,1039100,778315,0.749,0.749,30322100,0.748,55258500,0.747,47689000,0.746,38693600,0.745,26030700,0.750,123404500,0.751,132258400,0.752,110936800,0.753,68574200,0.754,49570700,330,99999,0
sh513130,09:34:01,1769132044074,5810.57,0.8941,3.3659,0.75,0.7501,-0.0133,472100,353641,0.7491,0.749,38286000,0.748,50395800,0.747,47689000,0.746,35688500,0.745,26031700,0.750,124607500,0.751,132534000,0.752,110489800,0.753,68916600,0.754,49670500,810,99999,0
sh513130,09:34:04,1769132046082,5810.46,0.8941,3.2818,0.75,0.7501,-0.0133,209600,157004,0.7491,0.749,27391100,0.748,57095500,0.747,47689000,0.746,38688500,0.745,26041700,0.750,125107000,0.751,132813700,0.752,110490700,0.753,66573600,0.754,49752500,1003,99999,0
sh513130,09:34:07,1769132050055,5808.57,0.8941,4.4314,0.749,0.7501,-0.1466,8242400,6174423,0.7491,0.749,20169500,0.748,51285000,0.747,42699000,0.746,38688500,0.745,26141900,0.750,129844500,0.751,127915700,0.752,105603700,0.753,51616600,0.754,49762500,652,99999,0
sh513130,09:34:10,1769132053046,5808.8,0.8941,3.1664,0.748,0.7501,-0.28,18187900,13621862,0.749,0.748,51743500,0.747,42730700,0.746,38701900,0.745,26241900,0.744,21989000,0.749,28964200,0.750,139941300,0.751,129051000,0.752,105610200,0.753,47455800,629,99999,0
sh513130,09:34:13,1769132057049,5810.07,0.8941,3.2334,0.749,0.7501,-0.1466,675000,505467,0.7488,0.748,55371300,0.747,42740700,0.746,38701900,0.745,26242000,0.744,21989000,0.749,31570300,0.750,140342600,0.751,129586800,0.752,106317000,0.753,47658300,417,99999,0
sh513130,09:34:16,1769132059051,5810.54,0.8941,3.2771,0.749,0.7501,-0.1466,32892000,24636074,0.749,0.749,41082300,0.748,51002500,0.747,42775700,0.746,35722100,0.745,26242000,0.750,121629200,0.751,129001000,0.752,106831700,0.753,66311600,0.754,49895800,647,99999,0
sh513130,09:34:19,1769132062043,5810.66,0.8941,2.8034,0.749,0.7494,-0.0534,1222300,915517,0.749,0.749,38875600,0.748,57073300,0.747,42785700,0.746,35722100,0.745,26505000,0.750,126313200,0.751,133904300,0.752,106873100,0.753,66385400,0.754,49897100,1637,99999,0
sh513130,09:34:22,1769132064044,5810.45,0.8941,1.8429,0.749,0.7501,-0.1466,1165800,873228,0.749,0.749,16347400,0.748,57242700,0.747,42797500,0.746,35723100,0.745,26500400,0.750,129842300,0.751,131942900,0.752,107199100,0.753,66370400,0.754,49907100,1637,99999,0
sh513130,09:34:25,1769132068067,5811.47,0.8941,2.6255,0.749,0.7501,-0.1466,1492500,1117933,0.749,0.749,14226900,0.748,57700400,0.747,42941200,0.746,37192400,0.745,26500400,0.750,132107900,0.751,132083200,0.752,107418900,0.753,66411400,0.754,49836000,1407,99999,0
sh513130,09:34:28,1769132070059,5811.7,0.8941,2.0064,0.749,0.7501,-0.1466,2160100,1617993,0.749,0.749,15969800,0.748,57674600,0.747,42931200,0.746,37192400,0.745,26501000,0.750,132523400,0.751,132851800,0.752,107439200,0.753,66411600,0.754,49843000,1245,99999,0
sh513130,09:34:31,1769132073051,5809.54,0.8941,3.7416,0.749,0.7501,-0.1466,3128700,2343451,0.749,0.749,8982400,0.748,56321100,0.747,42931200,0.746,38172400,0.745,27001000,0.750,138648600,0.751,138601000,0.752,112505400,0.753,66432600,0.754,49845000,642,99999,0
sh513130,09:34:34,1769132077036,5809.11,0.8941,3.6473,0.749,0.7501,-0.1466,11379800,8523470,0.749,0.748,58624500,0.747,42881200,0.746,38254400,0.745,27046200,0.744,22180400,0.749,1599300,0.750,151059500,0.751,133805200,0.752,107507800,0.753,49917600,559,99999,0
sh513130,09:34:37,1769132080027,5808.08,0.8941,1.8839,0.748,0.7501,-0.28,1055600,790635,0.749,0.748,61496300,0.747,42908200,0.746,37314400,0.745,27051200,0.744,22180400,0.749,88105800,0.750,149167200,0.751,132977400,0.752,97390700,0.753,47796600,431,99999,0
sh513130,09:34:40,1769132082038,5808.96,0.8941,1.0458,0.749,0.7501,-0.1466,275600,206423,0.749,0.748,63514100,0.747,42836200,0.746,37244100,0.745,27008000,0.744,22108400,0.749,69288200,0.750,137806700,0.751,133204200,0.752,97401700,0.753,66429200,284,99999,0
sh513130,09:34:43,1769132085028,5809.94,0.8941,3.1471,0.749,0.7494,-0.0534,5555500,4161024,0.749,0.748,64768900,0.747,43447200,0.746,37847100,0.745,27608000,0.744,22708400,0.749,67667700,0.750,140520600,0.751,133355700,0.752,98051700,0.753,67060700,556,99999,0
sh513130,09:34:46,1769132089025,5809.13,0.8941,5.3164,0.749,0.75,-0.1333,1192000,892562,0.7488,0.748,64670100,0.747,43447200,0.746,37879500,0.745,27608000,0.744,22708400,0.749,70340400,0.750,139646200,0.751,133387100,0.752,98036200,0.753,67062700,623,99999,0
sh513130,09:34:49,1769132092036,5808.95,0.8941,3.4343,0.748,0.75,-0.2667,1483000,1110146,0.7486,0.748,63937700,0.747,43450200,0.746,37881500,0.745,27618000,0.744,22708400,0.749,71406000,0.750,151561000,0.751,133384400,0.752,98041400,0.753,52078800,1624,99999,0
sh513130,09:34:52,1769132094021,5808.65,0.8941,3.3408,0.748,0.75,-0.2667,1094000,819196,0.7488,0.748,63913200,0.747,43450200,0.746,37981500,0.745,27631000,0.744,22708400,0.749,73191900,0.750,136092200,0.751,133915900,0.752,98061900,0.753,66881900,1469,99999,0
sh513130,09:34:55,1769132097009,5811.91,0.8941,2.8778,0.748,0.75,-0.2667,8174800,6122466,0.7489,0.748,57644700,0.747,43457200,0.746,36981500,0.745,27631000,0.744,22708400,0.749,65494700,0.750,122542700,0.751,133054900,0.752,113061900,0.753,66863400,137,99999,0
sh513130,09:34:52,1769132098009,5811.91,0.8941,5.4215,0.748,0.75,-0.2667,0,0,0.748,0.748,63913200,0.747,43450200,0.746,37981500,0.745,27631000,0.744,22708400,0.749,73191900,0.750,136092200,0.751,133915900,0.752,98061900,0.753,66881900,1134,99999,2
sh513130,09:34:55,1769132099007,5811.3,0.8941,4.0027,0.748,0.75,-0.2667,0,0,0.748,0.748,57644700,0.747,43457200,0.746,36981500,0.745,27631000,0.744,22708400,0.749,65494700,0.750,122542700,0.751,133054900,0.752,113061900,0.753,66863400,608,99999,0
sh513130,09:34:58,1769132101009,5811.85,0.8941,5.6749,0.749,0.75,-0.1333,68551900,51344275,0.749,0.749,30529400,0.748,62805800,0.747,43517700,0.746,37105700,0.745,27733900,0.750,122488800,0.751,131484000,0.752,113045000,0.753,68144500,0.754,51132400,596,99999,0
sh513130,09:35:01,1769132105012,5812.2,0.8941,4.5638,0.749,0.7501,-0.1466,1671700,1252160,0.749,0.749,26040500,0.748,64152300,0.747,43518900,0.746,43247700,0.745,27733900,0.750,126057900,0.751,133653200,0.752,113552400,0.753,71528700,0.754,51132400,616,99999,0
sh513130,09:35:04,1769132107008,5810.26,0.8941,2.1594,0.749,0.7501,-0.1466,4226500,3165649,0.749,0.749,6057900,0.748,86493800,0.747,52507000,0.746,43247700,0.745,27735900,0.750,177118300,0.751,153613700,0.752,98527600,0.753,56538700,0.754,51132400,611,99999,0
sh513130,09:35:07,1769132110013,5810.48,0.8941,2.1559,0.749,0.7501,-0.1466,5047900,3780852,0.749,0.748,96275000,0.747,53530000,0.746,43247700,0.745,27758900,0.744,22745400,0.749,35428100,0.750,170907900,0.751,153809200,0.752,97705800,0.753,54912600,173,99999,0
sh513130,09:35:10,1769132113020,5809.01,0.8941,2.5207,0.749,0.7501,-0.1466,1219000,913025,0.749,0.748,96719200,0.747,54717100,0.746,43268700,0.745,27760900,0.744,22747400,0.749,36814900,0.750,173698600,0.751,153610800,0.752,97912100,0.753,53005200,617,99999,0
sh513130,09:35:13,1769132115007,5808.06,0.8941,2.2848,0.749,0.7494,-0.0534,162900,121975,0.7488,0.748,92196500,0.747,59919500,0.746,43268700,0.745,27760900,0.744,22752400,0.749,76311100,0.750,173640200,0.751,154445900,0.752,98094600,0.753,53005200,603,99999,0
sh513130,09:35:16,1769132119009,5806.2,0.8941,2.5319,0.749,0.7494,-0.0534,156800,117330,0.7483,0.748,85246300,0.747,59919500,0.746,53282900,0.745,27760900,0.744,22752400,0.749,107462300,0.750,172666000,0.751,140287000,0.752,76661500,0.753,52848200,445,99999,0
sh513130,09:35:19,1769132122010,5806.25,0.8941,3.1223,0.749,0.7494,-0.0534,1118900,837957,0.7489,0.748,85347000,0.747,59919300,0.746,53262900,0.745,27745300,0.744,22766100,0.749,94788000,0.750,174633600,0.751,140291500,0.752,85445800,0.753,52868200,1382,99999,0
sh513130,09:35:22,1769132125011,5804.4,0.8941,0.8556,0.749,0.7494,-0.0534,964400,722139,0.7488,0.748,92016700,0.747,71903300,0.746,54282900,0.745,27890800,0.744,22806400,0.749,110220000,0.750,175392700,0.751,140299700,0.752,66421500,0.753,52868200,73,99999,0
sh513130,09:35:25,1769132128011,5803.18,0.8941,1.1641,0.748,0.7494,-0.1868,6598200,4935600,0.748,0.748,33935100,0.747,73823200,0.746,56282900,0.745,27893800,0.744,25075800,0.749,114155100,0.750,178403500,0.751,140311400,0.752,63406700,0.753,52879300,921,99999,0
sh513130,09:35:28,1769132130010,5802.62,0.8941,1.8994,0.748,0.7494,-0.1868,4925500,3685332,0.7482,0.748,33020600,0.747,78795200,0.746,61282900,0.745,33003800,0.744,25076800,0.749,119640100,0.750,184579400,0.751,145302400,0.752,63464200,0.753,52829100,754,99999,0
sh513130,09:35:31,1769132134023,5803.2,0.8941,0.2843,0.748,0.7494,-0.1868,1420500,1062635,0.7481,0.748,45267300,0.747,78795200,0.746,61332900,0.745,39003800,0.744,25096800,0.749,120974600,0.750,185405100,0.751,144981300,0.752,67464200,0.753,52766100,453,99999,0
sh513130,09:35:34,1769132136023,5804.22,0.8941,2.5618,0.749,0.7494,-0.0534,168400,125982,0.7481,0.748,68699800,0.747,73238300,0.746,61340200,0.745,39003900,0.744,25096800,0.749,102511500,0.750,185884400,0.751,160073100,0.752,85526100,0.753,52216100,297,99999,0
sh513130,09:35:37,1769132139038,5806.43,0.8941,2.4773,0.749,0.7487,0.0401,881700,659862,0.7484,0.748,80527800,0.747,74238300,0.746,60350200,0.745,34003900,0.744,25096800,0.749,104857100,0.750,184591000,0.751,160182700,0.752,86529100,0.753,52216100,610,99999,0
sh513130,09:35:40,1769132142053,5806.83,0.8941,5.119,0.748,0.7487,-0.0935,707900,529601,0.7481,0.748,80862900,0.747,75158300,0.746,60355200,0.745,34010300,0.744,25146800,0.749,106028000,0.750,184721800,0.751,160221700,0.752,86659100,0.753,52162100,1610,99999,0
sh513130,09:35:43,1769132145044,5807.07,0.8941,4.1133,0.748,0.7494,-0.1868,333200,249279,0.7481,0.748,81219900,0.747,75208300,0.746,60425200,0.745,34010300,0.744,25152800,0.749,109171400,0.750,184787200,0.751,160243700,0.752,86573000,0.753,53100100,644,99999,0
sh513130,09:35:40,1769132146044,5807.07,0.8941,3.2711,0.748,0.7487,-0.0935,0,0,0.748,0.748,80862900,0.747,75158300,0.746,60355200,0.745,34010300,0.744,25146800,0.749,106028000,0.750,184721800,0.751,160221700,0.752,86659100,0.753,52162100,1641,99999,2
sh513130,09:35:43,1769132147045,5805.56,0.8941,3.2568,0.748,0.7494,-0.1868,0,0,0.748,0.748,81219900,0.747,75208300,0.746,60425200,0.745,34010300,0.744,25152800,0.749,109171400,0.750,184787200,0.751,160243700,0.752,86573000,0.753,53100100,495,99999,0
sh513130,09:35:46,1769132149046,5805.13,0.8941,2.2397,0.748,0.7494,-0.1868,641100,479620,0.7481,0.748,73825900,0.747,80825500,0.746,61608400,0.745,34030300,0.744,25152800,0.749,129697000,0.750,185142600,0.751,146440200,0.752,83522300,0.753,53118000,349,99999,0
sh513130,09:35:49,1769132151041,5805.21,0.8941,5.7791,0.748,0.7494,-0.1868,1067200,798556,0.7483,0.748,74966200,0.747,80825500,0.746,61749400,0.745,34030300,0.744,25152800,0.749,113136300,0.750,186220100,0.751,160475400,0.752,85602200,0.753,53095500,186,99999,0
sh513130,09:35:52,1769132155046,5805.25,0.8941,1.909,0.749,0.7487,0.0401,1223400,915305,0.7482,0.748,80405300,0.747,75225500,0.746,61838600,0.745,34045300,0.744,25152800,0.749,114339300,0.750,186013800,0.751,161556700,0.752,86626500,0.753,53095500,612,99999,0
sh513130,09:35:55,1769132157039,5805.19,0.8941,2.6843,0.748,0.7487,-0.0935,1316300,984676,0.7481,0.748,74346400,0.747,80846900,0.746,61838600,0.745,34105300,0.744,25152800,0.749,114243000,0.750,186908500,0.751,161451000,0.752,86700000,0.753,53089800,637,99999,0
sh513130,09:35:58,1769132161050,5806.49,0.8941,2.8788,0.748,0.7494,-0.1868,330200,247156,0.7485,0.748,79892100,0.747,75296900,0.746,61838600,0.745,34105300,0.744,25152800,0.749,114734400,0.750,186736600,0.751,161382800,0.752,86524900,0.753,53102800,645,99999,0
sh513130,09:36:01,1769132164051,5806.24,0.8941,4.6974,0.748,0.7487,-0.0935,2646300,1979685,0.7481,0.748,80249400,0.747,75354900,0.746,61158600,0.745,34125300,0.744,25152800,0.749,116104400,0.750,188129800,0.751,160994800,0.752,85515000,0.753,53102800,240,99999,0
sh513130,09:36:04,1769132166042,5805.94,0.8941,3.8205,0.748,0.7487,-0.0935,1055700,789738,0.7481,0.748,80932500,0.747,75354900,0.746,61158600,0.745,34275300,0.744,25192800,0.749,119056100,0.750,190414400,0.751,160995600,0.752,85390200,0.753,53170800,65,99999,0
sh513130,09:36:07,1769132170045,5809.01,0.8941,7.1631,0.748,0.7487,-0.0935,634100,474639,0.7485,0.748,75443300,0.747,70354900,0.746,56159600,0.745,34261300,0.744,25192800,0.749,65054400,0.750,179461200,0.751,155913900,0.752,86367200,0.753,53160800,1640,99999,0
sh513130,09:36:10,1769132173048,5808.85,0.8941,3.9752,0.748,0.7487,-0.0935,2637200,1973633,0.7484,0.748,72974800,0.747,70354400,0.746,56239300,0.745,34261300,0.744,25192800,0.749,76411500,0.750,173342800,0.751,156671200,0.752,86345600,0.753,53111100,596,99999,0
sh513130,09:36:13,1769132176038,5808.95,0.8941,3.7621,0.748,0.75,-0.2667,421100,315054,0.7482,0.748,73949800,0.747,70436900,0.746,56573800,0.745,34302700,0.744,25194200,0.749,76445800,0.750,176416300,0.751,161465000,0.752,91492200,0.753,53225400,1427,99999,0
sh513130,09:36:16,1769132179046,5809.68,0.8941,5.9155,0.749,0.7494,-0.0534,1678600,1256697,0.7487,0.748,72815900,0.747,70513300,0.746,56603800,0.745,34303300,0.744,25194200,0.749,66360000,0.750,179189200,0.751,158336200,0.752,86492200,0.753,53176100,109,99999,0
sh513130,09:36:19,1769132182051,5809.34,0.8941,4.9913,0.748,0.7494,-0.1868,441900,330544,0.748,0.748,73388100,0.747,70526700,0.746,56408800,0.745,34318700,0.744,25232200,0.749,73246200,0.750,180086100,0.751,158783100,0.752,87171900,0.753,53175100,959,99999,0
sh513130,09:36:22,1769132185040,5810.48,0.8941,5.0112,0.748,0.75,-0.2667,1098100,822415,0.7489,0.748,73840000,0.747,69742000,0.746,56408800,0.745,34318700,0.744,25232200,0.749,74024900,0.750,180039800,0.751,159651900,0.752,87201900,0.753,53243500,629,99999,0
sh513130,09:36:25,1769132187050,5810.8,0.8941,5.0135,0.749,0.75,-0.1333,1132300,848001,0.7489,0.748,73944700,0.747,69747000,0.746,56408800,0.745,34318700,0.744,25247200,0.749,74778100,0.750,180722300,0.751,159580200,0.752,87197900,0.753,53328300,619,99999,0
sh513130,09:36:28,1769132191062,5810.67,0.8941,5.5428,0.748,0.75,-0.2667,1179600,883362,0.7489,0.748,75128300,0.747,70267300,0.746,56408800,0.745,34838900,0.744,25247200,0.749,74367400,0.750,180745100,0.751,160362800,0.752,87372500,0.753,53328300,661,99999,0
sh513130,09:36:31,1769132193062,5811.86,0.8941,4.9419,0.749,0.75,-0.1333,1022300,765554,0.7489,0.748,76044700,0.747,70403200,0.746,56428800,0.745,34838900,0.744,25247200,0.749,71724400,0.750,180013700,0.751,161174000,0.752,87372500,0.753,53318300,655,99999,0
sh513130,09:36:34,1769132196069,5811.24,0.8941,3.8087,0.749,0.75,-0.1333,1409100,1054772,0.7485,0.748,76977200,0.747,70354500,0.746,56981500,0.745,34878900,0.744,25261200,0.749,71637300,0.750,165357900,0.751,161017700,0.752,87372500,0.753,68318300,1566,99999,0
sh513130,09:36:37,1769132199069,5810.63,0.8941,6.7612,0.748,0.75,-0.2667,2204000,1650072,0.7487,0.748,77290700,0.747,70364500,0.746,57036500,0.745,35375400,0.744,25261200,0.749,74496400,0.750,180468600,0.751,161091800,0.752,87389000,0.753,53296300,660,99999,0
sh513130,09:36:40,1769132203088,5809.9,0.8941,6.405,0.749,0.75,-0.1333,950600,711902,0.7489,0.748,77215900,0.747,70414500,0.746,57036500,0.745,35375400,0.744,25261200,0.749,74114900,0.750,180592600,0.751,162136500,0.752,87439000,0.753,53165800,439,99999,0
sh513130,09:36:43,1769132205091,5808.97,0.8941,5.105,0.748,0.75,-0.2667,306100,228998,0.7481,0.748,77388000,0.747,70414500,0.746,57036500,0.745,35442600,0.744,25261200,0.749,81198500,0.750,175217600,0.751,162126500,0.752,87464900,0.753,53165800,287,99999,0
sh513130,09:36:46,1769132208090,5809.9,0.8941,3.9202,0.748,0.75,-0.2667,381400,285287,0.748,0.748,80224900,0.747,70424500,0.746,57036500,0.745,35442800,0.744,25261200,0.749,83519400,0.750,174657000,0.751,162999900,0.752,87462400,0.753,53165800,1133,99999,0
sh513130,09:36:49,1769132212088,5809.24,0.8941,2.7757,0.749,0.75,-0.1333,904300,676909,0.7485,0.748,80585300,0.747,70550100,0.746,57035000,0.745,35442800,0.744,25261200,0.749,83906600,0.750,174936800,0.751,163063900,0.752,87464200,0.753,53265800,825,99999,0
sh513130,09:36:52,1769132215093,5807.71,0.8941,4.4914,0.749,0.75,-0.1333,2003200,1499640,0.7486,0.748,80639100,0.747,70550100,0.746,57025000,0.745,34680700,0.744,25261200,0.749,128004900,0.750,175171300,0.751,163863300,0.752,87581600,0.753,53265800,669,99999,0
sh513130,09:36:55,1769132218097,5808.06,0.8941,2.7613,0.749,0.75,-0.1333,73700,55135,0.7481,0.748,81678200,0.747,70550100,0.746,57026000,0.745,34680700,0.744,25182900,0.749,129094600,0.750,176345600,0.751,164695400,0.752,86631200,0.753,53315800,358,99999,0
sh513130,09:36:58,1769132220102,5808.15,0.8941,2.3962,0.749,0.7494,-0.0534,1280200,958683,0.7489,0.748,82841300,0.747,70354500,0.746,57026100,0.745,34680700,0.744,25229100,0.749,117003000,0.750,176865700,0.751,165534600,0.752,86582000,0.753,53315800,177,99999,0
sh513130,09:37:01,1769132224104,5807.31,0.8941,2.3794,0.748,0.7494,-0.1868,1012100,757870,0.7488,0.748,80315600,0.747,70231200,0.746,57087100,0.745,34680700,0.744,25229100,0.749,80795400,0.750,176838900,0.751,166301600,0.752,86582000,0.753,53405800,842,99999,0
sh513130,09:37:04,1769132226121,5808.31,0.8941,3.0792,0.748,0.7494,-0.1868,882800,661170,0.7489,0.748,80304400,0.747,70353100,0.746,57087100,0.745,34680700,0.744,25229100,0.749,80225300,0.750,182559900,0.751,166301600,0.752,86579500,0.753,53405800,1684,99999,0
sh513130,09:37:07,1769132230129,5809.15,0.8941,1.1332,0.748,0.75,-0.2667,1207900,904651,0.7489,0.748,80536800,0.747,70363200,0.746,57087100,0.745,34680700,0.744,25339100,0.749,80190800,0.750,181695000,0.751,165692600,0.752,87504300,0.753,53513300,1546,99999,0
sh513130,09:37:10,1769132233137,5808.64,0.8941,0.9127,0.749,0.75,-0.1333,1215200,910147,0.749,0.748,80717500,0.747,70363200,0.746,57087100,0.745,34680700,0.744,25339100,0.749,80005500,0.750,181506600,0.751,165838900,0.752,87464300,0.753,53509100,242,99999,0
sh513130,09:37:13,1769132235124,5808.49,0.8941,1.4957,0.748,0.7501,-0.28,1600600,1198158,0.7486,0.748,80333600,0.747,70368200,0.746,57097100,0.745,34680700,0.744,25339100,0.749,80243500,0.750,181241000,0.751,165847900,0.752,87524500,0.753,53509100,64,99999,0
sh513130,09:37:10,1769132236123,5808.49,0.8941,1.5016,0.749,0.75,-0.1333,0,0,0.749,0.748,80717500,0.747,70363200,0.746,57087100,0.745,34680700,0.744,25339100,0.749,80005500,0.750,181506600,0.751,165838900,0.752,87464300,0.753,53509100,1063,99999,2
sh513130,09:37:13,1769132237128,5808.0,0.8941,3.6999,0.748,0.7501,-0.28,0,0,0.748,0.748,80333600,0.747,70368200,0.746,57097100,0.745,34680700,0.744,25339100,0.749,80243500,0.750,181241000,0.751,165847900,0.752,87524500,0.753,53509100,734,99999,0
sh513130,09:37:16,1769132239129,5808.51,0.8941,5.8623,0.748,0.75,-0.2667,2124300,1589811,0.7484,0.748,79529000,0.747,70514200,0.746,57310100,0.745,34745700,0.744,25339100,0.749,128814200,0.750,178464400,0.751,165824700,0.752,86534500,0.753,53522000,733,99999,0
sh513130,09:37:19,1769132242124,5807.56,0.8941,4.7069,0.748,0.75,-0.2667,134200,100419,0.7483,0.748,80989800,0.747,71524900,0.746,57315100,0.745,35755700,0.744,25341100,0.749,130632000,0.750,178533800,0.751,165871700,0.752,86998900,0.753,53522000,604,99999,0
sh513130,09:37:22,1769132244129,5806.79,0.8941,5.1218,0.748,0.7494,-0.1868,249200,186407,0.748,0.748,82168300,0.747,71570900,0.746,57460600,0.745,35758700,0.744,25342000,0.749,131962300,0.750,178852500,0.751,165913100,0.752,87019500,0.753,53519000,458,99999,0
sh513130,09:37:25,1769132247115,5806.47,0.8941,5.1191,0.748,0.7494,-0.1868,771300,577032,0.7481,0.748,81317500,0.747,71620200,0.746,57923600,0.745,35743500,0.744,25352000,0.749,133051700,0.750,178984500,0.751,165890900,0.752,86976100,0.753,53375100,712,99999,0
sh513130,09:37:28,1769132250115,5805.26,0.8941,5.0309,0.748,0.7494,-0.1868,539000,403299,0.7482,0.748,71199500,0.747,77522300,0.746,58913600,0.745,35743500,0.744,25349400,0.749,166233600,0.750,178985600,0.751,150859900,0.752,70033100,0.753,53384500,1709,99999,0
sh513130,09:37:31,1769132254123,5805.57,0.8941,3.2134,0.748,0.7494,-0.1868,227300,170083,0.7483,0.748,74209900,0.747,78085400,0.746,58997600,0.745,35743500,0.744,25399800,0.749,153653100,0.750,179015500,0.751,150860500,0.752,83982900,0.753,53185000,1723,99999,0
sh513130,09:37:34,1769132256121,5806.18,0.8941,4.2176,0.749,0.7494,-0.0534,699000,523111,0.7484,0.748,78517200,0.747,78071900,0.746,59098000,0.745,35743800,0.744,25429800,0.749,154785400,0.750,179301600,0.751,151063000,0.752,83990800,0.753,53185000,1569,99999,0
sh513130,09:37:37,1769132259131,5805.11,0.8941,2.8435,0.748,0.7494,-0.1868,289000,216237,0.7482,0.748,76899200,0.747,78071900,0.746,59098000,0.745,36693200,0.744,25429800,0.749,170488100,0.750,179726000,0.751,151048200,0.752,68990600,0.753,53180500,367,99999,0
sh513130,09:37:40,1769132262137,5805.56,0.8941,2.9721,0.748,0.7494,-0.1868,227500,170193,0.7481,0.748,78017600,0.747,77971900,0.746,59232800,0.745,36045000,0.744,25429800,0.749,171163000,0.750,179726000,0.751,151104900,0.752,69020200,0.753,52759600,1215,99999,0
sh513130,09:37:43,1769132266138,5803.93,0.8941,4.7548,0.748,0.7494,-0.1868,706400,528416,0.748,0.748,80852600,0.747,77971900,0.746,59232800,0.745,36045000,0.744,25529800,0.749,154250500,0.750,180814300,0.751,151088900,0.752,87139100,0.753,52759600,901,99999,0
sh513130,09:37:46,1769132268143,5804.3,0.8941,5.2833,0.748,0.7494,-0.1868,270500,202386,0.7482,0.748,81504500,0.747,78100600,0.746,59245800,0.745,37174700,0.744,25729800,0.749,169430000,0.750,180924700,0.751,151217000,0.752,72139100,0.753,52786600,752,99999,0
sh513130,09:37:49,1769132270144,5805.42,0.8941,5.2251,0.748,0.7494,-0.1868,1496200,1120160,0.7487,0.748,87560700,0.747,72500100,0.746,59244800,0.745,37374700,0.744,25730200,0.749,154132900,0.750,181037800,0.751,166217000,0.752,71980500,0.753,52797100,595,99999,0
sh513130,09:37:46,1769132272132,5804.9,0.8941,4.7521,0.748,0.7494,-0.1868,0,0,0.748,0.748,81504500,0.747,78100600,0.746,59245800,0.745,37174700,0.744,25729800,0.749,169430000,0.750,180924700,0.751,151217000,0.752,72139100,0.753,52786600,426,99999,2
sh513130,09:37:49,1769132273134,5804.92,0.8941,4.0285,0.748,0.7494,-0.1868,0,0,0.748,0.748,87560700,0.747,72500100,0.746,59244800,0.745,37374700,0.744,25730200,0.749,154132900,0.750,181037800,0.751,166217000,0.752,71980500,0.753,52797100,735,99999,0
sh513130,09:37:52,1769132274138,5804.92,0.8941,4.8124,0.748,0.7494,-0.1868,139800,104577,0.748,0.748,87589900,0.747,72531600,0.746,59244800,0.745,37374700,0.744,25757300,0.749,154530000,0.750,180949300,0.751,166246700,0.752,72360400,0.753,52803100,267,99999,0
sh513130,09:37:49,1769132275139,5804.27,0.8941,4.1304,0.748,0.7494,-0.1868,0,0,0.748,0.748,87560700,0.747,72500100,0.746,59244800,0.745,37374700,0.744,25730200,0.749,154132900,0.750,181037800,0.751,166217000,0.752,71980500,0.753,52797100,729,99999,2
sh513130,09:37:52,1769132276143,5804.27,0.8941,4.1041,0.748,0.7494,-0.1868,0,0,0.748,0.748,87589900,0.747,72531600,0.746,59244800,0.745,37374700,0.744,25757300,0.749,154530000,0.750,180949300,0.751,166246700,0.752,72360400,0.753,52803100,111,99999,0
sh513130,09:37:55,1769132278137,5803.09,0.8941,4.2562,0.748,0.7494,-0.1868,856400,640617,0.748,0.748,73910700,0.747,78131600,0.746,59244800,0.745,37374700,0.744,25801500,0.749,173763900,0.750,181734500,0.751,151262100,0.752,69139700,0.753,52803100,1715,99999,0
sh513130,09:37:58,1769132281136,5804.29,0.8941,4.8054,0.748,0.7494,-0.1868,463000,346340,0.748,0.748,75401500,0.747,78968100,0.746,59245300,0.745,37374500,0.744,25801500,0.749,175022300,0.750,181283500,0.751,151236500,0.752,69139700,0.753,52803100,709,99999,0
sh513130,09:38:01,1769132283138,5804.43,0.8941,6.8731,0.748,0.7494,-0.1868,415700,310996,0.7481,0.748,87028100,0.747,74204600,0.746,59245300,0.745,38671400,0.744,25801500,0.749,143590300,0.750,181362800,0.751,166260600,0.752,87392800,0.753,52803100,608,99999,0
sh513130,09:38:04,1769132287142,5806.93,0.8941,6.1699,0.748,0.7494,-0.1868,441200,330096,0.7482,0.748,88271700,0.747,75041100,0.746,59286900,0.745,39771400,0.744,25801500,0.749,142248200,0.750,181392800,0.751,166289100,0.752,87496300,0.753,52803100,300,99999,0
sh513130,09:38:07,1769132291131,5808.33,0.8941,6.1382,0.748,0.7494,-0.1868,701900,525041,0.748,0.748,88885100,0.747,75903500,0.746,58296900,0.745,39791400,0.744,25801500,0.749,131442100,0.750,187335800,0.751,167300700,0.752,87457300,0.753,52850200,718,99999,0
sh513130,09:38:10,1769132292139,5808.33,0.8941,5.7078,0.748,0.7494,-0.1868,1481600,1109117,0.7486,0.748,77472800,0.747,72667500,0.746,58296900,0.745,39791400,0.744,25801500,0.749,99577500,0.750,187428100,0.751,168626900,0.752,87295000,0.753,52848200,969,99999,0
sh513130,09:38:13,1769132295143,5808.57,0.8941,4.6919,0.748,0.7494,-0.1868,922900,690378,0.7481,0.748,76986900,0.747,72626200,0.746,58296900,0.745,39791400,0.744,25801500,0.749,96081400,0.750,186453600,0.751,168625400,0.752,88287200,0.753,52922200,742,99999,0
sh513130,09:38:16,1769132299140,5809.74,0.8941,1.7471,0.748,0.75,-0.2667,594100,444391,0.748,0.748,76536300,0.747,72628800,0.746,59286900,0.745,39791400,0.744,25801500,0.749,98372700,0.750,186477900,0.751,168607400,0.752,88305700,0.753,52922200,704,99999,0
sh513130,09:38:19,1769132302155,5808.66,0.8941,1.7673,0.748,0.75,-0.2667,360300,269585,0.7482,0.748,76156900,0.747,72830000,0.746,59180200,0.745,39781400,0.744,25905500,0.749,103005900,0.750,187373600,0.751,168609500,0.752,87315700,0.753,52959200,205,99999,0
sh513130,09:38:22,1769132304162,5808.64,0.8941,3.3276,0.748,0.75,-0.2667,1392600,1041668,0.748,0.748,74832000,0.747,72850000,0.746,59180200,0.745,39831900,0.744,25905500,0.749,134421500,0.750,187365800,0.751,168609500,0.752,87343900,0.753,52959200,50,99999,0
sh513130,09:38:25,1769132307170,5808.23,0.8941,4.479,0.749,0.75,-0.1333,1379000,1031849,0.7483,0.748,73950100,0.747,72798400,0.746,59180200,0.745,40131900,0.744,25905500,0.749,102769600,0.750,187454700,0.751,168653500,0.752,87360900,0.753,52961200,781,99999,0
sh513130,09:38:22,1769132308177,5808.23,0.8941,5.3965,0.748,0.75,-0.2667,0,0,0.748,0.748,74832000,0.747,72850000,0.746,59180200,0.745,39831900,0.744,25905500,0.749,134421500,0.750,187365800,0.751,168609500,0.752,87343900,0.753,52959200,1786,99999,2
sh513130,09:38:25,1769132309190,5809.55,0.8941,5.3103,0.749,0.75,-0.1333,0,0,0.749,0.748,73950100,0.747,72798400,0.746,59180200,0.745,40131900,0.744,25905500,0.749,102769600,0.750,187454700,0.751,168653500,0.752,87360900,0.753,52961200,767,99999,0
sh513130,09:38:28,1769132310184,5809.55,0.8941,4.3698,0.748,0.75,-0.2667,2238100,1674946,0.7484,0.748,72663000,0.747,72801400,0.746,59180200,0.745,40203900,0.744,25905500,0.749,102497900,0.750,187477300,0.751,168588300,0.752,87360900,0.753,52961200,1763,99999,0
sh513130,09:38:31,1769132314194,5808.24,0.8941,3.3215,0.749,0.75,-0.1333,590900,442171,0.7483,0.748,72854600,0.747,72801400,0.746,59480200,0.745,40218400,0.744,25905500,0.749,102685300,0.750,188065500,0.751,168373800,0.752,87366900,0.753,52969000,1443,99999,0
sh513130,09:38:34,1769132316208,5807.56,0.8941,1.6114,0.749,0.75,-0.1333,1143400,855348,0.7481,0.748,72218200,0.747,72803400,0.746,59490200,0.745,40218400,0.744,26586700,0.749,145598600,0.750,188700400,0.751,168338000,0.752,87347500,0.753,52964800,1302,99999,0
sh513130,09:38:37,1769132320202,5810.2,0.8941,5.8701,0.748,0.75,-0.2667,1280900,958961,0.7487,0.748,71832400,0.747,72784200,0.746,59490200,0.745,40218400,0.744,26586700,0.749,103010600,0.750,187613800,0.751,168352900,0.752,87349000,0.753,52970800,985,99999,0
sh513130,09:38:40,1769132322213,5809.34,0.8941,3.8325,0.748,0.75,-0.2667,2337400,1749493,0.7485,0.748,70758700,0.747,72783100,0.746,59504900,0.745,40422400,0.744,26586700,0.749,103705000,0.750,187889600,0.751,168167600,0.752,87387000,0.753,52970800,842,99999,0
sh513130,09:38:43,1769132326211,5810.58,0.8941,7.096,0.748,0.7501,-0.28,1488700,1114765,0.7488,0.748,70525800,0.747,72783100,0.746,59504900,0.745,40422400,0.744,26586700,0.749,98572800,0.750,186157600,0.751,168760700,0.752,88377000,0.753,52974800,516,99999,0
sh513130,09:38:46,1769132328218,5811.09,0.8941,5.3772,0.749,0.7494,-0.0534,1288300,964598,0.7487,0.748,74718200,0.747,72973100,0.746,57653600,0.745,40447700,0.744,26589200,0.749,97576300,0.750,186195700,0.751,168786200,0.752,88377000,0.753,52988000,363,99999,0
sh513130,09:38:49,1769132332222,5812.84,0.8941,3.9783,0.749,0.7494,-0.0534,1086400,813488,0.7488,0.748,75026800,0.747,73023100,0.746,57653600,0.745,40447700,0.744,26589200,0.749,96694000,0.750,186160200,0.751,168841300,0.752,88377000,0.753,52958000,18,99999,0
sh513130,09:38:52,1769132333223,5811.78,0.8941,6.2611,0.748,0.7501,-0.28,384200,287639,0.7487,0.748,78182000,0.747,73018100,0.746,56663600,0.745,40299700,0.744,26592200,0.749,97807100,0.750,156016500,0.751,168893400,0.752,103347000,0.753,67958000,778,99999,0
sh513130,09:38:49,1769132334199,5811.78,0.8941,3.9005,0.749,0.7494,-0.0534,0,0,0.749,0.748,75026800,0.747,73023100,0.746,57653600,0.745,40447700,0.744,26589200,0.749,96694000,0.750,186160200,0.751,168841300,0.752,88377000,0.753,52958000,1754,99999,2
sh513130,09:38:52,1769132335208,5811.8,0.8941,3.8891,0.748,0.7501,-0.28,0,0,0.748,0.748,78182000,0.747,73018100,0.746,56663600,0.745,40299700,0.744,26592200,0.749,97807100,0.750,156016500,0.751,168893400,0.752,103347000,0.753,67958000,784,99999,0
sh513130,09:38:55,1769132337217,5811.81,0.8941,6.2348,0.749,0.7501,-0.1466,1055800,790702,0.7489,0.748,78416500,0.747,72988100,0.746,57653600,0.745,40299700,0.744,26592200,0.749,99867000,0.750,182139700,0.751,169843500,0.752,88349000,0.753,56640600,676,99999,0
sh513130,09:38:52,1769132338215,5811.81,0.8941,5.4187,0.748,0.7501,-0.28,0,0,0.748,0.748,78182000,0.747,73018100,0.746,56663600,0.745,40299700,0.744,26592200,0.749,97807100,0.750,156016500,0.751,168893400,0.752,103347000,0.753,67958000,1673,99999,2
sh513130,09:38:55,1769132339218,5811.15,0.8941,6.6714,0.749,0.7501,-0.1466,0,0,0.749,0.748,78416500,0.747,72988100,0.746,57653600,0.745,40299700,0.744,26592200,0.749,99867000,0.750,182139700,0.751,169843500,0.752,88349000,0.753,56640600,521,99999,0
sh513130,09:38:58,1769132340223,5811.15,0.8941,5.8738,0.749,0.7501,-0.1466,1143900,856674,0.7489,0.748,78846300,0.747,72988100,0.746,57783600,0.745,40469700,0.744,26592200,0.749,101218400,0.750,182134700,0.751,170694700,0.752,88359000,0.753,55016900,1524,99999,0
sh513130,09:39:01,1769132344229,5810.69,0.8941,4.5442,0.748,0.7501,-0.28,2283700,1710069,0.7488,0.748,78592200,0.747,73001100,0.746,57783600,0.745,40492400,0.744,26592200,0.749,99600400,0.750,185847100,0.751,171562300,0.752,88343700,0.753,53059900,967,99999,0
sh513130,09:39:04,1769132347254,5810.74,0.8941,2.7094,0.749,0.7501,-0.1466,3194200,2392428,0.749,0.748,85349800,0.747,78003100,0.746,62788000,0.745,40512400,0.744,26592200,0.749,98216100,0.750,191960700,0.751,177504400,0.752,93393500,0.753,53059900,833,99999,0
sh513130,09:39:07,1769132351238,5811.08,0.8941,5.3258,0.748,0.7501,-0.28,10054000,7530243,0.749,0.748,86344000,0.747,79010100,0.746,63788000,0.745,41532400,0.744,28092200,0.749,85484100,0.750,192997700,0.751,177480500,0.752,93692300,0.753,53079900,825,99999,0
sh513130,09:39:10,1769132352227,5811.08,0.8941,4.5298,0.749,0.7501,-0.1466,5245600,3928767,0.749,0.748,86259100,0.747,79240700,0.746,63786100,0.745,41532400,0.744,28092200,0.749,86326900,0.750,192084900,0.751,177480500,0.752,93733300,0.753,53079900,519,99999,0
sh513130,09:39:13,1769132356226,5811.24,0.8941,2.1769,0.749,0.7501,-0.1466,331700,248160,0.7481,0.748,86596600,0.747,79238700,0.746,63786100,0.745,41532400,0.744,28092200,0.749,86566700,0.750,177174700,0.751,177630400,0.752,93899500,0.753,53089900,204,99999,0
sh513130,09:39:16,1769132360228,5811.5,0.8941,2.5098,0.749,0.7501,-0.1466,77548900,58085101,0.749,0.749,48900000,0.748,83448200,0.747,78238700,0.746,60788700,0.745,41534400,0.750,159327800,0.751,179452800,0.752,109889500,0.753,72712500,0.754,45955400,1837,99999,0
sh513130,09:39:19,1769132362237,5810.96,0.8941,2.2744,0.749,0.75,-0.1333,5448100,4080626,0.749,0.749,1855400,0.748,83459200,0.747,78285600,0.746,61648700,0.745,41551800,0.750,194123600,0.751,180159500,0.752,94904500,0.753,54089900,0.754,45955400,1845,99999,0
sh513130,09:39:22,1769132365237,5810.0,0.8941,3.3541,0.749,0.75,-0.1333,575200,430828,0.749,0.749,29061600,0.748,83522000,0.747,78285600,0.746,63788700,0.745,41551800,0.750,194918900,0.751,180280000,0.752,94927200,0.753,54099900,0.754,45960500,579,99999,0
sh513130,09:39:25,1769132367224,5810.09,0.8941,3.7359,0.749,0.75,-0.1333,5682300,4255843,0.749,0.748,85871400,0.747,80258000,0.746,63788700,0.745,41581900,0.744,28030200,0.749,65541000,0.750,189223700,0.751,180765400,0.752,94027200,0.753,54349900,411,99999,0
sh513130,09:39:28,1769132371240,5808.87,0.8941,1.4303,0.749,0.75,-0.1333,34900,26132,0.7488,0.748,88122800,0.747,80278000,0.746,63788700,0.745,41581300,0.744,28045200,0.749,88515300,0.750,190266500,0.751,180752400,0.752,89823600,0.753,54436000,111,99999,0
sh513130,09:39:31,1769132374232,5807.79,0.8941,3.8403,0.748,0.75,-0.2667,59400,44473,0.7487,0.748,84196800,0.747,85878000,0.746,63788700,0.745,41581800,0.744,28065200,0.749,88614100,0.750,190296200,0.751,180756100,0.752,90770300,0.753,54458100,942,99999,0
sh513130,09:39:34,1769132377240,5807.88,0.8941,2.8031,0.749,0.75,-0.1333,1117800,837127,0.7489,0.748,85598400,0.747,85919300,0.746,63788700,0.745,41281800,0.744,28065200,0.749,89212700,0.750,191866000,0.751,180696200,0.752,92474200,0.753,54560100,832,99999,0
sh513130,09:39:37,1769132379225,5807.64,0.8941,2.4524,0.748,0.7494,-0.1868,155900,116620,0.748,0.748,94701500,0.747,80266700,0.746,63788700,0.745,41281800,0.744,28065200,0.749,89995500,0.750,191687300,0.751,181078900,0.752,93229200,0.753,54550800,829,99999,0
sh513130,09:39:40,1769132382239,5807.84,0.8941,2.4567,0.748,0.7494,-0.1868,154800,115902,0.7487,0.748,96879200,0.747,80271700,0.746,63688700,0.745,41295200,0.744,28065200,0.749,90841800,0.750,191497200,0.751,181573800,0.752,93337100,0.753,54551800,319,99999,0
sh513130,09:39:43,1769132385230,5807.31,0.8941,5.0246,0.749,0.7494,-0.0534,596700,446361,0.748,0.748,98899000,0.747,80258300,0.746,63688700,0.745,41295200,0.744,28065200,0.749,67005300,0.750,191452800,0.751,180201800,0.752,93281200,0.753,54316600,815,99999,0
sh513130,09:39:40,1769132386226,5807.31,0.8941,5.0232,0.748,0.7494,-0.1868,0,0,0.748,0.748,96879200,0.747,80271700,0.746,63688700,0.745,41295200,0.744,28065200,0.749,90841800,0.750,191497200,0.751,181573800,0.752,93337100,0.753,54551800,0,99999,2
sh513130,09:39:43,1769132387228,5806.52,0.8941,4.3073,0.749,0.7494,-0.0534,0,0,0.749,0.748,98899000,0.747,80258300,0.746,63688700,0.745,41295200,0.744,28065200,0.749,67005300,0.750,191452800,0.751,180201800,0.752,93281200,0.753,54316600,622,99999,0
sh513130,09:39:46,1769132389228,5807.66,0.8941,4.0637,0.748,0.7494,-0.1868,255500,191250,0.7485,0.748,100415400,0.747,80260100,0.746,63698700,0.745,41345200,0.744,28062700,0.749,92687100,0.750,191687000,0.751,181173300,0.752,93812200,0.753,54386600,630,99999,0
sh513130,09:39:49,1769132392236,5806.96,0.8941,5.7323,0.748,0.7494,-0.1868,1398200,1046843,0.7487,0.748,98700100,0.747,80348400,0.746,66698700,0.745,41345200,0.744,28112700,0.749,28699200,0.750,191889500,0.751,180213300,0.752,93720600,0.753,54386600,1643,99999,0
sh513130,09:39:52,1769132394229,5806.83,0.8941,4.4775,0.749,0.7494,-0.0534,1065800,798202,0.7489,0.748,98927600,0.747,80464600,0.746,66699600,0.745,41285200,0.744,28162700,0.749,48618200,0.750,189727200,0.751,180728200,0.752,93851600,0.753,54403400,1512,99999,0
sh513130,09:39:55,1769132397235,5806.51,0.8941,3.5756,0.749,0.7494,-0.0534,1036900,776488,0.7489,0.748,99105600,0.747,80764100,0.746,66724700,0.745,41286200,0.744,28217700,0.749,80195100,0.750,189998100,0.751,180784300,0.752,94682600,0.753,54253400,192,99999,0
sh513130,09:39:58,1769132400248,5806.14,0.8941,2.7835,0.748,0.7494,-0.1868,235300,176166,0.7487,0.748,92736900,0.747,86864100,0.746,66730700,0.745,41479200,0.744,28217700,0.749,80981600,0.750,190252000,0.751,180814300,0.752,94621300,0.753,54246800,1051,99999,0
sh513130,09:40:01,1769132405227,5806.01,0.8941,4.2261,0.749,0.7494,-0.0534,237700,178017,0.7489,0.748,99427100,0.747,81304100,0.746,66735200,0.745,41501800,0.744,27217700,0.749,63504200,0.750,191244600,0.751,180884300,0.752,95458300,0.753,54246800,815,99999,0
sh513130,09:40:04,1769132406228,5806.01,0.8941,4.6789,0.748,0.7494,-0.1868,104600,78254,0.7481,0.748,93902600,0.747,86904100,0.746,66735200,0.745,41927900,0.744,28217700,0.749,76470300,0.750,191193300,0.751,180917100,0.752,94450800,0.753,54247800,537,99999,0
sh513130,09:40:07,1769132409225,5803.07,0.8941,4.3936,0.748,0.7494,-0.1868,13857300,10365281,0.748,0.748,30086100,0.747,86980100,0.746,66300200,0.745,42938100,0.744,28486500,0.749,105542100,0.750,190722500,0.751,164934100,0.752,75868700,0.753,54367800,817,99999,0
sh513130,09:40:10,1769132412237,5801.74,0.8941,3.4945,0.748,0.7494,-0.1868,30142500,22546590,0.748,0.747,90127300,0.746,70241500,0.745,47118100,0.744,28666400,0.743,28738000,0.748,46027000,0.749,109720700,0.750,189980200,0.751,160166400,0.752,70051700,65,99999,0
sh513130,09:40:13,1769132416230,5800.63,0.8941,3.8613,0.748,0.7488,-0.1068,1014900,759145,0.748,0.747,91863900,0.746,70324400,0.745,49098100,0.744,28666400,0.743,28738100,0.748,84940800,0.749,105910100,0.750,189551900,0.751,155245100,0.752,70071100,1808,99999,0
sh513130,09:40:16,1769132419227,5799.34,0.8941,4.6183,0.747,0.7488,-0.2404,305100,228082,0.7476,0.747,91635100,0.746,70325400,0.745,49098100,0.744,28666400,0.743,28738100,0.748,86038300,0.749,106457600,0.750,189356300,0.751,155219700,0.752,69922300,590,99999,0
sh513130,09:40:19,1769132422242,5798.76,0.8941,4.1408,0.747,0.7488,-0.2404,173200,129405,0.7471,0.747,92393800,0.746,70312100,0.745,49114400,0.744,28666400,0.743,28738100,0.748,86537400,0.749,108373700,0.750,190296100,0.751,129608000,0.752,69944300,1439,99999,0
sh513130,09:40:22,1769132424241,5798.57,0.8941,4.8023,0.747,0.7487,-0.2271,76000,56780,0.7471,0.747,93237900,0.746,70310100,0.745,49114400,0.744,28666400,0.743,28738100,0.748,91169900,0.749,109620600,0.750,191554200,0.751,117610200,0.752,69801500,1281,99999,0
sh513130,09:40:25,1769132428225,5797.08,0.8941,4.278,0.747,0.7487,-0.2271,1118400,835449,0.747,0.747,92869900,0.746,70310100,0.745,49193500,0.744,28653100,0.743,28738100,0.748,92036800,0.749,113475100,0.750,192436500,0.751,117386100,0.752,69751500,932,99999,0
sh513130,09:40:28,1769132430237,5797.81,0.8941,5.3342,0.748,0.7489,-0.1202,340200,254149,0.7471,0.747,93356400,0.746,70387300,0.745,48857100,0.744,28653700,0.743,28738100,0.748,74710700,0.749,119228300,0.750,192024700,0.751,117362600,0.752,69611500,782,99999,0
sh513130,09:40:31,1769132433251,5797.35,0.8941,4.6893,0.747,0.7489,-0.2537,1073000,802452,0.7479,0.747,93301400,0.746,69404200,0.745,48943000,0.744,34653700,0.743,28748100,0.748,91938900,0.749,114440300,0.750,192805800,0.751,117402600,0.752,69611500,846,99999,0
sh513130,09:40:34,1769132437249,5797.89,0.8941,5.3548,0.747,0.7483,-0.1737,1014500,757907,0.7471,0.747,92690000,0.746,69541000,0.745,48943000,0.744,34697000,0.743,28872700,0.748,93550400,0.749,117608200,0.750,193502300,0.751,117511900,0.752,69697100,858,99999,0
sh513130,09:40:37,1769132440219,5797.68,0.8941,5.4591,0.747,0.7483,-0.1737,783900,585619,0.7471,0.747,85686300,0.746,75253600,0.745,48921700,0.744,35197000,0.743,28892800,0.748,110252100,0.749,120661300,0.750,193363700,0.751,101210100,0.752,69691400,1818,99999,0
sh513130,09:40:40,1769132442217,5797.74,0.8941,6.6632,0.747,0.7483,-0.1737,495100,369851,0.747,0.747,91544700,0.746,70653500,0.745,48570900,0.744,35197000,0.743,28892800,0.748,96388800,0.749,121470200,0.750,194083800,0.751,115693500,0.752,69691400,1773,99999,0
sh513130,09:40:37,1769132443224,5797.98,0.8941,6.6605,0.747,0.7483,-0.1737,0,0,0.747,0.747,85686300,0.746,75253600,0.745,48921700,0.744,35197000,0.743,28892800,0.748,110252100,0.749,120661300,0.750,193363700,0.751,101210100,0.752,69691400,777,99999,2
sh513130,09:40:40,1769132444229,5797.98,0.8941,5.8551,0.747,0.7483,-0.1737,0,0,0.747,0.747,91544700,0.746,70653500,0.745,48570900,0.744,35197000,0.743,28892800,0.748,96388800,0.749,121470200,0.750,194083800,0.751,115693500,0.752,69691400,1783,99999,0
sh513130,09:40:43,1769132446229,5797.03,0.8941,4.1404,0.747,0.7482,-0.1604,743300,555246,0.747,0.747,92834800,0.746,70673500,0.745,51569400,0.744,35207000,0.743,28923100,0.748,73539100,0.749,121606200,0.750,194750800,0.751,115709000,0.752,69431400,1622,99999,0
sh513130,09:40:46,1769132449228,5797.8,0.8941,3.6524,0.747,0.7483,-0.1737,1580600,1180709,0.747,0.747,92435100,0.746,70678500,0.745,51588500,0.744,36181500,0.743,28969300,0.748,87581800,0.749,121784600,0.750,195618100,0.751,116009000,0.752,69446700,305,99999,0
sh513130,09:40:49,1769132451226,5797.2,0.8941,3.0404,0.747,0.7483,-0.1737,625800,467523,0.7471,0.747,91267300,0.746,70739100,0.745,51588500,0.744,38180500,0.743,28969300,0.748,88017000,0.749,122310900,0.750,195590800,0.751,115880200,0.752,69436700,141,99999,0
sh513130,09:40:52,1769132456231,5798.48,0.8941,4.7463,0.748,0.7483,-0.0401,942800,704285,0.747,0.747,91866600,0.746,70915700,0.745,51875300,0.744,38180500,0.743,29050000,0.748,77185400,0.749,122256100,0.750,195795100,0.751,115403300,0.752,69469800,829,99999,0
sh513130,09:40:55,1769132457225,5798.88,0.8941,4.7364,0.747,0.7483,-0.1737,549300,410327,0.747,0.747,92187600,0.746,70915700,0.745,51895300,0.744,38197600,0.743,29050100,0.748,82993700,0.749,123204300,0.750,196636800,0.751,115343000,0.752,69099800,796,99999,0
sh513130,09:40:58,1769132460227,5798.52,0.8941,3.9443,0.747,0.7482,-0.1604,699200,522600,0.7474,0.747,92634800,0.746,70966200,0.745,52908300,0.744,38298800,0.743,29053900,0.748,84553600,0.749,123484400,0.750,196392500,0.751,114658500,0.752,69038900,511,99999,0
sh513130,09:41:01,1769132464228,5798.99,0.8941,1.9284,0.747,0.7482,-0.1604,770200,575362,0.747,0.747,89999400,0.746,70996200,0.745,52911300,0.744,38298800,0.743,29194900,0.748,96712500,0.749,124255800,0.750,197855300,0.751,114672600,0.752,68769000,173,99999,0
sh513130,09:41:04,1769132467228,5796.45,0.8941,4.0244,0.747,0.7482,-0.1604,794800,593718,0.747,0.747,88234100,0.746,72494400,0.745,52911300,0.744,38298800,0.743,29194900,0.748,97394400,0.749,124968800,0.750,197811200,0.751,114725600,0.752,68376400,828,99999,0
sh513130,09:41:07,1769132470226,5795.25,0.8941,3.5025,0.747,0.7482,-0.1604,1994600,1489988,0.747,0.747,82448200,0.746,72548200,0.745,52941800,0.744,38283800,0.743,29194900,0.748,100809500,0.749,125978900,0.750,198581300,0.751,114506100,0.752,68228000,1772,99999,0
sh513130,09:41:10,1769132473242,5797.55,0.8941,5.3679,0.747,0.7482,-0.1604,557100,416157,0.747,0.747,88231500,0.746,73666300,0.745,53248800,0.744,38383800,0.743,29209900,0.748,102711300,0.749,126102100,0.750,199010400,0.751,114317400,0.752,68293000,525,99999,0
sh513130,09:41:13,1769132476238,5797.52,0.8941,4.3323,0.747,0.7482,-0.1604,1210200,904024,0.747,0.747,89010300,0.746,73617700,0.745,53272800,0.744,38383800,0.743,29209900,0.748,104427100,0.749,126274000,0.750,200642500,0.751,114308100,0.752,68293400,1371,99999,0
sh513130,09:41:16,1769132479235,5798.17,0.8941,5.4179,0.747,0.7482,-0.1604,469200,350510,0.747,0.747,89427600,0.746,73732800,0.745,53272800,0.744,39388300,0.743,29214400,0.748,106422400,0.749,125865900,0.750,201546200,0.751,114613100,0.752,68310200,47,99999,0
sh513130,09:41:19,1769132481227,5797.77,0.8941,6.4294,0.747,0.7482,-0.1604,571500,426927,0.747,0.747,89709600,0.746,73740300,0.745,52680200,0.744,39388300,0.743,29214400,0.748,107253800,0.749,125645500,0.750,203461800,0.751,114721600,0.752,68300200,127,99999,0
sh513130,09:41:22,1769132484231,5799.11,0.8941,4.4325,0.747,0.7482,-0.1604,554900,414510,0.747,0.747,90079600,0.746,74194600,0.745,53402500,0.744,39388300,0.743,29214400,0.748,95017100,0.749,125745400,0.750,203804300,0.751,114576400,0.752,68305200,533,99999,0
sh513130,09:41:19,1769132485230,5798.55,0.8941,3.9307,0.747,0.7482,-0.1604,0,0,0.747,0.747,89709600,0.746,73740300,0.745,52680200,0.744,39388300,0.743,29214400,0.748,107253800,0.749,125645500,0.750,203461800,0.751,114721600,0.752,68300200,408,99999,2
sh513130,09:41:22,1769132486231,5798.55,0.8941,4.7993,0.747,0.7482,-0.1604,0,0,0.747,0.747,90079600,0.746,74194600,0.745,53402500,0.744,39388300,0.743,29214400,0.748,95017100,0.749,125745400,0.750,203804300,0.751,114576400,0.752,68305200,573,99999,0
sh513130,09:41:25,1769132488247,5799.3,0.8941,5.8503,0.747,0.7482,-0.1604,730700,545843,0.747,0.747,83488400,0.746,74199700,0.745,53427900,0.744,39388300,0.743,29214400,0.748,78330600,0.749,132036400,0.750,202493700,0.751,114436400,0.752,68304000,428,99999,0
sh513130,09:41:28,1769132490242,5799.11,0.8941,3.6404,0.747,0.7482,-0.1604,388300,290072,0.747,0.747,84033000,0.746,74178200,0.745,53487900,0.744,39418300,0.743,29234600,0.748,67458100,0.749,131891300,0.750,203835700,0.751,114201200,0.752,68804000,237,99999,0
sh513130,09:41:31,1769132494234,5799.98,0.8941,3.318,0.748,0.7482,-0.0267,1560400,1166510,0.7476,0.747,83323800,0.746,75575000,0.745,53518700,0.744,39414300,0.743,29388600,0.748,48167100,0.749,131941800,0.750,203901500,0.751,114253900,0.752,68799100,1847,99999,0
sh513130,09:41:34,1769132497253,5800.63,0.8941,5.1008,0.748,0.7489,-0.1202,538900,402670,0.7472,0.747,82925800,0.746,75635400,0.745,53359000,0.744,39414300,0.743,29448800,0.748,42330000,0.749,133751400,0.750,204103900,0.751,119157900,0.752,68799100,758,99999,0
sh513130,09:41:37,1769132500238,5800.58,0.8941,4.2541,0.747,0.7489,-0.2537,1250700,935334,0.7478,0.747,82002100,0.746,75645300,0.745,53409000,0.744,39395900,0.743,29448800,0.748,51304500,0.749,133150300,0.750,203559600,0.751,119049400,0.752,68795100,1585,99999,0
sh513130,09:41:40,1769132503246,5801.74,0.8941,2.6559,0.748,0.7489,-0.1202,19624500,14678577,0.748,0.747,82842200,0.746,75652100,0.745,53413000,0.744,39395900,0.743,29450800,0.748,21324900,0.749,103902300,0.750,203846800,0.751,132936600,0.752,68898000,281,99999,0
sh513130,09:41:43,1769132506236,5800.97,0.8941,3.5837,0.748,0.7489,-0.1202,28960300,21662452,0.748,0.748,2618900,0.747,83427400,0.746,74622200,0.745,53401900,0.744,39397900,0.749,131226700,0.750,205706000,0.751,118978200,0.752,68582900,0.753,55118800,1107,99999,0
sh513130,09:41:46,1769132509233,5800.95,0.8941,3.0011,0.748,0.7489,-0.1202,3239900,2423423,0.748,0.747,87465300,0.746,75842200,0.745,53401900,0.744,39397900,0.743,30451800,0.748,12780400,0.749,133245800,0.750,205957700,0.751,118988200,0.752,68532900,832,99999,0
sh513130,09:41:49,1769132511232,5800.82,0.8941,2.2001,0.748,0.7489,-0.1202,454700,340061,0.7479,0.747,89091700,0.746,76342200,0.745,53403900,0.744,39397900,0.743,30551800,0.748,15741500,0.749,133608700,0.750,205479400,0.751,118998000,0.752,68532900,811,99999,0
sh513130,09:41:52,1769132514230,5801.08,0.8941,1.0188,0.748,0.7496,-0.2134,936800,700672,0.7479,0.747,89237500,0.746,76380200,0.745,53404900,0.744,39402900,0.743,30551800,0.748,15639100,0.749,133964400,0.750,205021900,0.751,119000200,0.752,68579900,465,99999,0
sh513130,09:41:55,1769132517217,5801.04,0.8941,2.3879,0.748,0.7496,-0.2134,981800,734344,0.748,0.747,94029300,0.746,76385200,0.745,53704900,0.744,39402900,0.743,30620800,0.748,22749700,0.749,134435600,0.750,204878700,0.751,119869500,0.752,68879900,797,99999,0
sh513130,09:41:58,1769132520206,5800.58,0.8941,2.121,0.748,0.7496,-0.2134,1013900,758351,0.748,0.747,94405400,0.746,76388200,0.745,53704900,0.744,39408900,0.743,30622800,0.748,17464100,0.749,134531300,0.750,206285200,0.751,119865100,0.752,68891900,1794,99999,0
sh513130,09:41:55,1769132521205,5800.98,0.8941,2.1217,0.748,0.7496,-0.2134,0,0,0.748,0.747,94029300,0.746,76385200,0.745,53704900,0.744,39402900,0.743,30620800,0.748,22749700,0.749,134435600,0.750,204878700,0.751,119869500,0.752,68879900,803,99999,2
sh513130,09:41:58,1769132522205,5800.98,0.8941,4.7668,0.748,0.7496,-0.2134,0,0,0.748,0.747,94405400,0.746,76388200,0.745,53704900,0.744,39408900,0.743,30622800,0.748,17464100,0.749,134531300,0.750,206285200,0.751,119865100,0.752,68891900,1805,99999,0
sh513130,09:42:01,1769132524203,5800.37,0.8941,6.9968,0.747,0.7496,-0.3469,268400,200562,0.7473,0.747,95173100,0.746,76438200,0.745,53712900,0.744,39524800,0.743,30640800,0.748,40725400,0.749,134361800,0.750,206814300,0.751,119897100,0.752,68885300,944,99999,0
sh513130,09:42:04,1769132527206,5801.12,0.8941,3.1478,0.747,0.749,-0.267,1120000,837480,0.7478,0.747,95392800,0.746,76556000,0.745,53738400,0.744,39529800,0.743,30690800,0.748,64250200,0.749,129362400,0.750,206653500,0.751,114929800,0.752,68885300,453,99999,0
sh513130,09:42:07,1769132529194,5800.65,0.8941,2.7253,0.747,0.7483,-0.1737,1343900,1005153,0.7479,0.747,95280200,0.746,76766000,0.745,53748400,0.744,39536500,0.743,30691800,0.748,46399700,0.749,136152700,0.750,206663200,0.751,114932700,0.752,68897000,276,99999,0
sh513130,09:42:10,1769132533194,5799.98,0.8941,1.0877,0.747,0.7483,-0.1737,12500,9338,0.747,0.747,94250900,0.746,76766000,0.745,53748400,0.744,39538200,0.743,30691800,0.748,77011600,0.749,130661400,0.750,206494900,0.751,113932700,0.752,68897000,777,99999,0
sh513130,09:42:07,1769132534187,5799.98,0.8941,1.0877,0.747,0.7483,-0.1737,0,0,0.747,0.747,95280200,0.746,76766000,0.745,53748400,0.744,39536500,0.743,30691800,0.748,46399700,0.749,136152700,0.750,206663200,0.751,114932700,0.752,68897000,959,99999,2
sh513130,09:42:10,1769132535176,5798.98,0.8941,0.1627,0.747,0.7483,-0.1737,0,0,0.747,0.747,94250900,0.746,76766000,0.745,53748400,0.744,39538200,0.743,30691800,0.748,77011600,0.749,130661400,0.750,206494900,0.751,113932700,0.752,68897000,771,99999,0
sh513130,09:42:13,1769132536186,5798.98,0.8941,0.1594,0.747,0.749,-0.267,135200,101017,0.7472,0.747,96693500,0.746,76826000,0.745,53947000,0.744,39538200,0.743,30691800,0.748,17419600,0.749,136480900,0.750,205413900,0.751,114067900,0.752,68897000,797,99999,0
sh513130,09:42:16,1769132537187,5799.43,0.8941,1.202,0.747,0.749,-0.267,1053900,788153,0.7478,0.747,96673400,0.746,76826000,0.745,53952000,0.744,39549400,0.743,30691800,0.748,22061900,0.749,136669200,0.750,207240000,0.751,119102400,0.752,68888500,781,99999,0
sh513130,09:42:19,1769132542168,5798.99,0.8941,3.3561,0.747,0.749,-0.267,1277600,955234,0.7477,0.747,96248100,0.746,76851300,0.745,54038000,0.744,39574400,0.743,30719600,0.748,17687800,0.749,137216200,0.750,206157200,0.751,119542000,0.752,68833900,295,99999,0
sh513130,09:42:22,1769132544171,5799.54,0.8941,2.8262,0.747,0.749,-0.267,1227400,917905,0.7478,0.747,96424200,0.746,76965300,0.745,54060600,0.744,39574400,0.743,30719600,0.748,18004400,0.749,138826600,0.750,206301000,0.751,119522000,0.752,68839200,142,99999,0
sh513130,09:42:25,1769132546163,5799.85,0.8941,4.1067,0.748,0.749,-0.1335,1063500,795291,0.7478,0.747,96269700,0.746,76965300,0.745,54059100,0.744,39574400,0.743,30709600,0.748,18080400,0.749,138704100,0.750,206323700,0.751,119570700,0.752,67665800,1736,99999,0
sh513130,09:42:28,1769132550157,5799.06,0.8941,4.2144,0.747,0.7483,-0.1737,805700,601968,0.7471,0.747,96348300,0.746,76966300,0.745,54076300,0.744,39574400,0.743,30729600,0.748,73947500,0.749,133462800,0.750,207251500,0.751,119374100,0.752,67760100,1760,99999,0
sh513130,09:42:31,1769132555137,5799.01,0.8941,4.8994,0.748,0.7483,-0.0401,950900,711034,0.7477,0.747,95581500,0.746,76966300,0.745,54226300,0.744,39578500,0.743,30729600,0.748,80066000,0.749,133502900,0.750,208234500,0.751,114393000,0.752,67759900,296,99999,0
sh513130,09:42:34,1769132556142,5799.01,0.8941,2.9138,0.747,0.7483,-0.1737,671500,501745,0.7472,0.747,100281100,0.746,77031100,0.745,57243900,0.744,39578500,0.743,30762600,0.748,81211600,0.749,133606000,0.750,207951900,0.751,114390000,0.752,67761900,1303,99999,0
sh513130,09:42:37,1769132560140,5796.77,0.8941,4.9219,0.747,0.7483,-0.1737,1125100,840617,0.7471,0.747,99160000,0.746,77081200,0.745,57243900,0.744,39578500,0.743,30762600,0.748,82298700,0.749,135191000,0.750,207951900,0.751,114396000,0.752,67783900,981,99999,0
sh513130,09:42:40,1769132561134,5796.23,0.8941,3.8692,0.747,0.7483,-0.1737,352900,263682,0.7472,0.747,85001800,0.746,83392800,0.745,69276700,0.744,39578500,0.743,30772600,0.748,114272100,0.749,136669000,0.750,193203700,0.751,97269000,0.752,67843900,737,99999,0
sh513130,09:42:37,1769132562125,5796.23,0.8941,2.7288,0.747,0.7483,-0.1737,0,0,0.747,0.747,99160000,0.746,77081200,0.745,57243900,0.744,39578500,0.743,30762600,0.748,82298700,0.749,135191000,0.750,207951900,0.751,114396000,0.752,67783900,804,99999,2
sh513130,09:42:40,1769132564125,5795.39,0.8941,2.8093,0.747,0.7483,-0.1737,0,0,0.747,0.747,85001800,0.746,83392800,0.745,69276700,0.744,39578500,0.743,30772600,0.748,114272100,0.749,136669000,0.750,193203700,0.751,97269000,0.752,67843900,643,99999,0
sh513130,09:42:43,1769132565116,5795.29,0.8941,4.5942,0.747,0.749,-0.267,337500,252193,0.7472,0.747,85720300,0.746,83392800,0.745,69276700,0.744,39598500,0.743,30787600,0.748,102979200,0.749,136734800,0.750,206727000,0.751,95289000,0.752,67904900,727,99999,0
sh513130,09:42:46,1769132569087,5794.89,0.8941,2.6833,0.748,0.7483,-0.0401,836400,624794,0.747,0.747,61632500,0.746,96391600,0.745,89264800,0.744,39606500,0.743,30787600,0.748,118493100,0.749,135841200,0.750,192067600,0.751,95449600,0.752,67915700,673,99999,0
sh513130,09:42:49,1769132572079,5794.25,0.8941,3.7775,0.747,0.7483,-0.1737,1390100,1038406,0.747,0.747,95062400,0.746,96418600,0.745,88303700,0.744,39606500,0.743,30897600,0.748,122816100,0.749,136766900,0.750,192011000,0.751,95443700,0.752,67917200,1699,99999,0
sh513130,09:42:52,1769132574081,5794.33,0.8941,5.6351,0.747,0.7483,-0.1737,338300,252710,0.747,0.747,64387100,0.746,96446700,0.745,88303700,0.744,39727200,0.743,30897600,0.748,123591400,0.749,136781900,0.750,192358300,0.751,95446700,0.752,67855400,1652,99999,0
sh513130,09:42:55,1769132579076,5794.99,0.8941,4.2032,0.747,0.7483,-0.1737,325200,243000,0.7472,0.747,84651300,0.746,96496700,0.745,89293700,0.744,44727200,0.743,30904600,0.748,124334500,0.749,137831200,0.750,194304800,0.751,95546700,0.752,67874300,471,99999,0
sh513130,09:42:58,1769132581072,5794.55,0.8941,3.1117,0.747,0.7483,-0.1737,128600,96077,0.7471,0.747,78772700,0.746,96512000,0.745,89193900,0.744,44727200,0.743,30904600,0.748,125226200,0.749,138740900,0.750,183036800,0.751,89681800,0.752,67890300,297,99999,0
sh513130,09:43:01,1769132584067,5794.88,0.8941,3.3312,0.747,0.7483,-0.1737,1136700,849162,0.747,0.747,95594400,0.746,96567400,0.745,88711500,0.744,44762200,0.743,30904600,0.748,109200100,0.749,139654200,0.750,198876000,0.751,89545900,0.752,67886900,807,99999,0
sh513130,09:43:04,1769132587063,5794.2,0.8941,2.0697,0.748,0.7483,-0.0401,519300,388110,0.7474,0.747,97795300,0.746,96767500,0.745,88711500,0.744,44768200,0.743,30911600,0.748,106995300,0.749,140558900,0.750,198703600,0.751,92795200,0.752,67886900,661,99999,0
sh513130,09:43:07,1769132589054,5794.42,0.8941,0.8343,0.748,0.7483,-0.0401,282700,211282,0.7474,0.747,104620200,0.746,91167700,0.745,88711500,0.744,44771200,0.743,30911600,0.748,92336300,0.749,141518500,0.750,198576800,0.751,107797400,0.752,67898200,641,99999,0
sh513130,09:43:10,1769132593062,5794.24,0.8941,0.7439,0.747,0.7483,-0.1737,1237500,924412,0.747,0.747,108877300,0.746,91208700,0.745,88745100,0.744,39771200,0.743,30915600,0.748,92874600,0.749,143051900,0.750,199360200,0.751,107811600,0.752,68031800,654,99999,0
sh513130,09:43:13,1769132595050,5793.62,0.8941,2.119,0.748,0.7476,0.0535,1398600,1045002,0.7472,0.747,107205400,0.746,92208800,0.745,88745100,0.744,39771200,0.743,30915600,0.748,93551000,0.749,143252100,0.750,199159500,0.751,92846600,0.752,68049800,642,99999,0
sh513130,09:43:16,1769132598057,5794.19,0.8941,2.1179,0.747,0.7476,-0.0803,31200,23307,0.747,0.747,97486900,0.746,97318800,0.745,88885300,0.744,39671300,0.743,30915600,0.748,109728200,0.749,143353800,0.750,200156800,0.751,93550700,0.752,68050800,1667,99999,0
sh513130,09:43:19,1769132602052,5793.78,0.8941,1.5379,0.747,0.7476,-0.0803,313900,234543,0.7472,0.747,58991000,0.746,98236700,0.745,88887300,0.744,44698300,0.743,30935600,0.748,128772300,0.749,144836300,0.750,185226400,0.751,90850800,0.752,68092800,1638,99999,0
sh513130,09:43:22,1769132605056,5793.67,0.8941,0.7914,0.748,0.7483,-0.0401,387600,289545,0.747,0.747,83657400,0.746,99074600,0.745,89877300,0.744,44749300,0.743,30938600,0.748,114863300,0.749,144881300,0.750,185202300,0.751,91853400,0.752,68097800,486,99999,0
sh513130,09:43:25,1769132607047,5794.36,0.8941,0.6709,0.747,0.7483,-0.1737,363900,271922,0.7472,0.747,99397800,0.746,94362600,0.745,89401100,0.744,39749300,0.743,30938600,0.748,96651400,0.749,144937000,0.750,200203300,0.751,110094100,0.752,68105800,1,99999,0
sh513130,09:43:28,1769132610047,5794.04,0.8941,2.175,0.748,0.7483,-0.0401,254300,189992,0.7471,0.747,99631800,0.746,95200800,0.745,89978700,0.744,39749300,0.743,30938600,0.748,96065100,0.749,145884200,0.750,200925300,0.751,110127600,0.752,67896800,1161,99999,0
sh513130,09:43:31,1769132613032,5794.73,0.8941,3.3553,0.748,0.7484,-0.0534,347300,259473,0.7471,0.747,99916000,0.746,96233500,0.745,89028700,0.744,39902700,0.743,30938600,0.748,96843800,0.749,146590300,0.750,201036100,0.751,110136900,0.752,67916800,632,99999,0
sh513130,09:43:34,1769132617020,5795.28,0.8941,3.881,0.747,0.7484,-0.1871,520000,388442,0.747,0.747,99941800,0.746,97371500,0.745,89563900,0.744,39897700,0.743,30938600,0.748,97908300,0.749,147922400,0.750,201513200,0.751,110156900,0.752,67963700,625,99999,0
sh513130,09:43:37,1769132620006,5796.16,0.8941,5.4273,0.747,0.7477,-0.0936,418300,312470,0.747,0.747,100545000,0.746,98239500,0.745,89555400,0.744,39915600,0.743,30938600,0.748,94094400,0.749,141650500,0.750,201333200,0.751,109978500,0.752,67963700,314,99999,0
sh513130,09:43:40,1769132621996,5796.34,0.8941,4.8118,0.747,0.7477,-0.0936,354000,264699,0.7477,0.747,100474200,0.746,99077500,0.745,89555400,0.744,39929600,0.743,30952000,0.748,97293400,0.749,140680900,0.750,201341000,0.751,109983500,0.752,68957100,159,99999,0
sh513130,09:43:43,1769132624988,5797.0,0.8941,5.5266,0.747,0.7484,-0.1871,424300,316998,0.7471,0.747,100155200,0.746,99077500,0.745,89555400,0.744,39939600,0.743,31010600,0.748,91955700,0.749,140706000,0.750,202166800,0.751,109959100,0.752,68957100,574,99999,0
sh513130,09:43:40,1769132625988,5797.0,0.8941,4.8618,0.747,0.7477,-0.0936,0,0,0.747,0.747,100474200,0.746,99077500,0.745,89555400,0.744,39929600,0.743,30952000,0.748,97293400,0.749,140680900,0.750,201341000,0.751,109983500,0.752,68957100,1574,99999,2
sh513130,09:43:43,1769132626989,5797.0,0.8941,4.8177,0.747,0.7484,-0.1871,0,0,0.747,0.747,100155200,0.746,99077500,0.745,89555400,0.744,39939600,0.743,31010600,0.748,91955700,0.749,140706000,0.750,202166800,0.751,109959100,0.752,68957100,587,99999,0
sh513130,09:43:46,1769132629002,5797.2,0.8941,3.9745,0.748,0.7484,-0.0534,285400,213204,0.747,0.747,100099900,0.746,99107500,0.745,89555400,0.744,39970600,0.743,31010600,0.748,99475600,0.749,141721800,0.750,203022300,0.751,109969100,0.752,68957200,597,99999,0
sh513130,09:43:49,1769132632001,5797.65,0.8941,5.9338,0.747,0.7484,-0.1871,552300,412568,0.747,0.747,99654500,0.746,99128800,0.745,89555400,0.744,39970600,0.743,31010600,0.748,92699700,0.749,141772500,0.750,203418400,0.751,109986100,0.752,68989700,1496,99999,0
sh513130,09:43:52,1769132635017,5798.31,0.8941,5.5206,0.747,0.7484,-0.1871,346500,259083,0.7477,0.747,99650100,0.746,98340800,0.745,89456400,0.744,39969900,0.743,31010600,0.748,48831400,0.749,148873900,0.750,203273200,0.751,109976100,0.752,68990700,190,99999,0
sh513130,09:43:55,1769132639024,5798.2,0.8941,4.1814,0.747,0.7484,-0.1871,1080400,807894,0.7478,0.747,89072900,0.746,92555000,0.745,89519400,0.744,39983900,0.743,31010600,0.748,47339900,0.749,148995500,0.750,203843500,0.751,114920300,0.752,68990700,638,99999,0
sh513130,09:43:58,1769132640029,5798.2,0.8941,4.1076,0.747,0.749,-0.267,1055600,789384,0.7478,0.747,89023000,0.746,92619400,0.745,89519500,0.744,39983900,0.743,31010600,0.748,45687700,0.749,149515400,0.750,204069400,0.751,114975300,0.752,68970700,881,99999,0
sh513130,09:44:01,1769132644042,5799.18,0.8941,5.3136,0.747,0.749,-0.267,1171200,874925,0.747,0.747,88845300,0.746,92660000,0.745,89520400,0.744,39983900,0.743,31010600,0.748,46514500,0.749,149571500,0.750,204064100,0.751,114975300,0.752,68970700,548,99999,0
sh513130,09:44:04,1769132646039,5799.65,0.8941,4.2184,0.747,0.7484,-0.1871,1012500,757200,0.7479,0.747,88060500,0.746,92715800,0.745,90420400,0.744,39983900,0.743,31010600,0.748,43989500,0.749,149649200,0.750,204471300,0.751,115037800,0.752,68994400,379,99999,0
sh513130,09:44:07,1769132650059,5799.69,0.8941,4.821,0.748,0.7484,-0.0534,3609800,2699992,0.748,0.747,87913200,0.746,92738700,0.745,90440500,0.744,39988900,0.743,31001800,0.748,31219100,0.749,149933000,0.750,204555700,0.751,115445800,0.752,68994400,83,99999,0
sh513130,09:44:10,1769132653072,5800.94,0.8941,5.5886,0.747,0.7484,-0.1871,1082500,809558,0.7479,0.747,88007000,0.746,92740700,0.745,90440500,0.744,39958900,0.743,31001800,0.748,29467700,0.749,150031500,0.750,205660100,0.751,115481500,0.752,68994400,665,99999,0
sh513130,09:44:13,1769132656071,5800.62,0.8941,4.2546,0.748,0.749,-0.1335,1843500,1377931,0.7475,0.747,87080400,0.746,92855400,0.745,90451500,0.744,39958900,0.743,31001800,0.748,32961600,0.749,149964000,0.750,206529600,0.751,115541500,0.752,68978700,1658,99999,0
sh513130,09:44:16,1769132659072,5800.27,0.8941,4.7565,0.748,0.749,-0.1335,239400,178994,0.7477,0.747,87240900,0.746,92828500,0.745,90590800,0.744,39978900,0.743,31011800,0.748,28272700,0.749,135057400,0.750,206411600,0.751,130511800,0.752,68996500,452,99999,0
sh513130,09:44:19,1769132661076,5800.48,0.8941,3.8753,0.748,0.749,-0.1335,1273100,952265,0.748,0.747,87445500,0.746,92933500,0.745,90691800,0.744,39983900,0.743,31011800,0.748,34519000,0.749,150218400,0.750,207657800,0.751,115493800,0.752,68967100,299,99999,0
sh513130,09:44:22,1769132665076,5800.29,0.8941,5.2299,0.748,0.749,-0.1335,3879200,2901549,0.748,0.747,87679600,0.746,93096800,0.745,90691800,0.744,39984000,0.743,31011800,0.748,24434800,0.749,150885000,0.750,208842100,0.751,115513800,0.752,69122200,685,99999,0
sh513130,09:44:25,1769132667075,5800.55,0.8941,3.4451,0.748,0.749,-0.1335,1165700,871943,0.748,0.747,87789700,0.746,93209300,0.745,90737600,0.744,39984000,0.743,31013900,0.748,29662200,0.749,150903800,0.750,208938300,0.751,115493800,0.752,69142200,676,99999,0
sh513130,09:44:28,1769132671072,5800.78,0.8941,5.5227,0.748,0.749,-0.1335,987900,738949,0.748,0.747,88611300,0.746,93807800,0.745,91337600,0.744,40584000,0.743,31607900,0.748,33905400,0.749,151588200,0.750,209614400,0.751,116073800,0.752,69758000,643,99999,0
sh513130,09:44:31,1769132674072,5800.69,0.8941,4.2086,0.747,0.749,-0.267,933400,698120,0.7479,0.747,88812500,0.746,93807800,0.745,91452600,0.744,40584000,0.743,31542800,0.748,22270200,0.749,133832200,0.750,209739600,0.751,131106800,0.752,72847900,350,99999,0
sh513130,09:44:34,1769132677067,5801.56,0.8941,3.504,0.748,0.749,-0.1335,24063100,18000360,0.748,0.748,56655400,0.747,89596200,0.746,92866400,0.745,88412100,0.744,40604700,0.749,116101600,0.750,210699600,0.751,131146800,0.752,87762400,0.753,54624200,654,99999,0
sh513130,09:44:37,1769132680084,5800.79,0.8941,4.7288,0.748,0.749,-0.1335,89400,66871,0.748,0.748,58872200,0.747,89572000,0.746,92952400,0.745,88014400,0.744,40604700,0.749,137277400,0.750,211176800,0.751,131161300,0.752,69680500,0.753,54638200,1694,99999,0
sh513130,09:44:40,1769132683084,5800.86,0.8941,3.9449,0.748,0.749,-0.1335,447600,334956,0.7483,0.748,41246000,0.747,88073800,0.746,92972400,0.745,88167200,0.744,40604700,0.749,137036100,0.750,211205800,0.751,116181700,0.752,69628800,0.753,54638200,667,99999,0
sh513130,09:44:43,1769132686081,5800.95,0.8941,2.2089,0.748,0.749,-0.1335,461400,345479,0.7488,0.748,58644300,0.747,88186500,0.746,79970400,0.745,88248600,0.744,40624700,0.749,118568500,0.750,212123400,0.751,131348500,0.752,87800700,0.753,54662000,1553,99999,0
sh513130,09:44:46,1769132688083,5800.15,0.8941,2.3353,0.749,0.749,0.0,930700,696174,0.748,0.748,62348000,0.747,88380500,0.746,79009100,0.745,88248600,0.744,40624700,0.749,151520700,0.750,212943100,0.751,116330200,0.752,69728100,0.753,54652000,1391,99999,0
sh513130,09:44:49,1769132691091,5801.35,0.8941,3.1523,0.748,0.749,-0.1335,630600,472031,0.7485,0.748,74812300,0.747,89868500,0.746,79059100,0.745,83334700,0.744,40624700,0.749,118585700,0.750,213809900,0.751,131342000,0.752,87769300,0.753,54627000,66,99999,0
sh513130,09:44:52,1769132694086,5800.02,0.8941,2.4257,0.748,0.749,-0.1335,73300,54828,0.748,0.748,53083600,0.747,91083300,0.746,79031100,0.745,83374700,0.744,40624700,0.749,152675800,0.750,214876300,0.751,116267000,0.752,69752300,0.753,54637000,904,99999,0
sh513130,09:44:55,1769132698087,5800.45,0.8941,1.3643,0.748,0.749,-0.1335,382600,286185,0.748,0.748,73723700,0.747,92023500,0.746,78954400,0.745,83374900,0.744,40674700,0.749,137883800,0.750,215056300,0.751,116371000,0.752,84804000,0.753,54637000,580,99999,0
sh513130,09:44:58,1769132701096,5800.57,0.8941,2.2418,0.748,0.749,-0.1335,87200,65279,0.7486,0.748,70442400,0.747,91993500,0.746,79495400,0.745,83384900,0.744,40685700,0.749,152991800,0.750,215046500,0.751,116376000,0.752,69804000,0.753,54637000,705,99999,0
sh513130,09:45:01,1769132705111,5800.67,0.8941,2.5959,0.748,0.749,-0.1335,630500,471624,0.748,0.748,64202500,0.747,92195300,0.746,79846300,0.745,83389900,0.744,40692000,0.749,153885100,0.750,215046700,0.751,116426000,0.752,69801000,0.753,54627000,727,99999,0
sh513130,09:45:04,1769132706120,5800.67,0.8941,4.3133,0.748,0.749,-0.1335,693300,518628,0.7481,0.748,34410500,0.747,92107900,0.746,79966300,0.745,88390900,0.744,40692000,0.749,154193200,0.750,214996200,0.751,116385500,0.752,69714400,0.753,54449000,1736,99999,0
sh513130,09:45:07,1769132710117,5800.85,0.8941,3.5637,0.748,0.749,-0.1335,710300,531344,0.7481,0.748,34488300,0.747,92222700,0.746,80026200,0.745,88390900,0.744,40692000,0.749,154204700,0.750,215764900,0.751,116359500,0.752,69714400,0.753,54449000,1724,99999,0
sh513130,09:45:10,1769132713116,5799.78,0.8941,4.2678,0.748,0.749,-0.1335,381300,285262,0.7481,0.748,31450100,0.747,92267800,0.746,79423500,0.745,88400900,0.744,40742000,0.749,154366900,0.750,215655600,0.751,116479500,0.752,69714400,0.753,54484000,432,99999,0
sh513130,09:45:13,1769132715115,5799.43,0.8941,3.2997,0.748,0.749,-0.1335,28349400,21205354,0.748,0.747,86425100,0.746,80423500,0.745,88800900,0.744,40742000,0.743,31649800,0.748,54428200,0.749,155068200,0.750,216032400,0.751,120489500,0.752,69714400,274,99999,0
sh513130,09:45:16,1769132718115,5799.49,0.8941,4.0618,0.748,0.749,-0.1335,350800,262398,0.748,0.747,85201400,0.746,80691700,0.745,88800900,0.744,40742000,0.743,31649800,0.748,73896000,0.749,149700000,0.750,216693800,0.751,120100500,0.752,69739400,1121,99999,0
sh513130,09:45:13,1769132719112,5799.21,0.8941,3.0021,0.748,0.749,-0.1335,0,0,0.748,0.747,86425100,0.746,80423500,0.745,88800900,0.744,40742000,0.743,31649800,0.748,54428200,0.749,155068200,0.750,216032400,0.751,120489500,0.752,69714400,720,99999,2
sh513130,09:45:16,1769132720121,5799.21,0.8941,2.9666,0.748,0.749,-0.1335,0,0,0.748,0.747,85201400,0.746,80691700,0.745,88800900,0.744,40742000,0.743,31649800,0.748,73896000,0.749,149700000,0.750,216693800,0.751,120100500,0.752,69739400,964,99999,0
sh513130,09:45:19,1769132721113,5798.64,0.8941,6.2242,0.748,0.749,-0.1335,33400,24961,0.7473,0.747,86687000,0.746,80691700,0.745,88801000,0.744,40742000,0.743,31525200,0.748,79192700,0.749,150064000,0.750,217817200,0.751,115076700,0.752,69744400,691,99999,0
sh513130,09:45:22,1769132725118,5797.66,0.8941,4.5806,0.748,0.749,-0.1335,533000,398684,0.748,0.747,86729700,0.746,80655000,0.745,88801000,0.744,40762100,0.743,30887500,0.748,29809200,0.749,155748400,0.750,217845000,0.751,115925000,0.752,69723200,736,99999,0
sh513130,09:45:25,1769132727138,5797.71,0.8941,3.7674,0.747,0.749,-0.267,514300,384593,0.7478,0.747,86812300,0.746,80670000,0.745,88808000,0.744,40762100,0.743,30887500,0.748,41428100,0.749,150343200,0.750,217646100,0.751,116757300,0.752,69723200,742,99999,0
sh513130,09:45:28,1769132730140,5797.15,0.8941,3.1452,0.747,0.749,-0.267,678200,506785,0.7473,0.747,87640500,0.746,80670000,0.745,88859600,0.744,40767100,0.743,30887500,0.748,44127500,0.749,155960700,0.750,217808600,0.751,116759800,0.752,70051100,166,99999,0
sh513130,09:45:31,1769132733145,5798.37,0.8941,3.2949,0.748,0.749,-0.1335,5202800,3891673,0.748,0.748,1724400,0.747,88058000,0.746,82102800,0.745,88921700,0.744,40767100,0.749,155997800,0.750,216811000,0.751,118042400,0.752,70051100,0.753,53340800,748,99999,0
sh513130,09:45:34,1769132738157,5799.93,0.8941,3.7351,0.748,0.749,-0.1335,918200,686827,0.748,0.748,58186100,0.747,82255600,0.746,81139700,0.745,83531700,0.744,40767100,0.749,139224900,0.750,218100400,0.751,123041000,0.752,73540900,0.753,54119100,1686,99999,0
sh513130,09:45:37,1769132739148,5799.89,0.8941,3.6674,0.748,0.749,-0.1335,125400,93799,0.748,0.748,53468500,0.747,88225300,0.746,80903500,0.745,83551700,0.744,40767100,0.749,139146500,0.750,218137900,0.751,138076800,0.752,73540900,0.753,54099100,522,99999,0
sh513130,09:45:40,1769132742146,5799.35,0.8941,3.4195,0.749,0.749,0.0,173800,130005,0.748,0.748,55359400,0.747,82723400,0.746,81002200,0.745,83551700,0.744,40767100,0.749,124743600,0.750,218258900,0.751,138176800,0.752,88537900,0.753,54099100,1360,99999,0
sh513130,09:45:43,1769132746169,5800.34,0.8941,0.8906,0.748,0.749,-0.1335,820300,613641,0.7481,0.748,54424000,0.747,88475200,0.746,80002200,0.745,83552700,0.744,40581100,0.749,125030500,0.750,217689900,0.751,138375300,0.752,88637900,0.753,54097100,1061,99999,0
sh513130,09:45:46,1769132748171,5800.28,0.8941,3.4535,0.748,0.749,-0.1335,651000,486953,0.748,0.748,55164000,0.747,88629400,0.746,80008400,0.745,83552700,0.744,40581100,0.749,140173500,0.750,218057300,0.751,139209900,0.752,73637900,0.753,54098900,908,99999,0
sh513130,09:45:49,1769132751181,5800.92,0.8941,3.7335,0.749,0.749,0.0,104700,78321,0.7481,0.748,61652000,0.747,83947000,0.746,80008400,0.745,83532700,0.744,40581100,0.749,125356600,0.750,218098800,0.751,139208900,0.752,88634400,0.753,54098900,781,99999,0
sh513130,09:45:52,1769132755199,5802.65,0.8941,6.3475,0.749,0.749,0.0,528400,395509,0.7485,0.748,62706700,0.747,89146000,0.746,80025500,0.745,83492400,0.744,40581100,0.749,125277300,0.750,218150900,0.751,138836000,0.752,88651700,0.753,54108900,802,99999,0
sh513130,09:45:55,1769132758192,5801.56,0.8941,5.6721,0.748,0.749,-0.1335,227700,170348,0.7481,0.748,63542300,0.747,89562000,0.746,80025700,0.745,83492400,0.744,40581100,0.749,126336700,0.750,217526400,0.751,139500200,0.752,88651700,0.753,54168900,126,99999,0
sh513130,09:45:58,1769132760214,5802.41,0.8941,4.4759,0.748,0.749,-0.1335,82800,61953,0.7482,0.748,64438900,0.747,89633800,0.746,79825700,0.745,83492400,0.744,40581100,0.749,127205200,0.750,217711200,0.751,139509000,0.752,88821700,0.753,54256400,1539,99999,0
sh513130,09:46:01,1769132764220,5803.06,0.8941,7.3709,0.748,0.749,-0.1335,260700,195020,0.7481,0.748,65325300,0.747,90106000,0.746,79825700,0.745,83500300,0.744,40581100,0.749,126303100,0.750,217747000,0.751,141226600,0.752,88823700,0.753,54286400,960,99999,0
sh513130,09:46:04,1769132766217,5803.48,0.8941,6.0975,0.748,0.749,-0.1335,153300,114668,0.748,0.748,69578000,0.747,90204400,0.746,79825700,0.745,83504200,0.744,40581100,0.749,122293700,0.750,199760000,0.751,142269400,0.752,88973700,0.753,54286400,1655,99999,0
sh513130,09:46:07,1769132769217,5804.34,0.8941,3.9877,0.749,0.749,0.0,84900,63551,0.7485,0.748,69004400,0.747,90172100,0.746,79815700,0.745,83462200,0.744,40581100,0.749,127744300,0.750,199729400,0.751,142211900,0.752,88973700,0.753,54308600,334,99999,0
sh513130,09:46:10,1769132772207,5804.85,0.8941,3.2552,0.748,0.749,-0.1335,129500,96975,0.7488,0.748,70882200,0.747,89677500,0.746,79826300,0.745,83402200,0.744,40581100,0.749,117087100,0.750,205298500,0.751,155044100,0.752,88973700,0.753,54303600,1152,99999,0
sh513130,09:46:13,1769132776215,5806.35,0.8941,4.9275,0.748,0.7497,-0.2268,34800,26037,0.7482,0.748,72811400,0.747,90490100,0.746,80092300,0.745,81433200,0.744,40581100,0.749,122124700,0.750,199802200,0.751,155742600,0.752,88973700,0.753,54363100,822,99999,0
sh513130,09:46:16,1769132779211,5804.95,0.8941,3.1092,0.748,0.7497,-0.2268,155500,116354,0.7483,0.748,73837600,0.747,90464400,0.746,80095300,0.745,81433200,0.744,40581100,0.749,126123900,0.750,199954500,0.751,156559800,0.752,88984500,0.753,54367800,796,99999,0
sh513130,09:46:19,1769132781209,5805.06,0.8941,2.4,0.749,0.7497,-0.0934,76200,57019,0.7483,0.748,73573900,0.747,90530300,0.746,80145300,0.745,81444400,0.744,40601200,0.749,133912000,0.750,199772900,0.751,176406100,0.752,88999500,0.753,54387300,822,99999,0
sh513130,09:46:22,1769132783220,5804.68,0.8941,2.3799,0.748,0.7497,-0.2268,351100,262622,0.748,0.748,72079000,0.747,90477500,0.746,80146300,0.745,81499200,0.744,40601200,0.749,165082700,0.750,199855800,0.751,160451100,0.752,74054600,0.753,54387300,800,99999,0
sh513130,09:46:19,1769132784224,5804.68,0.8941,2.3653,0.749,0.7497,-0.0934,0,0,0.749,0.748,73573900,0.747,90530300,0.746,80145300,0.745,81444400,0.744,40601200,0.749,133912000,0.750,199772900,0.751,176406100,0.752,88999500,0.753,54387300,204,99999,2
sh513130,09:46:22,1769132785221,5804.3,0.8941,2.0882,0.748,0.7497,-0.2268,0,0,0.748,0.748,72079000,0.747,90477500,0.746,80146300,0.745,81499200,0.744,40601200,0.749,165082700,0.750,199855800,0.751,160451100,0.752,74054600,0.753,54387300,568,99999,0
sh513130,09:46:25,1769132787230,5804.31,0.8941,3.6681,0.748,0.7497,-0.2268,71900,53789,0.7481,0.748,71814500,0.747,90662300,0.746,80146800,0.745,81491500,0.744,40601200,0.749,136102600,0.750,199931400,0.751,176330700,0.752,88958900,0.753,54397300,838,99999,0
sh513130,09:46:28,1769132790231,5803.86,0.8941,3.4772,0.749,0.7497,-0.0934,374900,280705,0.7487,0.748,74549600,0.747,90895900,0.746,79956800,0.745,81501500,0.744,40601200,0.749,115699900,0.750,200755300,0.751,174508300,0.752,89038900,0.753,54397300,1806,99999,0
sh513130,09:46:31,1769132793229,5805.1,0.8941,3.8826,0.748,0.749,-0.1335,199100,149091,0.7488,0.748,78986100,0.747,91125800,0.746,80193100,0.745,79320600,0.744,40601200,0.749,95648600,0.750,201697500,0.751,175671800,0.752,89038900,0.753,54397300,565,99999,0
sh513130,09:46:34,1769132796220,5805.39,0.8941,2.3035,0.748,0.749,-0.1335,727900,544512,0.7481,0.748,78964300,0.747,91215800,0.746,80193100,0.745,79320600,0.744,40601200,0.749,126697700,0.750,202484100,0.751,175691800,0.752,89730700,0.753,54357300,1405,99999,0
sh513130,09:46:37,1769132799222,5805.49,0.8941,4.4509,0.748,0.7497,-0.2268,269600,201930,0.749,0.748,80956100,0.747,91254300,0.746,80193100,0.745,79320600,0.744,40601200,0.749,114357900,0.750,202979700,0.751,175686800,0.752,89683700,0.753,54307300,96,99999,0
sh513130,09:46:40,1769132802223,5805.06,0.8941,3.346,0.748,0.7497,-0.2268,169000,126471,0.7483,0.748,80911500,0.747,91360400,0.746,80078100,0.745,79301200,0.744,40611900,0.749,138332400,0.750,203050500,0.751,175185800,0.752,89649700,0.753,53826700,925,99999,0
sh513130,09:46:43,1769132805222,5803.58,0.8941,1.3786,0.749,0.7496,-0.08,1373300,1028573,0.749,0.748,74856200,0.747,97022400,0.746,80078100,0.745,79531100,0.744,40611900,0.749,167140100,0.750,204017500,0.751,160276100,0.752,74656000,0.753,53826700,832,99999,0
sh513130,09:46:46,1769132808239,5803.66,0.8941,2.6062,0.748,0.7496,-0.2134,207900,155572,0.7483,0.748,75381100,0.747,97916100,0.746,80078100,0.745,79521100,0.744,40621900,0.749,153622200,0.750,204165700,0.751,174684400,0.752,74656000,0.753,53840100,469,99999,0
sh513130,09:46:43,1769132809245,5803.37,0.8941,2.6609,0.749,0.7496,-0.08,0,0,0.749,0.748,74856200,0.747,97022400,0.746,80078100,0.745,79531100,0.744,40611900,0.749,167140100,0.750,204017500,0.751,160276100,0.752,74656000,0.753,53826700,840,99999,2
sh513130,09:46:46,1769132810233,5803.37,0.8941,3.002,0.748,0.7496,-0.2134,0,0,0.748,0.748,75381100,0.747,97916100,0.746,80078100,0.745,79521100,0.744,40621900,0.749,153622200,0.750,204165700,0.751,174684400,0.752,74656000,0.753,53840100,310,99999,0
sh513130,09:46:49,1769132812234,5802.36,0.8941,2.7109,0.749,0.7496,-0.08,1034200,774606,0.749,0.748,64776400,0.747,98761600,0.746,80103100,0.745,79521100,0.744,40621900,0.749,171748100,0.750,204082600,0.751,158822000,0.752,71604200,0.753,53840100,142,99999,0
sh513130,09:46:52,1769132815221,5802.71,0.8941,2.4953,0.748,0.7496,-0.2134,630900,472375,0.7487,0.748,70297300,0.747,98980800,0.746,80091200,0.745,84521100,0.744,40621900,0.749,170986400,0.750,204199800,0.751,158822000,0.752,72278400,0.753,53840200,830,99999,0
sh513130,09:46:55,1769132818226,5802.36,0.8941,2.7239,0.749,0.7496,-0.08,65600,49122,0.7488,0.748,71134300,0.747,99779400,0.746,79734000,0.745,84521100,0.744,40621900,0.749,168144000,0.750,204141400,0.751,158854300,0.752,75355300,0.753,53840200,1781,99999,0
sh513130,09:46:58,1769132820230,5802.91,0.8941,2.0945,0.749,0.749,0.0,49600,37121,0.7484,0.748,71254400,0.747,95031300,0.746,79735700,0.745,84521100,0.744,40631900,0.749,168216000,0.750,204184400,0.751,158904300,0.752,75390300,0.753,53920200,1654,99999,0
sh513130,09:47:01,1769132823224,5802.76,0.8941,3.2318,0.749,0.749,0.0,38900,29136,0.749,0.748,82096400,0.747,95459900,0.746,79685700,0.745,79596900,0.744,40631900,0.749,133347900,0.750,204459600,0.751,173864300,0.752,90341300,0.753,54089800,311,99999,0
sh513130,09:47:04,1769132826232,5802.35,0.8941,2.7716,0.749,0.7496,-0.08,1423200,1065967,0.749,0.748,74637900,0.747,101896800,0.746,79685700,0.745,79243000,0.744,40686800,0.749,162564300,0.750,205316200,0.751,158864300,0.752,75431300,0.753,54089800,1158,99999,0
sh513130,09:47:07,1769132830226,5802.38,0.8941,2.9152,0.748,0.7497,-0.2268,68300,51105,0.7482,0.748,77394900,0.747,101868500,0.746,79652600,0.745,79244000,0.744,40686800,0.749,142018500,0.750,206552900,0.751,173866300,0.752,75475700,0.753,54064300,826,99999,0
sh513130,09:47:10,1769132833270,5801.57,0.8941,1.9792,0.749,0.7497,-0.0934,1125200,841775,0.7481,0.748,73737000,0.747,95826900,0.746,78662600,0.745,79254000,0.744,40706800,0.749,161086000,0.750,208365100,0.751,158866300,0.752,75355700,0.753,54064300,882,99999,0
sh513130,09:47:13,1769132835243,5801.24,0.8941,3.9162,0.748,0.7497,-0.2268,25800,19302,0.7481,0.748,69790200,0.747,101552900,0.746,79652700,0.745,79219800,0.744,40706800,0.749,163716700,0.750,209288700,0.751,158797500,0.752,73375700,0.753,54086300,828,99999,0
sh513130,09:47:16,1769132840223,5799.54,0.8941,5.1857,0.748,0.7497,-0.2268,14018400,10485869,0.748,0.748,6138200,0.747,101631400,0.746,80542700,0.745,84229800,0.744,40387600,0.749,165449000,0.750,211189800,0.751,158873100,0.752,72293800,0.753,54086300,1801,99999,0
sh513130,09:47:19,1769132842221,5799.42,0.8941,6.4434,0.748,0.7497,-0.2268,6330700,4735363,0.748,0.747,102936200,0.746,82562700,0.745,84629800,0.744,39773500,0.743,30692500,0.748,22145400,0.749,156746700,0.750,211144100,0.751,158973100,0.752,72301600,1816,99999,0
sh513130,09:47:22,1769132844225,5799.35,0.8941,3.9096,0.748,0.749,-0.1335,501100,374823,0.748,0.747,103615400,0.746,82830900,0.745,86579800,0.744,39773500,0.743,30672300,0.748,7453200,0.749,162765400,0.750,209708700,0.751,153528200,0.752,72295600,1832,99999,0
sh513130,09:47:25,1769132847221,5799.81,0.8941,3.2657,0.748,0.749,-0.1335,7574000,5665352,0.748,0.748,35762600,0.747,105084500,0.746,82830900,0.745,86579800,0.744,39773500,0.749,164127800,0.750,211688600,0.751,158928200,0.752,72398700,0.753,54086300,519,99999,0
sh513130,09:47:28,1769132850223,5799.29,0.8941,2.5751,0.748,0.749,-0.1335,46200,34558,0.748,0.748,42208900,0.747,106091900,0.746,81562700,0.745,86179800,0.744,39773500,0.749,164118500,0.750,212498100,0.751,158815700,0.752,72532500,0.753,54086300,1362,99999,0
sh513130,09:47:25,1769132851228,5799.75,0.8941,2.1626,0.748,0.749,-0.1335,0,0,0.748,0.748,35762600,0.747,105084500,0.746,82830900,0.745,86579800,0.744,39773500,0.749,164127800,0.750,211688600,0.751,158928200,0.752,72398700,0.753,54086300,204,99999,2
sh513130,09:47:28,1769132852219,5799.75,0.8941,2.4794,0.748,0.749,-0.1335,0,0,0.748,0.748,42208900,0.747,106091900,0.746,81562700,0.745,86179800,0.744,39773500,0.749,164118500,0.750,212498100,0.751,158815700,0.752,72532500,0.753,54086300,1198,99999,0
sh513130,09:47:31,1769132854198,5799.29,0.8941,2.3244,0.748,0.749,-0.1335,100000,74810,0.7481,0.748,35839800,0.747,103613300,0.746,81812900,0.745,86239300,0.744,39773500,0.749,164321700,0.750,214555700,0.751,158711200,0.752,72532500,0.753,54086300,1016,99999,0
