symbol,tx_server_time,tx_local_time,index_price,fx_rate,sentiment,price,iopv,premium_rate,tick_vol,tick_amt,tick_vwap,bp1,bv1,bp2,bv2,bp3,bv3,bp4,bv4,bp5,bv5,sp1,sv1,sp2,sv2,sp3,sv3,sp4,sv4,sp5,sv5,idx_delay_ms,fut_delay_ms,data_flags
sh513130,09:30:31,1768872634353,5729.38,0.8927,6.573,0.742,0.7405,0.2026,0,0,0.742,0.741,25408400,0.740,45822900,0.739,50094900,0.738,41204000,0.737,33703500,0.742,24993100,0.743,31997500,0.744,38155600,0.745,30980500,0.746,24972300,719,99999,1
sh513130,09:30:34,1768872637346,5732.14,0.8927,5.8063,0.742,0.7405,0.2026,2556000,1895663,0.7417,0.741,25551700,0.740,54010000,0.739,51337700,0.738,42714600,0.737,33994500,0.742,22956900,0.743,35619500,0.744,38160700,0.745,26672200,0.746,25573500,518,99999,0
sh513130,09:30:37,1768872639338,5733.67,0.8927,6.4404,0.742,0.7411,0.1214,889100,659327,0.7416,0.741,24246500,0.740,56252500,0.739,54423000,0.738,42925000,0.737,34094600,0.742,24591300,0.743,36495500,0.744,39466600,0.745,26729700,0.746,25724100,363,99999,0
sh513130,09:30:40,1768872643359,5737.52,0.8927,6.2161,0.741,0.7418,-0.1078,1634300,1212462,0.7419,0.741,23890200,0.740,58486900,0.739,55345200,0.738,43089500,0.737,34935700,0.742,23863100,0.743,34568500,0.744,42285900,0.745,26924200,0.746,25779100,78,99999,0
sh513130,09:30:43,1768872645364,5737.71,0.8927,5.4821,0.742,0.7418,0.027,1328500,985447,0.7418,0.741,23763200,0.740,62074700,0.739,56400100,0.738,40273300,0.737,32003300,0.742,13806100,0.743,34824800,0.744,43339100,0.745,26947700,0.746,25790100,869,99999,0
sh513130,09:30:46,1768872648360,5738.82,0.8927,6.65,0.742,0.7418,0.027,7254300,5382584,0.742,0.741,35282900,0.740,63241000,0.739,56610000,0.738,40430900,0.737,32046900,0.742,7369800,0.743,27750300,0.744,38530200,0.745,28021200,0.746,26040700,776,99999,0
sh513130,09:30:49,1768872652362,5737.53,0.8927,4.6505,0.742,0.7418,0.027,10110400,7499924,0.7418,0.741,37010100,0.740,65041800,0.739,56613500,0.738,37494800,0.737,33041400,0.742,666500,0.743,28332600,0.744,36996300,0.745,30120200,0.746,26120400,471,99999,0
sh513130,09:30:52,1768872654356,5736.53,0.8927,4.6013,0.743,0.7418,0.1618,2294300,1701069,0.7414,0.742,5820200,0.741,37812800,0.740,65181900,0.739,56716100,0.738,37578400,0.743,19743900,0.744,37242900,0.745,34835500,0.746,26243400,0.747,26103700,303,99999,0
sh513130,09:30:55,1768872657352,5736.87,0.8927,3.2519,0.742,0.7418,0.027,1824200,1353683,0.7421,0.742,11828500,0.741,37387300,0.740,68688700,0.739,53757900,0.738,35972500,0.743,28437600,0.744,36698700,0.745,34761600,0.746,26303300,0.747,26222700,841,99999,0
sh513130,09:30:58,1768872660372,5736.81,0.8927,3.383,0.742,0.7418,0.027,1372800,1018648,0.742,0.742,34880900,0.741,38489900,0.740,69822200,0.739,53852000,0.738,35995000,0.743,28898900,0.744,37105300,0.745,34716400,0.746,26305300,0.747,26222700,459,99999,0
sh513130,09:31:01,1768872663369,5734.45,0.8927,1.441,0.742,0.7418,0.027,627100,465699,0.7426,0.742,33667800,0.741,40718900,0.740,71776200,0.739,55001200,0.738,34076000,0.743,30776900,0.744,37176600,0.745,35722200,0.746,26315300,0.747,26237700,691,99999,0
sh513130,09:31:04,1768872666373,5735.26,0.8927,3.9973,0.743,0.7418,0.1618,19860600,14737084,0.742,0.742,15498400,0.741,39594700,0.740,64977600,0.739,54998300,0.738,37153000,0.743,30586600,0.744,37176600,0.745,34756200,0.746,26315500,0.747,26222700,1536,99999,0
sh513130,09:31:07,1768872669384,5733.26,0.8927,3.8882,0.742,0.7418,0.027,3256800,2419262,0.7428,0.742,18450600,0.741,39643900,0.740,65708700,0.739,55063500,0.738,37139500,0.743,28814100,0.744,37238700,0.745,34808900,0.746,26636400,0.747,25691300,239,99999,0
sh513130,09:31:10,1768872672393,5732.2,0.8927,4.4808,0.741,0.7413,-0.0405,33551600,24878857,0.7415,0.741,23177600,0.740,65881800,0.739,56779300,0.738,37189900,0.737,31184100,0.743,29895400,0.744,37238700,0.745,34842600,0.746,26636400,0.747,25691300,1097,99999,0
sh513130,09:31:13,1768872675394,5735.17,0.8927,4.9272,0.742,0.7413,0.0944,7871600,5833397,0.7411,0.742,1402600,0.741,19856200,0.740,65665900,0.739,57690000,0.738,37582100,0.743,29573500,0.744,37931400,0.745,35990500,0.746,26758000,0.747,25688100,878,99999,0
sh513130,09:31:16,1768872678391,5737.09,0.8927,7.3099,0.742,0.7407,0.1755,9479200,7033906,0.742,0.741,19735500,0.740,66570300,0.739,57696100,0.738,37636000,0.737,31213800,0.742,23366800,0.743,30341100,0.744,37955500,0.745,35990500,0.746,27256600,639,99999,0
sh513130,09:31:19,1768872682396,5736.48,0.8927,6.3315,0.742,0.7407,0.1755,7335600,5443015,0.742,0.741,22253900,0.740,66007400,0.739,57929500,0.738,34665700,0.737,31213800,0.742,14719400,0.743,29519000,0.744,37955500,0.745,35990500,0.746,27267000,337,99999,0
sh513130,09:31:22,1768872684397,5736.14,0.8927,3.9412,0.742,0.7407,0.1755,389900,289272,0.7419,0.741,21244400,0.740,66144700,0.739,58818700,0.738,38004300,0.737,31266100,0.742,15007000,0.743,30360000,0.744,38005500,0.745,35990600,0.746,27297000,188,99999,0
sh513130,09:31:25,1768872688409,5734.97,0.8927,5.4153,0.741,0.7407,0.0405,250500,185871,0.742,0.741,21620100,0.740,67366900,0.739,58828700,0.738,38043200,0.737,31269700,0.742,15557100,0.743,32271900,0.744,37985500,0.745,35990600,0.746,27315000,1891,99999,0
sh513130,09:31:28,1768872690408,5733.68,0.8927,4.0162,0.741,0.7407,0.0405,1196400,887443,0.7418,0.741,22409300,0.740,66793700,0.739,59010800,0.738,38517800,0.737,31373200,0.742,25053400,0.743,33343800,0.744,37372100,0.745,35011900,0.746,27316000,1877,99999,0
sh513130,09:31:31,1768872693400,5731.55,0.8927,3.3117,0.742,0.7414,0.0809,274400,203376,0.7412,0.741,19854300,0.740,67151400,0.739,59018800,0.738,38543800,0.737,31374400,0.742,38914300,0.743,32184900,0.744,36151400,0.745,27969800,0.746,27316000,569,99999,0
sh513130,09:31:34,1768872697414,5729.18,0.8927,7.0421,0.742,0.7414,0.0809,4125100,3056716,0.741,0.741,11966300,0.740,67964400,0.739,59753300,0.738,38694800,0.737,31415100,0.742,30037000,0.743,35735400,0.744,36148100,0.745,27003300,0.746,27416000,281,99999,0
sh513130,09:31:37,1768872698427,5729.18,0.8927,7.2125,0.741,0.7413,-0.0405,13156700,9749418,0.741,0.740,68488800,0.739,59868100,0.738,39596900,0.737,31441100,0.736,22477800,0.741,5839900,0.742,31718700,0.743,33594200,0.744,36282400,0.745,27003300,1296,99999,0
sh513130,09:31:40,1768872702413,5728.21,0.8927,6.8242,0.741,0.74,0.1351,633200,469184,0.741,0.740,65380400,0.739,48915400,0.738,39704000,0.737,35472000,0.736,22502900,0.741,919800,0.742,30722700,0.743,32917200,0.744,32341200,0.745,23302800,974,99999,0
sh513130,09:31:43,1768872705424,5725.08,0.8927,4.9223,0.741,0.74,0.1351,685000,507581,0.741,0.740,65442600,0.739,48916400,0.738,39779500,0.737,35516200,0.736,22532900,0.741,9848800,0.742,32379100,0.743,32085800,0.744,31451200,0.745,23307800,875,99999,0
sh513130,09:31:46,1768872709427,5730.46,0.8927,7.0584,0.741,0.74,0.1351,574800,425897,0.7409,0.740,64246000,0.739,49353700,0.738,39875700,0.737,35516200,0.736,22543000,0.741,1064800,0.742,31404500,0.743,32074000,0.744,32564400,0.745,23250300,872,99999,0
sh513130,09:31:49,1768872711432,5729.92,0.8927,5.9869,0.741,0.74,0.1351,3215000,2382315,0.741,0.741,899800,0.740,64925300,0.739,51483900,0.738,40061800,0.737,34543300,0.742,32084600,0.743,32123800,0.744,32479600,0.745,23358400,0.746,26840600,956,99999,0
sh513130,09:31:52,1768872714429,5729.31,0.8927,4.802,0.742,0.74,0.2703,1021400,756868,0.741,0.741,1748300,0.740,65225900,0.739,51959600,0.738,40533800,0.737,34608800,0.742,32439000,0.743,31572900,0.744,32525000,0.745,23358400,0.746,26843600,34,99999,0
sh513130,09:31:55,1768872717437,5729.41,0.8927,3.988,0.741,0.7407,0.0405,369700,273963,0.741,0.741,2475900,0.740,65568300,0.739,52933900,0.738,41247600,0.737,35607100,0.742,33637500,0.743,30717500,0.744,32688200,0.745,23358400,0.746,26843600,895,99999,0
sh513130,09:31:58,1768872720425,5731.19,0.8927,4.7147,0.742,0.7407,0.1755,1531700,1135061,0.741,0.741,13271500,0.740,69437800,0.739,54798100,0.738,41430300,0.737,31629100,0.742,34636600,0.743,30782000,0.744,32688200,0.745,23358400,0.746,26844100,1735,99999,0
sh513130,09:32:01,1768872724413,5729.34,0.8927,3.3387,0.741,0.7407,0.0405,35000,25967,0.7419,0.741,3858900,0.740,69581800,0.739,55851500,0.738,41506900,0.737,31681100,0.742,35671100,0.743,30968100,0.744,32728200,0.745,23460000,0.746,26844100,787,99999,0
sh513130,09:32:04,1768872726424,5730.8,0.8927,5.7926,0.741,0.7407,0.0405,5546500,4110782,0.7411,0.741,19871900,0.740,70086800,0.739,56758200,0.738,43669000,0.737,33772600,0.742,37234500,0.743,31001100,0.744,31926900,0.745,23512700,0.746,26944200,7,99999,0
sh513130,09:32:07,1768872729442,5730.36,0.8927,5.1908,0.742,0.7407,0.1755,389900,289166,0.7416,0.741,16579200,0.740,70804300,0.739,57775900,0.738,43993000,0.737,33872600,0.742,36359200,0.743,31001100,0.744,33486000,0.745,23553700,0.746,27543700,948,99999,0
sh513130,09:32:10,1768872732443,5730.25,0.8927,5.3283,0.741,0.74,0.1351,478500,354707,0.7413,0.741,17549600,0.740,71249800,0.739,58654200,0.738,44247700,0.737,34003900,0.742,37808200,0.743,30970700,0.744,32575300,0.745,23621200,0.746,27563700,6,99999,0
sh513130,09:32:13,1768872735438,5730.17,0.8927,3.5036,0.742,0.74,0.2703,458900,340078,0.7411,0.741,17914900,0.740,72300500,0.739,59321800,0.738,44265100,0.737,34009300,0.742,39958100,0.743,30957300,0.744,32585300,0.745,23627200,0.746,27589600,938,99999,0
sh513130,09:32:16,1768872738441,5730.79,0.8927,3.5412,0.742,0.74,0.2703,211600,156902,0.7415,0.741,19136600,0.740,74006300,0.739,60302100,0.738,44310900,0.737,34012300,0.742,41024700,0.743,30957300,0.744,35675100,0.745,23645500,0.746,27575600,11,99999,0
sh513130,09:32:19,1768872741443,5731.87,0.8927,6.592,0.741,0.74,0.1351,1094900,811512,0.7412,0.741,18579500,0.740,74312200,0.739,61172300,0.738,44371000,0.737,34022300,0.742,41930800,0.743,30069900,0.744,34685100,0.745,25969500,0.746,27575600,928,99999,0
sh513130,09:32:22,1768872743457,5733.73,0.8927,6.3565,0.742,0.74,0.2703,134400,99658,0.7415,0.741,19716400,0.740,74667900,0.739,62024000,0.738,44734000,0.737,33952900,0.742,37709200,0.743,30054100,0.744,38624800,0.745,27969500,0.746,27586000,957,99999,0
sh513130,09:32:25,1768872747450,5733.77,0.8927,5.8154,0.742,0.7407,0.1755,117700,87304,0.7418,0.741,20186300,0.740,75877900,0.739,62081000,0.738,44705100,0.737,34064900,0.742,30395100,0.743,30384700,0.744,38626800,0.745,27989500,0.746,27596000,744,99999,0
sh513130,09:32:28,1768872750459,5735.47,0.8927,4.8905,0.741,0.7407,0.0405,418500,310180,0.7412,0.741,24306100,0.740,76179500,0.739,62083200,0.738,42775300,0.737,34179900,0.742,24370600,0.743,30512700,0.744,39004400,0.745,28034500,0.746,27596000,14,99999,0
sh513130,09:32:31,1768872752449,5734.26,0.8927,3.5895,0.741,0.7414,-0.054,1499300,1110998,0.741,0.741,20606100,0.740,76594800,0.739,62103600,0.738,46714700,0.737,34235900,0.742,32198100,0.743,30694100,0.744,39019400,0.745,28152000,0.746,27626000,16,99999,0
sh513130,09:32:34,1768872757454,5733.83,0.8927,3.1283,0.742,0.7414,0.0809,214500,158980,0.7412,0.741,21534700,0.740,76753900,0.739,62114400,0.738,47833500,0.737,34245900,0.742,35828100,0.743,30694100,0.744,38989000,0.745,28207700,0.746,27610300,972,99999,0
sh513130,09:32:37,1768872760445,5736.58,0.8927,2.0474,0.742,0.7414,0.0809,393600,291998,0.7419,0.741,22559600,0.740,76753500,0.739,62229000,0.738,48733600,0.737,34458100,0.742,34018700,0.743,30780100,0.744,38949000,0.745,28307700,0.746,27610300,14,99999,0
sh513130,09:32:40,1768872762456,5736.58,0.8927,5.5402,0.742,0.7407,0.1755,239800,177838,0.7416,0.741,26148300,0.740,77878800,0.739,62233800,0.738,45860600,0.737,34833600,0.742,25604000,0.743,30853100,0.744,38950000,0.745,28317500,0.746,27610300,668,99999,0
sh513130,09:32:43,1768872765458,5736.83,0.8927,7.0025,0.742,0.7407,0.1755,1047300,777096,0.742,0.741,29165500,0.740,77433600,0.739,62329200,0.738,46069900,0.737,34886600,0.742,26201300,0.743,31694000,0.744,38970000,0.745,28317500,0.746,27610300,956,99999,0
sh513130,09:32:46,1768872768484,5738.82,0.8927,5.6889,0.742,0.7414,0.0809,1038000,769233,0.7411,0.741,30649600,0.740,79579100,0.739,63192800,0.738,47187500,0.737,35936600,0.742,26384000,0.743,30794000,0.744,38970000,0.745,29307500,0.746,27610300,55,99999,0
sh513130,09:32:49,1768872771476,5738.88,0.8927,3.9327,0.741,0.7414,-0.054,104600,77558,0.7415,0.741,32101000,0.740,80743500,0.739,63217800,0.738,47221400,0.737,35961200,0.742,26611500,0.743,30794000,0.744,38970000,0.745,29307500,0.746,27610300,947,99999,0
sh513130,09:32:52,1768872775490,5738.32,0.8927,1.8815,0.742,0.7414,0.0809,1141800,846660,0.7415,0.741,31898000,0.740,82014600,0.739,63300900,0.738,47413900,0.737,36014200,0.742,26323300,0.743,30794000,0.744,38776300,0.745,28317500,0.746,27660300,785,99999,0
sh513130,09:32:55,1768872777500,5739.38,0.8927,2.6702,0.742,0.7414,0.0809,26673900,19792028,0.742,0.742,7705600,0.741,42190300,0.740,92581300,0.739,73080100,0.738,47471900,0.743,31147200,0.744,38776300,0.745,29336900,0.746,27660300,0.747,26859300,643,99999,0
sh513130,09:32:58,1768872780478,5740.13,0.8927,4.1176,0.742,0.7414,0.0809,282400,209542,0.742,0.742,21021700,0.741,42387400,0.740,95728400,0.739,73102200,0.738,42609600,0.743,32114900,0.744,38776300,0.745,29336900,0.746,27660300,0.747,26859300,18,99999,0
sh513130,09:33:01,1768872783481,5739.73,0.8927,3.4191,0.742,0.7414,0.0809,442900,328635,0.742,0.742,25415400,0.741,42905900,0.740,96750300,0.739,73392200,0.738,42647700,0.743,31134800,0.744,38776300,0.745,29436700,0.746,29770500,0.747,26859300,157,99999,0
sh513130,09:33:04,1768872786492,5739.83,0.8927,3.2444,0.742,0.7414,0.0809,964800,716597,0.7427,0.742,6935700,0.741,33310000,0.740,97808100,0.739,68638900,0.738,52689400,0.743,33163900,0.744,39177400,0.745,29436700,0.746,27770500,0.747,26859300,3,99999,0
sh513130,09:33:07,1768872789478,5740.61,0.8927,3.8112,0.742,0.7413,0.0944,6277300,4657763,0.742,0.742,12975000,0.741,43936300,0.740,98858600,0.739,68644900,0.738,42891900,0.743,31439300,0.744,39173900,0.745,29471700,0.746,28777800,0.747,26859300,962,99999,0
sh513130,09:33:10,1768872792488,5739.33,0.8927,4.8399,0.743,0.7414,0.2158,259100,192403,0.7426,0.742,14619300,0.741,45806900,0.740,99543600,0.739,67767800,0.738,43240500,0.743,34726500,0.744,39288600,0.745,29471700,0.746,27777800,0.747,26859800,47,99999,0
sh513130,09:33:13,1768872795464,5738.91,0.8927,3.4897,0.742,0.7414,0.0809,155900,115694,0.7421,0.742,15041100,0.741,45444800,0.740,100616700,0.739,69117500,0.738,43436300,0.743,36123300,0.744,39290200,0.745,29548300,0.746,27777800,0.747,26959800,899,99999,0
sh513130,09:33:16,1768872798461,5737.51,0.8927,2.9634,0.742,0.7414,0.0809,117400,87145,0.7423,0.742,15950200,0.741,45620900,0.740,98619200,0.739,69232600,0.738,43454300,0.743,37432600,0.744,39320200,0.745,29548500,0.746,27777800,0.747,26959800,23,99999,0
sh513130,09:33:19,1768872801450,5737.46,0.8927,2.0369,0.743,0.7414,0.2158,153800,114238,0.7428,0.742,17893200,0.741,45884700,0.740,99567400,0.739,69287300,0.738,43491300,0.743,37369300,0.744,39320200,0.745,29564200,0.746,27777800,0.747,26959800,881,99999,0
sh513130,09:33:22,1768872805456,5738.55,0.8927,2.784,0.743,0.7414,0.2158,386300,286746,0.7423,0.742,12290600,0.741,46005500,0.740,99553600,0.739,69297800,0.738,43548600,0.743,39715100,0.744,40230100,0.745,28674200,0.746,27777800,0.747,26959800,582,99999,0
sh513130,09:33:25,1768872806446,5738.55,0.8927,2.3985,0.743,0.7414,0.2158,125200,92993,0.7428,0.742,25815200,0.741,51690900,0.740,104846300,0.739,69430400,0.738,43675100,0.743,44266000,0.744,46119900,0.745,33606300,0.746,27808000,0.747,26959800,1572,99999,0
sh513130,09:33:28,1768872810451,5737.18,0.8927,2.6599,0.742,0.7414,0.0809,9961400,7392725,0.7421,0.741,42976900,0.740,104886400,0.739,69460400,0.738,53688300,0.737,36297500,0.742,9111400,0.743,44160500,0.744,46772400,0.745,33616300,0.746,27836000,1272,99999,0
sh513130,09:33:31,1768872813434,5735.59,0.8927,1.955,0.742,0.7414,0.0809,216800,160866,0.742,0.741,45603000,0.740,104990300,0.739,74465400,0.738,57723500,0.737,36294500,0.742,21183400,0.743,51758300,0.744,46773400,0.745,26578600,0.746,27821800,927,99999,0
sh513130,09:33:34,1768872816428,5735.52,0.8927,3.0418,0.742,0.7414,0.0809,848600,629659,0.742,0.741,52543900,0.740,105203300,0.739,74491400,0.738,55484000,0.737,36294500,0.742,8300600,0.743,51958800,0.744,47086400,0.745,28617500,0.746,27824600,792,99999,0
sh513130,09:33:37,1768872819458,5738.46,0.8927,5.9382,0.742,0.7407,0.1755,3932000,2917586,0.742,0.742,24275100,0.741,64804200,0.740,105390800,0.739,74784700,0.738,43840700,0.743,54972200,0.744,47942900,0.745,33664800,0.746,27845600,0.747,26855000,812,99999,0
sh513130,09:33:40,1768872822447,5738.16,0.8927,3.5066,0.742,0.7408,0.162,171900,127588,0.7422,0.742,34201900,0.741,59776900,0.740,105456800,0.739,70007600,0.738,44063500,0.743,56296600,0.744,48782700,0.745,34697800,0.746,27845600,0.747,27418500,15,99999,0
sh513130,09:33:43,1768872824448,5738.16,0.8927,2.952,0.742,0.7408,0.162,749300,556079,0.7421,0.742,28473600,0.741,59871900,0.740,105656400,0.739,70003700,0.738,44083500,0.743,56487800,0.744,49632500,0.745,34697800,0.746,27895600,0.747,27418500,206,99999,0
sh513130,09:33:40,1768872825455,5739.75,0.8927,3.4867,0.742,0.7408,0.162,0,0,0.742,0.742,34201900,0.741,59776900,0.740,105456800,0.739,70007600,0.738,44063500,0.743,56296600,0.744,48782700,0.745,34697800,0.746,27845600,0.747,27418500,909,99999,2
sh513130,09:33:43,1768872826445,5738.23,0.8927,3.4216,0.742,0.7408,0.162,0,0,0.742,0.742,28473600,0.741,59871900,0.740,105656400,0.739,70003700,0.738,44083500,0.743,56487800,0.744,49632500,0.745,34697800,0.746,27895600,0.747,27418500,9,99999,0
sh513130,09:33:46,1768872827447,5738.23,0.8927,2.3495,0.743,0.7414,0.2158,57000,42304,0.7422,0.742,22570400,0.741,65455900,0.740,106099100,0.739,70004400,0.738,44227200,0.743,56986300,0.744,50452300,0.745,34825200,0.746,27902600,0.747,27418500,768,99999,0
sh513130,09:33:49,1768872831469,5736.1,0.8927,1.5631,0.742,0.7414,0.0809,4592100,3407338,0.742,0.741,52515100,0.740,106180000,0.739,70021800,0.738,57219000,0.737,34362000,0.742,25773400,0.743,58924100,0.744,51292100,0.745,31839500,0.746,27699000,757,99999,0
sh513130,09:33:52,1768872834474,5734.87,0.8927,2.0182,0.742,0.7414,0.0809,994100,737623,0.742,0.741,52575100,0.740,95256200,0.739,75329800,0.738,57219000,0.737,34362000,0.742,28723900,0.743,58872500,0.744,49612500,0.745,26875800,0.746,27699000,54,99999,0
sh513130,09:33:55,1768872837478,5735.83,0.8927,1.8356,0.742,0.7407,0.1755,734100,544568,0.7418,0.741,52485400,0.740,96256000,0.739,75362100,0.738,58259100,0.737,34355000,0.742,29666700,0.743,59145900,0.744,49607200,0.745,26905800,0.746,27699000,303,99999,0
sh513130,09:33:58,1768872841464,5737.93,0.8927,4.8505,0.742,0.7407,0.1755,3645100,2704584,0.742,0.742,22502200,0.741,67120200,0.740,96746100,0.739,75387200,0.738,44628800,0.743,59215300,0.744,48875300,0.745,28917800,0.746,27699000,0.747,27404600,914,99999,0
sh513130,09:34:01,1768872844427,5740.21,0.8927,5.8033,0.742,0.7407,0.1755,2772700,2057368,0.742,0.742,30537500,0.741,60683500,0.740,97962800,0.739,75387200,0.738,44705300,0.743,59232900,0.744,49363500,0.745,33923800,0.746,27753800,0.747,27404600,11,99999,0
sh513130,09:34:04,1768872845434,5740.21,0.8927,5.0258,0.743,0.7407,0.3105,496200,368589,0.7428,0.742,31765800,0.741,60830100,0.740,99258700,0.739,74416100,0.738,44761300,0.743,57911500,0.744,49363500,0.745,33979700,0.746,28353200,0.747,28004000,853,99999,0
sh513130,09:34:01,1768872846435,5740.21,0.8927,3.9478,0.742,0.7407,0.1755,0,0,0.742,0.742,30537500,0.741,60683500,0.740,97962800,0.739,75387200,0.738,44705300,0.743,59232900,0.744,49363500,0.745,33923800,0.746,27753800,0.747,27404600,630,99999,2
sh513130,09:34:04,1768872847430,5738.82,0.8927,3.8771,0.743,0.7407,0.3105,0,0,0.743,0.742,31765800,0.741,60830100,0.740,99258700,0.739,74416100,0.738,44761300,0.743,57911500,0.744,49363500,0.745,33979700,0.746,28353200,0.747,28004000,903,99999,0
sh513130,09:34:07,1768872848426,5738.82,0.8927,3.6786,0.742,0.7414,0.0809,840200,623437,0.742,0.742,36173400,0.741,61725200,0.740,100046300,0.739,69466100,0.738,44853300,0.743,58220100,0.744,49373500,0.745,35032300,0.746,28360200,0.747,28004000,471,99999,0
sh513130,09:34:10,1768872852414,5739.37,0.8927,1.8905,0.743,0.7414,0.2158,739300,548639,0.7421,0.742,35647500,0.741,62044400,0.740,100905300,0.739,69464600,0.738,44837800,0.743,59118700,0.744,49348100,0.745,35081300,0.746,28360200,0.747,28318700,151,99999,0
sh513130,09:34:13,1768872854409,5738.97,0.8927,2.6449,0.742,0.7414,0.0809,5751400,4267551,0.742,0.741,57233600,0.740,102138900,0.739,70465700,0.738,45503600,0.737,34440600,0.742,14832700,0.743,60239700,0.744,49348100,0.745,34091300,0.746,28360200,1914,99999,0
sh513130,09:34:16,1768872858394,5736.9,0.8927,1.6042,0.742,0.7414,0.0809,5604300,4158680,0.7421,0.741,52100000,0.740,98139700,0.739,70485600,0.738,55498100,0.737,34530600,0.742,16351000,0.743,55439900,0.744,44368100,0.745,29100600,0.746,28360200,1823,99999,0
sh513130,09:34:19,1768872860387,5736.27,0.8927,1.4943,0.742,0.7414,0.0809,1105800,820503,0.742,0.741,50273800,0.740,99134400,0.739,70485600,0.738,58497400,0.737,34541800,0.742,35177500,0.743,49835000,0.744,44381600,0.745,27097600,0.746,28360200,1659,99999,0
sh513130,09:34:22,1768872864371,5736.21,0.8927,0.7526,0.742,0.7414,0.0809,581800,431696,0.742,0.741,50874900,0.740,99804800,0.739,70305600,0.738,58497400,0.737,34551900,0.742,25386900,0.743,55469000,0.744,44393000,0.745,27107600,0.746,28360200,1326,99999,0
sh513130,09:34:25,1768872867335,5735.67,0.8927,1.2315,0.742,0.7414,0.0809,557500,413648,0.742,0.741,52709000,0.740,100872900,0.739,70325600,0.738,58592900,0.737,34594100,0.742,30795000,0.743,54547300,0.744,44369500,0.745,27207600,0.746,28370200,816,99999,0
sh513130,09:34:28,1768872870324,5736.14,0.8927,2.4518,0.742,0.7414,0.0809,211200,156690,0.7419,0.741,53302400,0.740,93584500,0.739,70325600,0.738,58593900,0.737,34594300,0.742,33232300,0.743,47575200,0.744,44280500,0.745,27254600,0.746,28370200,850,99999,0
sh513130,09:34:31,1768872873328,5736.26,0.8927,2.9058,0.742,0.7407,0.1755,1377900,1022386,0.742,0.741,61955100,0.740,99736500,0.739,75339100,0.738,55596000,0.737,34597000,0.742,9413700,0.743,57795200,0.744,49293200,0.745,34289600,0.746,28404000,864,99999,0
sh513130,09:34:34,1768872876339,5735.87,0.8927,3.9462,0.742,0.7407,0.1755,547400,405920,0.7415,0.741,65128500,0.740,100954200,0.739,75349100,0.738,55638700,0.737,34597000,0.742,19445400,0.743,57795200,0.744,49313200,0.745,34379600,0.746,28434000,369,99999,0
sh513130,09:34:37,1768872879341,5735.46,0.8927,5.0911,0.741,0.7414,-0.054,1885900,1398237,0.7414,0.741,61320700,0.740,99198600,0.739,75352000,0.738,58683800,0.737,34597000,0.742,35013800,0.743,52193200,0.744,49313200,0.745,27379600,0.746,28434000,829,99999,0
sh513130,09:34:40,1768872882334,5736.5,0.8927,4.875,0.741,0.7414,-0.054,72200,53541,0.7416,0.741,61696200,0.740,100123800,0.739,75355000,0.738,58703300,0.737,34597000,0.742,34993400,0.743,57945200,0.744,49492600,0.745,27254600,0.746,28434000,1818,99999,0
sh513130,09:34:43,1768872885321,5734.93,0.8927,2.6104,0.741,0.7414,-0.054,542000,401851,0.7414,0.741,61530800,0.740,100999400,0.739,75373000,0.738,58706700,0.737,34597000,0.742,36363100,0.743,58122800,0.744,49507600,0.745,27254600,0.746,28436000,725,99999,0
sh513130,09:34:46,1768872888319,5734.73,0.8927,2.1903,0.741,0.7414,-0.054,1274400,944432,0.7411,0.741,60663300,0.740,98423000,0.739,75373000,0.738,58750700,0.737,34607000,0.742,45585400,0.743,52800900,0.744,49507600,0.745,29257000,0.746,28476000,1566,99999,0
sh513130,09:34:49,1768872891327,5734.84,0.8927,3.8949,0.742,0.7414,0.0809,509600,377670,0.7411,0.741,59965100,0.740,98626500,0.739,75424000,0.738,59707300,0.737,34608000,0.742,47683600,0.743,52449800,0.744,49507800,0.745,29586700,0.746,28476000,257,99999,0
sh513130,09:34:52,1768872894321,5734.04,0.8927,5.3716,0.742,0.7407,0.1755,277000,205416,0.7416,0.741,59730500,0.740,98670400,0.739,75427000,0.738,60554200,0.737,34627600,0.742,48783500,0.743,52026600,0.744,49707800,0.745,29405000,0.746,28476000,1097,99999,0
sh513130,09:34:55,1768872897308,5735.41,0.8927,2.9748,0.741,0.7407,0.0405,650900,482654,0.7415,0.741,60109000,0.740,100705400,0.739,75758300,0.738,61420800,0.737,34641100,0.742,43811500,0.743,58314000,0.744,49727800,0.745,29405000,0.746,28477100,828,99999,0
sh513130,09:34:58,1768872899290,5736.2,0.8927,3.5253,0.742,0.7407,0.1755,90700,67269,0.7417,0.741,64492000,0.740,100786800,0.739,75969200,0.738,59332200,0.737,34642100,0.742,11511500,0.743,58414000,0.744,50027800,0.745,31405000,0.746,28477100,819,99999,0
sh513130,09:35:01,1768872903275,5739.95,0.8927,7.6408,0.743,0.7407,0.3105,10459800,7760933,0.742,0.742,28707300,0.741,72326300,0.740,102875000,0.739,75045300,0.738,52127700,0.743,61384000,0.744,51027800,0.745,38405000,0.746,28476400,0.747,28269600,804,99999,0
sh513130,09:35:04,1768872907266,5739.75,0.8927,6.3995,0.743,0.7407,0.3105,4575600,3395158,0.742,0.742,51265700,0.741,110990900,0.740,113215900,0.739,75055300,0.738,48684100,0.743,94592900,0.744,73893100,0.745,38405000,0.746,28476400,0.747,28269600,724,99999,0
sh513130,09:35:07,1768872909257,5739.5,0.8927,6.5284,0.743,0.7414,0.2158,145600,108145,0.7428,0.742,68964000,0.741,105426200,0.740,114180500,0.739,69754500,0.738,48684200,0.743,95054000,0.744,73811400,0.745,38448000,0.746,28743500,0.747,28269600,727,99999,0
sh513130,09:35:10,1768872912242,5741.2,0.8927,5.5034,0.742,0.7414,0.0809,576700,428013,0.7422,0.742,75240300,0.741,105619400,0.740,113919400,0.739,68735100,0.738,48718900,0.743,88775200,0.744,79411400,0.745,39440000,0.746,30743500,0.747,28258800,1763,99999,0
sh513130,09:35:13,1768872916225,5741.84,0.8927,3.6738,0.743,0.7414,0.2158,1016400,754912,0.7427,0.742,75539600,0.741,106536500,0.740,114388200,0.739,69767900,0.738,48776800,0.743,68325500,0.744,82490000,0.745,64248800,0.746,30843500,0.747,28258800,1420,99999,0
sh513130,09:35:16,1768872918227,5742.27,0.8927,3.2781,0.743,0.7414,0.2158,301500,223934,0.7427,0.742,78814400,0.741,105416500,0.740,115355600,0.739,69763400,0.738,48978100,0.743,97775900,0.744,73870300,0.745,43908500,0.746,30843500,0.747,28258800,1264,99999,0
sh513130,09:35:19,1768872921215,5742.83,0.8927,2.8648,0.743,0.7414,0.2158,956700,710656,0.7428,0.742,80775300,0.741,105629500,0.740,116303700,0.739,69553500,0.738,49080900,0.743,96990800,0.744,73993200,0.745,43908500,0.746,30788700,0.747,28272000,722,99999,0
sh513130,09:35:22,1768872925202,5740.61,0.8927,4.1916,0.742,0.7414,0.0809,406800,302154,0.7428,0.742,76268400,0.741,105970100,0.740,117242100,0.739,72553500,0.738,49090900,0.743,97989300,0.744,74023200,0.745,43954200,0.746,30788700,0.747,28345100,641,99999,0
sh513130,09:35:25,1768872927185,5739.95,0.8927,4.4083,0.742,0.7414,0.0809,20470600,15190357,0.7421,0.741,97691200,0.740,132424000,0.739,72688200,0.738,59083900,0.737,34741400,0.742,5313700,0.743,92985500,0.744,73273200,0.745,44204200,0.746,30967100,644,99999,0
sh513130,09:35:28,1768872931167,5739.61,0.8927,5.3004,0.742,0.7414,0.0809,295500,219252,0.742,0.741,107315000,0.740,133385000,0.739,77909900,0.738,49204900,0.737,34742300,0.742,5949600,0.743,94333700,0.744,73273200,0.745,43349200,0.746,30967100,565,99999,0
sh513130,09:35:31,1768872933151,5739.35,0.8927,5.1256,0.742,0.7414,0.0809,4636900,3440583,0.742,0.741,111783400,0.740,134257700,0.739,77945900,0.738,49240900,0.737,34742300,0.742,8997800,0.743,95459100,0.744,74473200,0.745,43349200,0.746,30997100,658,99999,0
sh513130,09:35:34,1768872937125,5738.17,0.8927,7.2531,0.742,0.7414,0.0809,8794700,6525633,0.742,0.741,99851100,0.740,135029800,0.739,77989900,0.738,59279300,0.737,34740300,0.742,19352700,0.743,97419700,0.744,74473200,0.745,43460500,0.746,32012100,584,99999,0
sh513130,09:35:37,1768872939118,5739.71,0.8927,5.804,0.742,0.7414,0.0809,921800,683951,0.742,0.742,41995800,0.741,110285800,0.740,135249900,0.739,77960900,0.738,50163000,0.743,97539600,0.744,75421800,0.745,43460500,0.746,32012100,0.747,28441500,616,99999,0
sh513130,09:35:40,1768872942109,5740.65,0.8927,5.5511,0.742,0.7414,0.0809,231500,171782,0.742,0.742,56607600,0.741,110481200,0.740,133518700,0.739,74960900,0.738,49400300,0.743,96759900,0.744,76273300,0.745,44450500,0.746,32768900,0.747,28451500,1390,99999,0
sh513130,09:35:43,1768872945116,5740.52,0.8927,6.6785,0.742,0.7414,0.0809,689700,511765,0.742,0.742,67667600,0.741,104935500,0.740,133598300,0.739,69971200,0.738,49461300,0.743,97943700,0.744,77167900,0.745,47932800,0.746,32768900,0.747,28451500,97,99999,0
sh513130,09:35:46,1768872949097,5741.31,0.8927,3.9534,0.742,0.7414,0.0809,180700,134194,0.7426,0.742,65081100,0.741,110578600,0.740,133757100,0.739,69971200,0.738,49577700,0.743,98211100,0.744,78007700,0.745,47965000,0.746,32772400,0.747,28478500,593,99999,0
sh513130,09:35:49,1768872952069,5740.06,0.8927,3.694,0.742,0.7414,0.0809,34500,25623,0.7427,0.742,62900700,0.741,110596900,0.740,133882400,0.739,69976200,0.738,49645700,0.743,98312100,0.744,78817600,0.745,47865000,0.746,32852400,0.747,28478500,552,99999,0
sh513130,09:35:52,1768872954077,5739.57,0.8927,2.6118,0.742,0.7414,0.0809,258400,191764,0.7421,0.742,43934100,0.741,110822300,0.740,133957700,0.739,72978200,0.738,49679200,0.743,99591300,0.744,79583500,0.745,46868700,0.746,32852400,0.747,28481200,395,99999,0
sh513130,09:35:55,1768872957072,5739.83,0.8927,3.3835,0.743,0.7414,0.2158,2351200,1744685,0.742,0.742,42336500,0.741,110755500,0.740,134033000,0.739,73160500,0.738,49616900,0.743,98632200,0.744,79583500,0.745,48697500,0.746,32857400,0.747,28481200,581,99999,0
sh513130,09:35:58,1768872960072,5739.27,0.8927,1.6875,0.742,0.7414,0.0809,4882300,3622682,0.742,0.742,8663000,0.741,110982300,0.740,134138400,0.739,73160500,0.738,50646900,0.743,99013100,0.744,79583500,0.745,49333200,0.746,32857600,0.747,28484400,1581,99999,0
sh513130,09:36:01,1768872963070,5739.48,0.8927,2.3007,0.743,0.7414,0.2158,1093000,811080,0.7421,0.742,55194800,0.741,111564300,0.740,134157400,0.739,73164600,0.738,50654000,0.743,100051700,0.744,79683500,0.745,50187200,0.746,32913600,0.747,28514400,574,99999,0
sh513130,09:36:04,1768872967081,5738.38,0.8927,1.614,0.742,0.7414,0.0809,587100,435813,0.7423,0.742,48931400,0.741,111454900,0.740,134398200,0.739,73354600,0.738,50671800,0.743,100255800,0.744,79761900,0.745,51025900,0.746,32199400,0.747,28516900,442,99999,0
sh513130,09:36:07,1768872969074,5738.21,0.8927,1.2875,0.743,0.7414,0.2158,155500,115448,0.7424,0.742,63747600,0.741,111517600,0.740,134431400,0.739,73298100,0.738,50688400,0.743,101046400,0.744,79815300,0.745,51967600,0.746,31899400,0.747,28591700,285,99999,0
sh513130,09:36:04,1768872970074,5738.21,0.8927,1.051,0.742,0.7414,0.0809,0,0,0.742,0.742,48931400,0.741,111454900,0.740,134398200,0.739,73354600,0.738,50671800,0.743,100255800,0.744,79761900,0.745,51025900,0.746,32199400,0.747,28516900,1283,99999,2
sh513130,09:36:07,1768872971081,5738.56,0.8927,2.6975,0.743,0.7414,0.2158,0,0,0.743,0.742,63747600,0.741,111517600,0.740,134431400,0.739,73298100,0.738,50688400,0.743,101046400,0.744,79815300,0.745,51967600,0.746,31899400,0.747,28591700,142,99999,0
sh513130,09:36:10,1768872972071,5738.56,0.8927,3.0811,0.742,0.7421,-0.0135,8251000,6122305,0.742,0.741,99375200,0.740,135447600,0.739,73312100,0.738,61551100,0.737,35955900,0.742,19610400,0.743,101330100,0.744,78875300,0.745,49976300,0.746,31899400,1133,99999,0
sh513130,09:36:13,1768872976082,5738.16,0.8927,5.9073,0.742,0.7421,-0.0135,3974700,2949121,0.742,0.741,101673000,0.740,135491200,0.739,78330200,0.738,61552100,0.737,36060900,0.742,2108100,0.743,101549700,0.744,80065200,0.745,52006500,0.746,31899400,736,99999,0
sh513130,09:36:16,1768872978105,5737.31,0.8927,7.6734,0.742,0.7414,0.0809,494600,366993,0.742,0.741,100457000,0.740,135560400,0.739,78337200,0.738,62430800,0.737,36060900,0.742,67560500,0.743,86720500,0.744,61566400,0.745,37709900,0.746,31899400,692,99999,0
sh513130,09:36:19,1768872982104,5735.6,0.8927,5.8104,0.742,0.7414,0.0809,970200,719779,0.7419,0.741,100539400,0.740,134791400,0.739,79291900,0.738,63157800,0.737,36056900,0.742,72900000,0.743,86525200,0.744,61566400,0.745,32712200,0.746,33219000,379,99999,0
sh513130,09:36:22,1768872984106,5735.45,0.8927,4.1617,0.742,0.7408,0.162,1178900,874264,0.7416,0.741,100038800,0.740,135780600,0.739,79341900,0.738,63997800,0.737,36046900,0.742,52894100,0.743,93492100,0.744,71585400,0.745,32752200,0.746,33215000,229,99999,0
sh513130,09:36:25,1768872988108,5733.85,0.8927,3.624,0.742,0.7408,0.162,254100,188488,0.7418,0.741,100050300,0.740,136116700,0.739,79386900,0.738,64925800,0.737,36046900,0.742,71126800,0.743,84402300,0.744,60593800,0.745,32817200,0.746,33215000,1225,99999,0
sh513130,09:36:28,1768872991111,5736.18,0.8927,6.8146,0.741,0.7408,0.027,760000,563787,0.7418,0.741,100203200,0.740,136147200,0.739,79447400,0.738,65775500,0.737,36049900,0.742,43608600,0.743,85356200,0.744,83760100,0.745,32870600,0.746,33215000,529,99999,0
sh513130,09:36:31,1768872993107,5739.0,0.8927,8.4183,0.742,0.7414,0.0809,9727000,7217332,0.742,0.742,16995700,0.741,110409600,0.740,135208400,0.739,79609900,0.738,50697300,0.743,90861100,0.744,84775400,0.745,33709100,0.746,32715000,0.747,28621700,581,99999,0
sh513130,09:36:34,1768872996088,5740.07,0.8927,8.1736,0.742,0.7414,0.0809,5354700,3973187,0.742,0.741,101792700,0.740,136239900,0.739,73671700,0.738,60920800,0.737,36179900,0.742,5316300,0.743,90700700,0.744,84799600,0.745,39547800,0.746,32719000,1432,99999,0
sh513130,09:36:37,1768872999060,5737.57,0.8927,6.9449,0.742,0.7414,0.0809,1152300,854989,0.742,0.741,102293300,0.740,136243800,0.739,78701700,0.738,61792500,0.737,36204000,0.742,10205500,0.743,85353500,0.744,84866000,0.745,39547800,0.746,32719000,98,99999,0
sh513130,09:36:40,1768873003053,5736.17,0.8927,4.7326,0.741,0.7414,-0.054,473000,350925,0.7419,0.741,101518500,0.740,135604800,0.739,79776200,0.738,62687200,0.737,36404000,0.742,55540000,0.743,83280700,0.744,63575800,0.745,37870400,0.746,32789000,503,99999,0
sh513130,09:36:43,1768873006067,5734.98,0.8927,5.0515,0.741,0.7414,-0.054,909300,673895,0.7411,0.741,95129800,0.740,141220600,0.739,79776200,0.738,62687200,0.737,36404000,0.742,61453500,0.743,83471000,0.744,62475800,0.745,32870400,0.746,32789000,623,99999,0
sh513130,09:36:46,1768873008076,5734.25,0.8927,4.5135,0.742,0.7408,0.162,508100,377003,0.742,0.741,95713100,0.740,141321900,0.739,79859800,0.738,63578500,0.737,36935600,0.742,63746200,0.743,82878000,0.744,57514600,0.745,32870400,0.746,32789000,481,99999,0
sh513130,09:36:49,1768873011072,5733.26,0.8927,5.0108,0.742,0.7408,0.162,244200,180971,0.7411,0.741,92720300,0.740,141552700,0.739,80120800,0.738,67476200,0.737,36935600,0.742,64235100,0.743,82996600,0.744,56524600,0.745,32870400,0.746,32805900,540,99999,0
sh513130,09:36:52,1768873014068,5732.86,0.8927,3.1559,0.742,0.7408,0.162,218200,161697,0.741,0.741,93048700,0.740,141606000,0.739,80120800,0.738,68328700,0.737,36945600,0.742,66445200,0.743,83074000,0.744,56390700,0.745,32905600,0.746,32940400,12,99999,0
sh513130,09:36:55,1768873017071,5731.96,0.8927,2.7174,0.742,0.7408,0.162,106700,79108,0.7414,0.741,71475700,0.740,153829100,0.739,108128000,0.738,69205400,0.737,37015600,0.742,66499800,0.743,83084400,0.744,56356200,0.745,32965600,0.746,32940400,553,99999,0
sh513130,09:36:58,1768873020076,5731.37,0.8927,2.7365,0.742,0.7408,0.162,155500,115381,0.742,0.741,87322100,0.740,144196100,0.739,108128000,0.738,69265400,0.737,37015600,0.742,67131000,0.743,83095400,0.744,56378100,0.745,32965600,0.746,32940400,1546,99999,0
sh513130,09:37:01,1768873023078,5731.03,0.8927,2.4292,0.742,0.7408,0.162,158200,117339,0.7417,0.741,75509000,0.740,134297100,0.739,108134000,0.738,69366800,0.737,37015600,0.742,69192400,0.743,83309000,0.744,56309500,0.745,32884800,0.746,33726900,365,99999,0
sh513130,09:36:58,1768873024072,5731.03,0.8927,2.862,0.742,0.7408,0.162,0,0,0.742,0.741,87322100,0.740,144196100,0.739,108128000,0.738,69265400,0.737,37015600,0.742,67131000,0.743,83095400,0.744,56378100,0.745,32965600,0.746,32940400,447,99999,2
sh513130,09:37:01,1768873025077,5729.71,0.8927,2.8403,0.742,0.7408,0.162,0,0,0.742,0.741,75509000,0.740,134297100,0.739,108134000,0.738,69366800,0.737,37015600,0.742,69192400,0.743,83309000,0.744,56309500,0.745,32884800,0.746,33726900,208,99999,0
sh513130,09:37:04,1768873026074,5729.71,0.8927,3.1517,0.741,0.7408,0.027,48902500,36236845,0.741,0.740,135410400,0.739,108142000,0.738,75221100,0.737,47030600,0.736,32152100,0.741,6194300,0.742,71370600,0.743,83163500,0.744,56332400,0.745,32884800,1207,99999,0
sh513130,09:37:07,1768873030085,5729.72,0.8927,5.3371,0.741,0.7401,0.1216,6086000,4509726,0.741,0.740,144784300,0.739,109293000,0.738,76129800,0.737,37106600,0.736,32152100,0.741,4677600,0.742,71925100,0.743,80238100,0.744,55242100,0.745,32884800,906,99999,0
sh513130,09:37:10,1768873033074,5727.82,0.8927,2.3869,0.741,0.7401,0.1216,3154200,2337266,0.741,0.741,45959800,0.740,135834800,0.739,109379800,0.738,74499700,0.737,37108100,0.742,78328800,0.743,81175100,0.744,55242100,0.745,32891800,0.746,33623900,538,99999,0
sh513130,09:37:13,1768873035075,5728.45,0.8927,0.6381,0.741,0.7401,0.1216,7255300,5376220,0.741,0.741,19434300,0.740,135696500,0.739,109379900,0.738,75365400,0.737,47165900,0.742,80560000,0.743,81637300,0.744,55100600,0.745,32939800,0.746,33623900,547,99999,0
sh513130,09:37:16,1768873038074,5728.07,0.8927,-0.2444,0.741,0.7408,0.027,8632100,6396395,0.741,0.740,136190700,0.739,109380400,0.738,76430000,0.737,47155900,0.736,32187900,0.741,5637500,0.742,81372600,0.743,81645300,0.744,55087100,0.745,32939800,279,99999,0
sh513130,09:37:19,1768873041052,5728.98,0.8927,0.9909,0.741,0.7408,0.027,666900,494111,0.7409,0.740,136055700,0.739,109486400,0.738,77288600,0.737,47155900,0.736,32121600,0.741,3498300,0.742,84237400,0.743,80836100,0.744,55087100,0.745,32939800,542,99999,0
sh513130,09:37:22,1768873045062,5727.34,0.8927,2.2833,0.741,0.7401,0.1216,180900,134003,0.7408,0.740,136252300,0.739,109496400,0.738,78266600,0.737,47143900,0.736,32189600,0.741,7676400,0.742,78163800,0.743,80999500,0.744,55073000,0.745,33001000,571,99999,0
sh513130,09:37:25,1768873048052,5726.95,0.8927,2.1498,0.741,0.7401,0.1216,462200,342460,0.7409,0.740,136260100,0.739,109604200,0.738,79124800,0.737,47143900,0.736,32218300,0.741,43266700,0.742,78891000,0.743,68025800,0.744,41156900,0.745,33002000,1512,99999,0
sh513130,09:37:28,1768873050039,5727.42,0.8927,2.0088,0.741,0.7401,0.1216,281800,208814,0.741,0.740,136931000,0.739,109774200,0.738,79832200,0.737,47143900,0.736,32296300,0.741,4591500,0.742,76347800,0.743,87297300,0.744,41333100,0.745,33002000,1473,99999,0
sh513130,09:37:31,1768873054023,5727.68,0.8927,4.3756,0.74,0.7401,-0.0135,800300,593020,0.741,0.740,136847400,0.739,109843400,0.738,79872000,0.737,50013600,0.736,32309500,0.741,42254000,0.742,71390400,0.743,87240600,0.744,43339200,0.745,32265100,1140,99999,0
sh513130,09:37:34,1768873057025,5727.11,0.8927,3.7989,0.741,0.7401,0.1216,2086600,1546037,0.7409,0.740,137352500,0.739,109535900,0.738,80970800,0.737,50742100,0.736,32329500,0.741,46322500,0.742,71922200,0.743,63248000,0.744,38886100,0.745,32387400,498,99999,0
sh513130,09:37:37,1768873060024,5726.63,0.8927,5.3104,0.741,0.7401,0.1216,701300,519573,0.7409,0.740,131523300,0.739,113854800,0.738,80015500,0.737,51590900,0.736,32339500,0.741,62820000,0.742,72785300,0.743,63150200,0.744,33913100,0.745,32420400,679,99999,0
sh513130,09:37:40,1768873062024,5726.69,0.8927,6.0499,0.74,0.7401,-0.0135,590400,437448,0.7409,0.740,137797500,0.739,108840900,0.738,81130500,0.737,54450700,0.736,34436500,0.741,63158700,0.742,72030500,0.743,63191100,0.744,34549100,0.745,32105700,525,99999,0
sh513130,09:37:43,1768873065028,5725.71,0.8927,5.7733,0.741,0.7401,0.1216,338300,250560,0.7406,0.740,132619400,0.739,114359900,0.738,81150500,0.737,55318500,0.736,34451600,0.741,66169700,0.742,70906500,0.743,58344000,0.744,33608400,0.745,32105700,529,99999,0
sh513130,09:37:46,1768873068026,5726.12,0.8927,5.0385,0.741,0.7401,0.1216,243600,180436,0.7407,0.740,132785500,0.739,114297900,0.738,81305200,0.737,56226300,0.736,34451600,0.741,69106000,0.742,70493000,0.743,58363000,0.744,32621500,0.745,32047800,34,99999,0
sh513130,09:37:49,1768873072027,5724.94,0.8927,2.6488,0.741,0.7401,0.1216,809300,599325,0.7405,0.740,106590400,0.739,126572400,0.738,108383200,0.737,59253300,0.736,34469100,0.741,71629300,0.742,70468800,0.743,58942500,0.744,32519900,0.745,32009600,1510,99999,0
sh513130,09:37:52,1768873074019,5724.19,0.8927,2.7299,0.741,0.7401,0.1216,509800,377470,0.7404,0.740,78994500,0.739,128125900,0.738,108435100,0.737,59266600,0.736,34831700,0.741,74566000,0.742,70600800,0.743,58970400,0.744,32619900,0.745,32911600,1521,99999,0
sh513130,09:37:55,1768873077027,5725.34,0.8927,4.9064,0.741,0.7394,0.2164,1281600,948595,0.7402,0.740,122588500,0.739,128155000,0.738,108534100,0.737,59579100,0.736,34846700,0.741,77902400,0.742,70760700,0.743,59028700,0.744,32619900,0.745,33365500,413,99999,0
sh513130,09:37:58,1768873080024,5724.52,0.8927,3.2098,0.74,0.7394,0.0811,5927000,4386213,0.74,0.740,71435800,0.739,107931300,0.738,108608800,0.737,64611100,0.736,44866700,0.741,76913900,0.742,70965700,0.743,58958700,0.744,32619900,0.745,33445900,1245,99999,0
sh513130,09:38:01,1768873083004,5725.19,0.8927,3.1865,0.741,0.7394,0.2164,525100,389041,0.7409,0.740,119021200,0.739,118117600,0.738,108708400,0.737,65461400,0.736,34887700,0.741,82923200,0.742,71021600,0.743,58983100,0.744,33310900,0.745,33445900,486,99999,0
sh513130,09:38:04,1768873087013,5725.06,0.8927,3.1794,0.74,0.7394,0.0811,37600,27853,0.7408,0.740,119944600,0.739,118131600,0.738,108933500,0.737,65448600,0.736,34900300,0.741,85075900,0.742,70842100,0.743,59207300,0.744,33296900,0.745,33445900,487,99999,0
sh513130,09:38:07,1768873089011,5724.9,0.8927,5.0576,0.741,0.7394,0.2164,79700,58993,0.7402,0.740,124848200,0.739,119076400,0.738,109309700,0.737,59711900,0.736,34902300,0.741,85376000,0.742,71082100,0.743,59004600,0.744,33296900,0.745,33495900,510,99999,0
sh513130,09:38:10,1768873092990,5724.97,0.8927,5.171,0.74,0.7394,0.0811,506900,375147,0.7401,0.740,133078900,0.739,114481200,0.738,109512400,0.737,56711900,0.736,35083000,0.741,86735100,0.742,71094700,0.743,59104600,0.744,33296800,0.745,33627900,482,99999,0
sh513130,09:38:13,1768873095980,5725.31,0.8927,6.2796,0.74,0.7394,0.0811,209700,155358,0.7409,0.740,134217500,0.739,114598800,0.738,109371300,0.737,57015100,0.736,35112400,0.741,86911000,0.742,70994400,0.743,59174600,0.744,33296800,0.745,33630900,1173,99999,0
sh513130,09:38:16,1768873097988,5726.15,0.8927,7.2017,0.74,0.7394,0.0811,1194200,883802,0.7401,0.740,133809400,0.739,115582000,0.738,109349600,0.737,57011600,0.736,35113400,0.741,88599300,0.742,71449600,0.743,59197300,0.744,33292800,0.745,33735700,1477,99999,0
sh513130,09:38:19,1768873101019,5726.28,0.8927,4.1965,0.74,0.7394,0.0811,203500,150669,0.7404,0.740,134892700,0.739,116447700,0.738,109393500,0.737,57031700,0.736,35463200,0.741,88832200,0.742,71829100,0.743,59197300,0.744,33403800,0.745,33835700,441,99999,0
sh513130,09:38:22,1768873105028,5726.91,0.8927,3.2679,0.74,0.7394,0.0811,1293900,957504,0.74,0.740,133522300,0.739,117568100,0.738,109515300,0.737,57031700,0.736,35463500,0.741,90694900,0.742,71943100,0.743,59173800,0.744,33400700,0.745,33855200,351,99999,0
sh513130,09:38:25,1768873108034,5727.05,0.8927,5.3482,0.74,0.7394,0.0811,313400,231941,0.7401,0.740,134384700,0.739,119586500,0.738,109535100,0.737,57061500,0.736,35463500,0.741,81020500,0.742,71942900,0.743,59911100,0.744,33400700,0.745,33855200,1206,99999,0
sh513130,09:38:28,1768873110041,5726.28,0.8927,3.3178,0.74,0.7394,0.0811,402500,297960,0.7403,0.740,133780300,0.739,120345500,0.738,110356800,0.737,57070000,0.736,35468500,0.741,82249800,0.742,72017800,0.743,59911100,0.744,33380800,0.745,33855200,1056,99999,0
sh513130,09:38:31,1768873114038,5727.15,0.8927,2.6343,0.741,0.7394,0.2164,201600,149307,0.7406,0.740,134127900,0.739,121405900,0.738,110611800,0.737,57080000,0.736,35486500,0.741,83700500,0.742,71965600,0.743,59909700,0.744,33352900,0.745,33905200,732,99999,0
sh513130,09:38:34,1768873116048,5727.67,0.8927,1.757,0.741,0.7394,0.2164,963200,713191,0.7404,0.740,134698000,0.739,122323400,0.738,111485800,0.737,57131000,0.736,35496500,0.741,84065400,0.742,71965600,0.743,60109700,0.744,33152900,0.745,33907200,588,99999,0
sh513130,09:38:37,1768873119050,5727.51,0.8927,2.9022,0.741,0.7394,0.2164,224300,166055,0.7403,0.740,135377100,0.739,123358300,0.738,110530500,0.737,57231200,0.736,35515100,0.741,85610600,0.742,71925800,0.743,60134800,0.744,33222900,0.745,33921400,550,99999,0
sh513130,09:38:34,1768873120061,5727.51,0.8927,3.745,0.741,0.7394,0.2164,0,0,0.741,0.740,134698000,0.739,122323400,0.738,111485800,0.737,57131000,0.736,35496500,0.741,84065400,0.742,71965600,0.743,60109700,0.744,33152900,0.745,33907200,282,99999,2
sh513130,09:38:37,1768873121056,5726.45,0.8927,3.7363,0.741,0.7394,0.2164,0,0,0.741,0.740,135377100,0.739,123358300,0.738,110530500,0.737,57231200,0.736,35515100,0.741,85610600,0.742,71925800,0.743,60134800,0.744,33222900,0.745,33921400,518,99999,0
sh513130,09:38:40,1768873123064,5727.96,0.8927,2.8969,0.741,0.7394,0.2164,95800,70948,0.7406,0.740,135865400,0.739,124199400,0.738,111577500,0.737,57209200,0.736,35731400,0.741,86884900,0.742,71855800,0.743,60034800,0.744,33222900,0.745,33923400,483,99999,0
sh513130,09:38:43,1768873125053,5728.03,0.8927,4.9232,0.741,0.7394,0.2164,99500,73694,0.7406,0.740,137148700,0.739,124887900,0.738,110680500,0.737,57229200,0.736,35918800,0.741,87752100,0.742,71847800,0.743,60234800,0.744,33311400,0.745,34035300,536,99999,0
sh513130,09:38:46,1768873129051,5727.4,0.8927,4.4619,0.74,0.7394,0.0811,231600,171546,0.7407,0.740,136711600,0.739,125495300,0.738,110771500,0.737,57239700,0.736,36018800,0.741,87538900,0.742,72689900,0.743,60524800,0.744,33310800,0.745,34045400,574,99999,0
sh513130,09:38:49,1768873130054,5727.4,0.8927,3.6105,0.74,0.7394,0.0811,479400,354826,0.7401,0.740,136422900,0.739,125520500,0.738,111719100,0.737,57246900,0.736,36085100,0.741,87535300,0.742,73700300,0.743,60524800,0.744,33310800,0.745,34045400,1580,99999,0
sh513130,09:38:52,1768873134078,5727.36,0.8927,3.6934,0.741,0.7394,0.2164,2281300,1690327,0.7409,0.740,138619200,0.739,126545600,0.738,110766100,0.737,57247200,0.736,36095100,0.741,41717100,0.742,80292300,0.743,83864800,0.744,38310800,0.745,34065400,1337,99999,0
sh513130,09:38:55,1768873138054,5728.18,0.8927,5.6708,0.741,0.7394,0.2164,2767000,2049959,0.7409,0.740,138630100,0.739,126546900,0.738,110826100,0.737,57267200,0.736,36124100,0.741,74349900,0.742,81129300,0.743,72673300,0.744,40203900,0.745,34114100,1005,99999,0
sh513130,09:38:58,1768873140063,5728.62,0.8927,4.3306,0.741,0.7394,0.2164,1657100,1226508,0.7402,0.740,137299600,0.739,126238400,0.738,111073100,0.737,57268300,0.736,36264100,0.741,73950000,0.742,81277400,0.743,72797300,0.744,40203900,0.745,34174100,862,99999,0
sh513130,09:39:01,1768873143053,5729.94,0.8927,5.4546,0.741,0.7394,0.2164,194600,144135,0.7407,0.740,137656700,0.739,125296400,0.738,111111100,0.737,57309300,0.736,36274100,0.741,94212100,0.742,76414300,0.743,60632300,0.744,40213900,0.745,34194100,517,99999,0
sh513130,09:39:04,1768873147095,5729.48,0.8927,2.0178,0.74,0.7394,0.0811,305000,225888,0.7406,0.740,137759100,0.739,125301400,0.738,111191400,0.737,57409400,0.736,36328200,0.741,103863500,0.742,77189700,0.743,61526300,0.744,35213900,0.745,34279700,564,99999,0
sh513130,09:39:07,1768873149091,5730.39,0.8927,2.9346,0.74,0.7394,0.0811,345400,255938,0.741,0.740,137984900,0.739,126429500,0.738,111053400,0.737,57601400,0.736,36329200,0.741,91747100,0.742,82803500,0.743,61566300,0.744,35533900,0.745,34318600,573,99999,0
sh513130,09:39:10,1768873152120,5729.41,0.8927,4.5003,0.74,0.7401,-0.0135,243600,180436,0.7407,0.740,138136600,0.739,127884200,0.738,111038700,0.737,57601400,0.736,35330400,0.741,68250000,0.742,82336500,0.743,84906300,0.744,35536900,0.745,34318600,1598,99999,0
sh513130,09:39:13,1768873155146,5732.12,0.8927,4.2941,0.741,0.7401,0.1216,33189900,24593585,0.741,0.741,64604300,0.740,148908300,0.739,128229600,0.738,111505000,0.737,45063000,0.742,83152500,0.743,85326300,0.744,40536900,0.745,34318600,0.746,32923300,631,99999,0
sh513130,09:39:16,1768873158157,5732.02,0.8927,4.5824,0.741,0.7407,0.0405,520000,385329,0.741,0.741,78534800,0.740,144423200,0.739,126271200,0.738,103256400,0.737,42533600,0.742,85509000,0.743,86326300,0.744,40936900,0.745,34318600,0.746,32923300,1608,99999,0
sh513130,09:39:19,1768873161150,5733.73,0.8927,2.2968,0.741,0.7407,0.0405,153900,114040,0.741,0.741,84261500,0.740,145372100,0.739,126293700,0.738,98282900,0.737,42534600,0.742,86034000,0.743,87225600,0.744,40936900,0.745,34318600,0.746,33079700,300,99999,0
sh513130,09:39:22,1768873164166,5733.96,0.8927,2.4713,0.742,0.7407,0.1755,46100,34163,0.7411,0.741,84378500,0.740,146831000,0.739,126895700,0.738,98444400,0.737,42535600,0.742,85793400,0.743,87865500,0.744,40936600,0.745,34318600,0.746,33082700,1158,99999,0
sh513130,09:39:25,1768873167188,5735.42,0.8927,4.9418,0.741,0.7407,0.0405,693900,514673,0.7417,0.741,85829300,0.740,148009300,0.739,114796900,0.738,80724000,0.737,42550200,0.742,85470000,0.743,85660200,0.744,41926600,0.745,34247700,0.746,33072700,695,99999,0
sh513130,09:39:28,1768873170205,5735.21,0.8927,4.1981,0.741,0.7407,0.0405,431400,320052,0.7419,0.741,86408800,0.740,148799000,0.739,115029900,0.738,80768700,0.737,42588800,0.742,84975200,0.743,85652200,0.744,41926600,0.745,34246700,0.746,33072700,723,99999,0
sh513130,09:39:31,1768873172198,5735.56,0.8927,5.132,0.742,0.7407,0.1755,27600,20479,0.742,0.741,87478300,0.740,150472200,0.739,115072200,0.738,80847400,0.737,42888800,0.742,85152500,0.743,85562200,0.744,41925600,0.745,34238100,0.746,33072700,569,99999,0
sh513130,09:39:34,1768873176262,5735.63,0.8927,5.9068,0.741,0.7407,0.0405,48200,35738,0.7415,0.741,88762700,0.740,151284800,0.739,115178500,0.738,80489800,0.737,42891600,0.742,86118100,0.743,93574700,0.744,42954200,0.745,34238100,0.746,33072700,318,99999,0
sh513130,09:39:37,1768873178272,5735.82,0.8927,4.7102,0.741,0.7407,0.0405,72500,53739,0.7412,0.741,89389100,0.740,152230800,0.739,115253400,0.738,80554000,0.737,42891600,0.742,85371800,0.743,94464700,0.744,43944200,0.745,34238100,0.746,33072700,177,99999,0
sh513130,09:39:40,1768873183317,5736.51,0.8927,3.0686,0.742,0.7407,0.1755,675500,501118,0.7418,0.741,92234200,0.740,154133100,0.739,115403400,0.738,80629600,0.737,42270300,0.742,85465500,0.743,94652600,0.744,43954200,0.745,34258100,0.746,33072700,806,99999,0
sh513130,09:39:43,1768873185328,5735.91,0.8927,1.9437,0.742,0.7407,0.1755,126900,94072,0.7413,0.741,92248800,0.740,155472100,0.739,115675000,0.738,80939600,0.737,42318300,0.742,87648100,0.743,94700500,0.744,43959200,0.745,34258100,0.746,33073700,751,99999,0
sh513130,09:39:46,1768873189356,5737.26,0.8927,2.8071,0.742,0.7407,0.1755,307900,228352,0.7416,0.741,92741000,0.740,157241300,0.739,115679000,0.738,80963600,0.737,42331800,0.742,65510100,0.743,92274200,0.744,90094500,0.745,34684100,0.746,33073700,2609,99999,0
sh513130,09:39:49,1768873192357,5736.84,0.8927,2.6341,0.741,0.7407,0.0405,364900,270635,0.7417,0.741,93380100,0.740,158243900,0.739,116674300,0.738,80975100,0.737,42350800,0.742,65367700,0.743,91566400,0.744,90094500,0.745,34699100,0.746,33175200,1291,99999,0
sh513130,09:39:52,1768873193366,5736.3,0.8927,1.0049,0.742,0.7407,0.1755,271300,201272,0.7419,0.741,93639700,0.740,158789600,0.739,116701000,0.738,80990600,0.737,42630000,0.742,77259800,0.743,89255800,0.744,82594500,0.745,34726400,0.746,33185200,83,99999,0
sh513130,09:39:55,1768873197415,5736.69,0.8927,2.5476,0.742,0.7407,0.1755,76200,56500,0.7415,0.741,95967400,0.740,158917600,0.739,116911000,0.738,81034600,0.737,42613400,0.742,90678600,0.743,89778100,0.744,71435500,0.745,34726400,0.746,33185200,941,99999,0
sh513130,09:39:58,1768873200455,5737.37,0.8927,7.3128,0.742,0.7407,0.1755,287900,213448,0.7414,0.741,96513300,0.740,159641600,0.739,116951000,0.738,81112600,0.737,42635400,0.742,67569500,0.743,97779500,0.744,87583900,0.745,34726400,0.746,33185200,3,99999,0
sh513130,09:40:01,1768873202450,5737.37,0.8927,6.9547,0.742,0.7414,0.0809,32300,23963,0.7419,0.741,96757600,0.740,159727400,0.739,117037000,0.738,81261600,0.737,42920400,0.742,91698100,0.743,97928200,0.744,65094700,0.745,34726400,0.746,33185200,584,99999,0
sh513130,09:40:04,1768873206468,5737.37,0.8927,3.8324,0.742,0.7414,0.0809,89200,66168,0.7418,0.741,97394900,0.740,159780800,0.739,117037000,0.738,81363600,0.737,42921400,0.742,93501900,0.743,89913100,0.744,73934500,0.745,34326400,0.746,33185200,4604,99999,0
sh513130,09:40:07,1768873209467,5737.37,0.8927,3.7499,0.742,0.7414,0.0809,337400,250315,0.7419,0.741,98036300,0.740,160015500,0.739,117055700,0.738,81550100,0.737,42939900,0.742,68802900,0.743,90399400,0.744,98123300,0.745,34326400,0.746,33185200,7603,99999,0
sh513130,09:40:10,1768873212483,5737.4,0.8927,7.1418,0.742,0.7407,0.1755,2853000,2116916,0.742,0.741,109711300,0.740,160035200,0.739,117053200,0.738,71580100,0.737,42949900,0.742,26487100,0.743,91124900,0.744,99123300,0.745,34758900,0.746,33185200,564,99999,0
sh513130,09:40:13,1768873216485,5736.79,0.8927,4.5534,0.741,0.7407,0.0405,3447000,2557663,0.742,0.741,99615700,0.740,160056700,0.739,117078900,0.738,81585100,0.737,42949900,0.742,27476500,0.743,90595400,0.744,99963100,0.745,39638900,0.746,33185200,49,99999,0
sh513130,09:40:16,1768873218503,5737.16,0.8927,4.4183,0.742,0.7407,0.1755,390600,289809,0.742,0.741,102046700,0.740,160132500,0.739,117193700,0.738,81588100,0.737,42982400,0.742,76626700,0.743,85995400,0.744,76623100,0.745,39238900,0.746,33185200,77,99999,0
sh513130,09:40:19,1768873221515,5737.47,0.8927,3.0148,0.742,0.7407,0.1755,128800,95570,0.742,0.741,102069800,0.740,160142300,0.739,117210100,0.738,81830400,0.737,42982400,0.742,52240000,0.743,91516200,0.744,100802900,0.745,34238900,0.746,33336300,224,99999,0
sh513130,09:40:22,1768873223540,5738.2,0.8927,2.068,0.742,0.7407,0.1755,714500,529953,0.7417,0.741,112928000,0.740,160528600,0.739,117237100,0.738,66735200,0.737,42982400,0.742,23992700,0.743,91698300,0.744,101417000,0.745,34676500,0.746,33408300,93,99999,0
sh513130,09:40:25,1768873227559,5740.04,0.8927,6.7628,0.742,0.7407,0.1755,18296300,13575855,0.742,0.742,63175200,0.741,110217400,0.740,157973100,0.739,111309600,0.738,67076500,0.743,94070600,0.744,103256800,0.745,39686800,0.746,33429200,0.747,29758700,981,99999,0
sh513130,09:40:28,1768873230577,5740.78,0.8927,5.6952,0.741,0.7407,0.0405,17877900,13265331,0.742,0.741,112119300,0.740,160001900,0.739,112168300,0.738,67110600,0.737,42962000,0.742,12371900,0.743,101183500,0.744,96096600,0.745,39605600,0.746,33494200,117,99999,0
sh513130,09:40:31,1768873232595,5740.94,0.8927,5.7236,0.742,0.7414,0.0809,397800,295160,0.742,0.741,113143100,0.740,160002000,0.739,112202900,0.738,67178400,0.737,42962000,0.742,4512200,0.743,101616300,0.744,97070900,0.745,40205600,0.746,33494200,132,99999,0
sh513130,09:40:34,1768873236624,5741.49,0.8927,4.6809,0.742,0.7414,0.0809,5042200,3741302,0.742,0.741,113701100,0.740,160508400,0.739,112277900,0.738,67182500,0.737,43097600,0.742,3652100,0.743,93747800,0.744,104070900,0.745,40818200,0.746,33524200,93,99999,0
sh513130,09:40:37,1768873238625,5741.06,0.8927,4.0349,0.741,0.7414,-0.054,6922800,5136704,0.742,0.741,116274600,0.740,160755500,0.739,111288000,0.738,67186500,0.737,43097100,0.742,2399800,0.743,94787700,0.744,105070900,0.745,41366700,0.746,33524200,49,99999,0
sh513130,09:40:40,1768873242660,5741.3,0.8927,5.4355,0.742,0.7414,0.0809,1785200,1324603,0.742,0.741,117534400,0.740,160923000,0.739,111277100,0.738,67210800,0.737,43397100,0.742,32339700,0.743,94723300,0.744,105833400,0.745,41366700,0.746,33524200,1990,99999,0
sh513130,09:40:43,1768873245691,5741.11,0.8927,2.9473,0.742,0.7414,0.0809,141500,104993,0.742,0.741,118948200,0.740,160978500,0.739,111254900,0.738,67380800,0.737,43401000,0.742,14430700,0.743,94832300,0.744,105833400,0.745,41364200,0.746,33524200,643,99999,0
sh513130,09:40:46,1768873247703,5741.37,0.8927,3.3027,0.742,0.7414,0.0809,868700,644493,0.7419,0.742,5318800,0.741,120947800,0.740,160817000,0.739,110254900,0.738,67386900,0.743,95623300,0.744,104833400,0.745,42462300,0.746,33524200,0.747,30086900,475,99999,0
sh513130,09:40:49,1768873251749,5743.52,0.8927,3.0604,0.742,0.7414,0.0809,58700,43556,0.742,0.742,42055500,0.741,121313600,0.740,160147600,0.739,102914300,0.738,67672400,0.743,95864400,0.744,105835400,0.745,42462300,0.746,33524200,0.747,30086900,195,99999,0
sh513130,09:40:52,1768873253768,5743.17,0.8927,1.6945,0.743,0.7414,0.2158,140400,104206,0.7422,0.742,19498800,0.741,123696900,0.740,160316800,0.739,104953500,0.738,67632000,0.743,97262600,0.744,105835400,0.745,43301000,0.746,33524200,0.747,30086900,47,99999,0
sh513130,09:40:55,1768873257789,5742.05,0.8927,2.0121,0.742,0.7414,0.0809,1694700,1257558,0.7421,0.742,4717400,0.741,124592800,0.740,160014900,0.739,105352800,0.738,67642500,0.743,97620800,0.744,105835400,0.745,42301000,0.746,32520200,0.747,30086900,1276,99999,0
sh513130,09:40:58,1768873259784,5742.16,0.8927,2.5308,0.742,0.7414,0.0809,5092100,3778338,0.742,0.741,125629400,0.740,161560200,0.739,110352500,0.738,67655000,0.737,43449800,0.742,550500,0.743,97749200,0.744,104675400,0.745,43144700,0.746,32530900,1303,99999,0
sh513130,09:41:01,1768873263838,5741.75,0.8927,2.2872,0.742,0.7414,0.0809,308900,229204,0.742,0.741,115596700,0.740,161463100,0.739,110196100,0.738,67662000,0.737,43449800,0.742,37996800,0.743,97247400,0.744,93669000,0.745,43613500,0.746,32535900,201,99999,0
sh513130,09:41:04,1768873265856,5739.73,0.8927,4.5651,0.742,0.7414,0.0809,245700,182309,0.742,0.741,105953700,0.740,161384100,0.739,111041600,0.738,77680500,0.737,43449800,0.742,73555900,0.743,96947400,0.744,77548800,0.745,34779400,0.746,32535900,1287,99999,0
sh513130,09:41:07,1768873268891,5736.32,0.8927,4.932,0.742,0.7414,0.0809,157000,116430,0.7416,0.741,105129700,0.740,160590400,0.739,112113600,0.738,77680500,0.737,43449800,0.742,82042200,0.743,99024400,0.744,67719000,0.745,34779400,0.746,32535900,70,99999,0
sh513130,09:41:10,1768873272897,5736.09,0.8927,4.9447,0.741,0.7414,-0.054,328500,243566,0.7414,0.741,104626900,0.740,160680800,0.739,113829900,0.738,77791500,0.737,43478900,0.742,86777800,0.743,91072500,0.744,75778500,0.745,34798700,0.746,32540900,380,99999,0
sh513130,09:41:13,1768873274912,5735.3,0.8927,4.7673,0.741,0.7414,-0.054,51300,38047,0.7417,0.741,95262800,0.740,166419900,0.739,114720500,0.738,77893000,0.737,43478900,0.742,87312600,0.743,91094500,0.744,75737500,0.745,34798700,0.746,32640900,442,99999,0
sh513130,09:41:16,1768873277934,5736.14,0.8927,3.5714,0.742,0.7407,0.1755,57400,42556,0.7414,0.741,103893300,0.740,162039200,0.739,116608200,0.738,77928500,0.737,43482600,0.742,88464000,0.743,91094500,0.744,75737500,0.745,34795700,0.746,32640900,466,99999,0
sh513130,09:41:19,1768873280945,5736.65,0.8927,3.1899,0.741,0.7407,0.0405,138300,102617,0.742,0.741,104871000,0.740,161963900,0.739,116299200,0.738,77958600,0.737,43486600,0.742,88400500,0.743,99154300,0.744,67752500,0.745,34813300,0.746,32690900,432,99999,0
sh513130,09:41:22,1768873286019,5735.15,0.8927,3.2624,0.742,0.7407,0.1755,529400,392809,0.742,0.741,106007700,0.740,163247900,0.739,116301500,0.738,78794200,0.737,43468900,0.742,88011500,0.743,99254300,0.744,67752500,0.745,34822600,0.746,32690900,1441,99999,0
sh513130,09:41:25,1768873288050,5735.16,0.8927,4.3712,0.741,0.7407,0.0405,431500,320129,0.7419,0.741,106415100,0.740,163261100,0.739,116313200,0.738,79725800,0.737,43488200,0.742,88029300,0.743,91476500,0.744,75752500,0.745,34823600,0.746,32740900,1574,99999,0
sh513130,09:41:28,1768873290051,5735.68,0.8927,3.2912,0.742,0.7407,0.1755,19400,14386,0.7415,0.741,103747300,0.740,163666500,0.739,116313200,0.738,80652100,0.737,43493200,0.742,68026200,0.743,97193800,0.744,76592300,0.745,34823600,0.746,32740900,1527,99999,0
sh513130,09:41:31,1768873294100,5735.68,0.8927,2.5526,0.742,0.7407,0.1755,142100,105430,0.7419,0.741,102756300,0.740,163819100,0.739,116313200,0.738,81512600,0.737,43493200,0.742,78813800,0.743,100074000,0.744,67752500,0.745,34827600,0.746,32800900,1535,99999,0
sh513130,09:41:34,1768873296122,5735.45,0.8927,2.111,0.742,0.7407,0.1755,22800,16899,0.7412,0.741,103098800,0.740,163739200,0.739,116313200,0.738,82392700,0.737,43671000,0.742,79852000,0.743,91217600,0.744,75738500,0.745,34856400,0.746,32800900,1400,99999,0
sh513130,09:41:37,1768873299146,5735.75,0.8927,1.323,0.742,0.7407,0.1755,59500,44105,0.7413,0.741,104351800,0.740,164220100,0.739,116313800,0.738,83253900,0.737,43677000,0.742,79083900,0.743,99067200,0.744,67733900,0.745,34856400,0.746,32800900,118,99999,0
sh513130,09:41:40,1768873302164,5736.19,0.8927,1.764,0.741,0.7414,-0.054,213300,158164,0.7415,0.741,104253700,0.740,164067600,0.739,116213800,0.738,83139000,0.737,43552000,0.742,81704500,0.743,99072100,0.744,68343900,0.745,34887800,0.746,32800900,965,99999,0
sh513130,09:41:43,1768873305165,5736.31,0.8927,2.654,0.741,0.7414,-0.054,307600,227960,0.7411,0.741,104317400,0.740,163132800,0.739,116183900,0.738,83214000,0.737,43559000,0.742,82688200,0.743,91082100,0.744,76622800,0.745,34887800,0.746,32770900,636,99999,0
sh513130,09:41:46,1768873308180,5736.42,0.8927,5.2836,0.741,0.7407,0.0405,111600,82729,0.7413,0.741,105895300,0.740,164840200,0.739,116183900,0.738,83215400,0.737,43569000,0.742,77884900,0.743,96662100,0.744,76622800,0.745,34887800,0.746,32790900,512,99999,0
sh513130,09:41:49,1768873311214,5736.05,0.8927,4.4163,0.742,0.7407,0.1755,144200,106885,0.7412,0.741,106607100,0.740,165130100,0.739,116184100,0.738,83369300,0.737,43569000,0.742,78073400,0.743,105047800,0.744,69612800,0.745,34909700,0.746,32994000,747,99999,0
sh513130,09:41:52,1768873314226,5735.83,0.8927,4.0627,0.742,0.7414,0.0809,159800,118437,0.7412,0.741,106057500,0.740,164051600,0.739,116190100,0.738,83410000,0.737,43597600,0.742,86341800,0.743,99447800,0.744,68634400,0.745,34964700,0.746,33000000,80,99999,0
sh513130,09:41:55,1768873317261,5735.6,0.8927,2.8371,0.742,0.7414,0.0809,31100,23060,0.7415,0.741,106354800,0.740,165218400,0.739,116223100,0.738,83490800,0.737,43597600,0.742,88382700,0.743,91447800,0.744,76682800,0.745,35052700,0.746,33000000,765,99999,0
sh513130,09:41:58,1768873319282,5735.52,0.8927,4.4711,0.742,0.7407,0.1755,3238500,2399876,0.741,0.741,103381000,0.740,164834100,0.739,116236100,0.738,83899100,0.737,43802600,0.742,89038800,0.743,91627500,0.744,76682800,0.745,35066600,0.746,33000000,772,99999,0
sh513130,09:41:55,1768873320277,5735.52,0.8927,3.4125,0.742,0.7414,0.0809,0,0,0.742,0.741,106354800,0.740,165218400,0.739,116223100,0.738,83490800,0.737,43597600,0.742,88382700,0.743,91447800,0.744,76682800,0.745,35052700,0.746,33000000,1769,99999,2
sh513130,09:41:58,1768873321285,5735.49,0.8927,3.2727,0.742,0.7407,0.1755,0,0,0.742,0.741,103381000,0.740,164834100,0.739,116236100,0.738,83899100,0.737,43802600,0.742,89038800,0.743,91627500,0.744,76682800,0.745,35066600,0.746,33000000,658,99999,0
sh513130,09:42:01,1768873323298,5735.32,0.8927,2.913,0.742,0.7414,0.0809,18600,13799,0.7419,0.741,92541100,0.740,169682300,0.739,116256100,0.738,83915800,0.737,44080600,0.742,90040500,0.743,91653900,0.744,68682800,0.745,35066600,0.746,33000000,512,99999,0
sh513130,09:42:04,1768873326301,5735.09,0.8927,4.8913,0.741,0.7414,-0.054,152000,112754,0.7418,0.741,98490900,0.740,163927900,0.739,116241400,0.738,83994500,0.737,44170600,0.742,90950500,0.743,91653900,0.744,76682800,0.745,35066600,0.746,33000000,1368,99999,0
sh513130,09:42:07,1768873329301,5734.65,0.8927,4.0737,0.742,0.7407,0.1755,267700,198599,0.7419,0.741,98472100,0.740,165142900,0.739,116241400,0.738,83963100,0.737,44270600,0.742,93671800,0.743,91642500,0.744,76702800,0.745,35096600,0.746,33000000,32,99999,0
sh513130,09:42:10,1768873332318,5734.46,0.8927,5.0288,0.742,0.7407,0.1755,120900,89684,0.7418,0.741,98444800,0.740,165201300,0.739,116269000,0.738,83925700,0.737,44270600,0.742,95015700,0.743,98960600,0.744,68437800,0.745,35096600,0.746,33000000,883,99999,0
sh513130,09:42:13,1768873335374,5734.28,0.8927,3.2284,0.742,0.7407,0.1755,102000,75670,0.7419,0.741,96963300,0.740,165348800,0.739,116269000,0.738,85946600,0.737,44280600,0.742,95322000,0.743,99210600,0.744,68437800,0.745,35123500,0.746,33000000,863,99999,0
sh513130,09:42:16,1768873338375,5734.27,0.8927,3.3538,0.742,0.7407,0.1755,103100,76440,0.7414,0.741,98250300,0.740,164552200,0.739,117279000,0.738,84047100,0.737,44270600,0.742,96428200,0.743,99291500,0.744,68437800,0.745,35123500,0.746,33000000,478,99999,0
sh513130,09:42:19,1768873341406,5735.09,0.8927,4.6908,0.742,0.7407,0.1755,5038100,3738242,0.742,0.741,95441100,0.740,165568000,0.739,117293700,0.738,84086600,0.737,44343600,0.742,87717200,0.743,99291500,0.744,68437800,0.745,35161700,0.746,33000000,911,99999,0
sh513130,09:42:22,1768873344404,5735.1,0.8927,3.577,0.742,0.7407,0.1755,1795600,1332331,0.742,0.741,99924000,0.740,165578500,0.739,116303700,0.738,84086600,0.737,44374600,0.742,86016900,0.743,99301500,0.744,68437800,0.745,35161700,0.746,33000000,18,99999,0
sh513130,09:42:25,1768873347407,5734.73,0.8927,5.3176,0.741,0.7407,0.0405,10963600,8124249,0.741,0.741,46505200,0.740,170223900,0.739,116305700,0.738,86086600,0.737,44409600,0.742,87965700,0.743,91358000,0.744,68437800,0.745,35161700,0.746,33000000,863,99999,0
sh513130,09:42:28,1768873350397,5733.66,0.8927,5.4427,0.742,0.7407,0.1755,1546100,1145749,0.7411,0.741,29848300,0.740,170133100,0.739,117290700,0.738,92324200,0.737,45414900,0.742,89594000,0.743,99263000,0.744,68415100,0.745,35161700,0.746,33000000,1698,99999,0
sh513130,09:42:31,1768873353426,5730.45,0.8927,6.3559,0.741,0.7407,0.0405,28508200,21124596,0.741,0.740,152137700,0.739,118326000,0.738,92730300,0.737,55435900,0.736,34602800,0.741,57361100,0.742,94223700,0.743,76397000,0.744,63767800,0.745,35211500,418,99999,0
sh513130,09:42:34,1768873355447,5730.14,0.8927,5.4095,0.741,0.7407,0.0405,146600,108620,0.7409,0.740,151838800,0.739,118345200,0.738,93734800,0.737,55436000,0.736,36582800,0.741,64615700,0.742,86875700,0.743,84449000,0.744,58420200,0.745,35211500,285,99999,0
sh513130,09:42:37,1768873359445,5729.97,0.8927,3.5073,0.74,0.7401,-0.0135,616900,457079,0.7409,0.740,151890600,0.739,118365500,0.738,94581500,0.737,55436000,0.736,36582800,0.741,69741400,0.742,82062900,0.743,84466800,0.744,52796500,0.745,35217800,923,99999,0
sh513130,09:42:40,1768873362476,5728.89,0.8927,3.234,0.741,0.7401,0.1216,449900,333356,0.741,0.740,151681100,0.739,118497200,0.738,95738200,0.737,55436000,0.736,36585600,0.741,69460000,0.742,89665700,0.743,76282400,0.744,37809100,0.745,35217800,3,99999,0
sh513130,09:42:43,1768873365488,5729.59,0.8927,1.7832,0.741,0.7401,0.1216,1891200,1400027,0.7403,0.740,150759100,0.739,118506000,0.738,96578900,0.737,55438500,0.736,36913900,0.741,70283800,0.742,81954100,0.743,79322400,0.744,37809100,0.745,35849500,915,99999,0
sh513130,09:42:46,1768873368484,5730.17,0.8927,1.8068,0.74,0.7394,0.0811,194800,144191,0.7402,0.740,150117700,0.739,118526300,0.738,97432600,0.737,55458500,0.736,36913900,0.741,59713200,0.742,86600900,0.743,79406700,0.744,37821200,0.745,35849500,4,99999,0
sh513130,09:42:49,1768873371499,5729.91,0.8927,4.1849,0.741,0.7394,0.2164,3529800,2615581,0.741,0.741,8188800,0.740,160654000,0.739,117537200,0.738,98129500,0.737,45458500,0.742,97720700,0.743,92804200,0.744,42802300,0.745,35849500,0.746,32944500,1007,99999,0
sh513130,09:42:52,1768873373512,5730.65,0.8927,3.3909,0.741,0.7401,0.1216,419100,310562,0.741,0.741,3332100,0.740,160867200,0.739,117537200,0.738,97737000,0.737,45462500,0.742,94975700,0.743,93651100,0.744,43202300,0.745,35849500,0.746,32944500,975,99999,0
sh513130,09:42:55,1768873378499,5730.97,0.8927,3.8816,0.741,0.7401,0.1216,3558300,2636701,0.741,0.740,152499900,0.739,119360100,0.738,98147000,0.737,56411700,0.736,36943900,0.741,31696800,0.742,98034400,0.743,86319500,0.744,43202300,0.745,35853500,38,99999,0
sh513130,09:42:58,1768873380505,5730.56,0.8927,3.6491,0.741,0.7407,0.0405,166300,123174,0.7407,0.740,162758100,0.739,119490100,0.738,98328000,0.737,47272700,0.736,37061400,0.741,1614400,0.742,89981500,0.743,100671600,0.744,42806300,0.745,35853700,3,99999,0
sh513130,09:43:01,1768873383559,5730.6,0.8927,3.1701,0.741,0.7401,0.1216,5567000,4125180,0.741,0.741,9860900,0.740,161550100,0.739,119567400,0.738,94945100,0.737,45582100,0.742,91077500,0.743,102482500,0.744,43206300,0.745,35973700,0.746,32962500,297,99999,0
sh513130,09:43:04,1768873386571,5730.48,0.8927,4.6035,0.741,0.7401,0.1216,2217500,1643172,0.741,0.740,160729000,0.739,119586400,0.738,95076800,0.737,45614100,0.736,37139400,0.741,18513200,0.742,100056600,0.743,88141800,0.744,42767300,0.745,35977100,128,99999,0
sh513130,09:43:07,1768873389595,5729.87,0.8927,2.9253,0.741,0.7407,0.0405,19387200,14365916,0.741,0.740,151177000,0.739,119602100,0.738,95970500,0.737,55619100,0.736,37154400,0.741,5900200,0.742,92211900,0.743,96324300,0.744,42747500,0.745,35549600,1074,99999,0
sh513130,09:43:10,1768873392627,5731.01,0.8927,3.6036,0.741,0.7407,0.0405,4123200,3055065,0.7409,0.741,318700,0.740,161122500,0.739,119646900,0.738,96911700,0.737,45607100,0.742,92950800,0.743,100537000,0.744,42747500,0.745,35619600,0.746,32962500,126,99999,0
sh513130,09:43:13,1768873395641,5732.22,0.8927,3.3803,0.741,0.7407,0.0405,1028700,762274,0.741,0.741,71293800,0.740,155856400,0.739,119669800,0.738,85567200,0.737,45607100,0.742,91989200,0.743,101587000,0.744,42750500,0.745,35624600,0.746,32962500,1055,99999,0
sh513130,09:43:16,1768873398646,5732.08,0.8927,2.3221,0.741,0.7407,0.0405,615100,455818,0.741,0.741,74585900,0.740,157827300,0.739,118732400,0.738,85617200,0.737,45607100,0.742,92128800,0.743,101797800,0.744,42750500,0.745,35640600,0.746,32962500,157,99999,0
sh513130,09:43:19,1768873400628,5733.93,0.8927,2.0991,0.741,0.7407,0.0405,303500,224893,0.741,0.741,66011400,0.740,164666000,0.739,118744500,0.738,85707200,0.737,45607100,0.742,92920000,0.743,101720600,0.744,42638500,0.745,35690600,0.746,32962500,75,99999,0
sh513130,09:43:22,1768873405661,5733.33,0.8927,3.2218,0.742,0.7407,0.1755,3892100,2884049,0.741,0.741,67860800,0.740,160135600,0.739,118764500,0.738,85762300,0.737,45610400,0.742,93479800,0.743,101935600,0.744,42638500,0.745,35690600,0.746,32962500,788,99999,0
sh513130,09:43:25,1768873407712,5734.05,0.8927,4.2316,0.741,0.7407,0.0405,235800,174743,0.7411,0.741,58210300,0.740,166990200,0.739,118743600,0.738,85672400,0.737,45610400,0.742,94419200,0.743,101806200,0.744,42638500,0.745,35690600,0.746,32962500,679,99999,0
sh513130,09:43:28,1768873409682,5733.39,0.8927,4.6758,0.741,0.7407,0.0405,1169400,866546,0.741,0.741,57236300,0.740,167949800,0.739,118840600,0.738,85673800,0.737,45560400,0.742,94597400,0.743,102740600,0.744,42683100,0.745,35690600,0.746,32962500,501,99999,0
sh513130,09:43:31,1768873413690,5733.36,0.8927,3.5006,0.742,0.7407,0.1755,67300,49893,0.7414,0.741,61410800,0.740,163337900,0.739,118843100,0.738,85684800,0.737,45586400,0.742,96048000,0.743,102740600,0.744,42733100,0.745,35690600,0.746,32962500,201,99999,0
sh513130,09:43:34,1768873416703,5733.1,0.8927,2.4147,0.742,0.7407,0.1755,15000,11130,0.742,0.741,42600800,0.740,169838900,0.739,119080100,0.738,86667000,0.737,45586400,0.742,97135700,0.743,102769600,0.744,42769800,0.745,35740600,0.746,32962500,200,99999,0
sh513130,09:43:37,1768873419721,5732.79,0.8927,2.9089,0.741,0.7407,0.0405,833700,617773,0.741,0.741,60827200,0.740,170652000,0.739,119063700,0.738,85567000,0.737,45586400,0.742,97624700,0.743,102769600,0.744,42801800,0.745,35740600,0.746,32962500,1185,99999,0
sh513130,09:43:40,1768873422738,5733.07,0.8927,2.125,0.741,0.7407,0.0405,268400,198996,0.7414,0.741,72108900,0.740,166283600,0.739,119070700,0.738,85578000,0.737,45586400,0.742,97947100,0.743,102800600,0.744,42801800,0.745,35740600,0.746,32962500,116,99999,0
sh513130,09:43:43,1768873425740,5732.16,0.8927,1.6451,0.741,0.7407,0.0405,589000,436449,0.741,0.741,34015100,0.740,172845000,0.739,119075200,0.738,88578000,0.737,45587800,0.742,98549100,0.743,102796800,0.744,42801800,0.745,35745600,0.746,33053700,1220,99999,0
sh513130,09:43:46,1768873428777,5731.78,0.8927,4.6641,0.74,0.7407,-0.0945,6787300,5029920,0.7411,0.740,174847000,0.739,121100700,0.738,94301600,0.737,45616100,0.736,37334600,0.741,2904000,0.742,97471000,0.743,101813000,0.744,42801800,0.745,35730600,135,99999,0
sh513130,09:43:49,1768873430787,5731.42,0.8927,5.9466,0.741,0.7407,0.0405,223600,165687,0.741,0.740,175628500,0.739,121127800,0.738,94332300,0.737,45616100,0.736,37334600,0.741,4431800,0.742,98226800,0.743,93863800,0.744,42401800,0.745,35730600,324,99999,0
sh513130,09:43:52,1768873434803,5731.03,0.8927,4.4975,0.741,0.7401,0.1216,3181600,2354860,0.7401,0.740,172913100,0.739,121168200,0.738,94362500,0.737,45616100,0.736,37334600,0.741,6288800,0.742,96814500,0.743,94589900,0.744,42416800,0.745,35730600,323,99999,0
sh513130,09:43:55,1768873436803,5730.37,0.8927,3.8677,0.741,0.7401,0.1216,4929500,3652759,0.741,0.741,5890000,0.740,162923200,0.739,121168200,0.738,94362500,0.737,45616100,0.742,97173800,0.743,95374900,0.744,43661600,0.745,35730600,0.746,33212500,253,99999,0
sh513130,09:43:58,1768873439813,5730.86,0.8927,4.4938,0.741,0.7401,0.1216,585500,433856,0.741,0.741,6918500,0.740,162937000,0.739,120195100,0.738,94848700,0.737,45616100,0.742,97574800,0.743,103374900,0.744,44501400,0.745,35730600,0.746,33206500,372,99999,0
sh513130,09:44:01,1768873442837,5730.76,0.8927,4.2376,0.741,0.7401,0.1216,8400600,6224845,0.741,0.740,152735000,0.739,121224500,0.738,96095500,0.737,55618100,0.736,36365200,0.741,74827200,0.742,92040800,0.743,88633000,0.744,43608200,0.745,35680600,361,99999,0
sh513130,09:44:04,1768873446852,5731.72,0.8927,3.5268,0.741,0.7401,0.1216,247600,183471,0.741,0.740,163090600,0.739,121250700,0.738,96984600,0.737,45638100,0.736,36367900,0.741,23645500,0.742,103404000,0.743,92631800,0.744,42368400,0.745,35680600,328,99999,0
sh513130,09:44:07,1768873450879,5732.01,0.8927,4.9739,0.741,0.7401,0.1216,8001000,5928741,0.741,0.741,13526800,0.740,164157400,0.739,121250700,0.738,94454200,0.737,45648100,0.742,95433400,0.743,100441000,0.744,43608500,0.745,35700600,0.746,33207700,381,99999,0
sh513130,09:44:10,1768873451879,5732.01,0.8927,3.9369,0.741,0.7401,0.1216,16225300,12022941,0.741,0.740,153637000,0.739,121297600,0.738,94473500,0.737,55735900,0.736,36367900,0.741,43228600,0.742,102996500,0.743,92441000,0.744,43608500,0.745,35700900,1383,99999,0
sh513130,09:44:13,1768873455900,5730.55,0.8927,1.4537,0.741,0.7401,0.1216,2537800,1880504,0.741,0.740,153710500,0.739,121281100,0.738,94979800,0.737,55735900,0.736,36367900,0.741,12704500,0.742,102545800,0.743,92441000,0.744,43748300,0.745,35700900,1341,99999,0
sh513130,09:44:16,1768873458920,5730.98,0.8927,2.7799,0.741,0.7401,0.1216,354900,262981,0.741,0.740,153731600,0.739,121295600,0.738,95977500,0.737,55735900,0.736,36367900,0.741,18028200,0.742,102611500,0.743,92241000,0.744,38785500,0.745,35700900,51,99999,0
sh513130,09:44:19,1768873460922,5731.05,0.8927,2.6368,0.741,0.7401,0.1216,148100,109742,0.741,0.740,153330000,0.739,121390700,0.738,96932400,0.737,55735900,0.736,36407900,0.741,55639000,0.742,97138900,0.743,91441000,0.744,38056000,0.745,35700900,427,99999,0
sh513130,09:44:22,1768873464951,5729.85,0.8927,4.0603,0.741,0.7401,0.1216,5688300,4212309,0.7405,0.740,161151200,0.739,121413700,0.738,97815500,0.737,45826000,0.736,36439500,0.741,8270700,0.742,99908600,0.743,91582000,0.744,38927800,0.745,35730500,415,99999,0
sh513130,09:44:25,1768873467959,5729.83,0.8927,2.7412,0.741,0.7401,0.1216,2047800,1517420,0.741,0.740,151270700,0.739,121415300,0.738,98660100,0.737,55896500,0.736,36450500,0.741,21538900,0.742,92434700,0.743,99579900,0.744,39767600,0.745,35701700,459,99999,0
sh513130,09:44:28,1768873469972,5730.02,0.8927,2.493,0.741,0.7401,0.1216,829800,614653,0.7407,0.740,153655400,0.739,121382300,0.738,99506800,0.737,55896800,0.736,36470500,0.741,51939800,0.742,100723400,0.743,91579900,0.744,39737600,0.745,35701700,317,99999,0
sh513130,09:44:31,1768873473959,5727.92,0.8927,3.601,0.741,0.7401,0.1216,209600,155219,0.7405,0.740,155244400,0.739,121405700,0.738,100319000,0.737,55942100,0.736,36470500,0.741,69953700,0.742,95173400,0.743,79581100,0.744,38897900,0.745,35701700,1472,99999,0
sh513130,09:44:34,1768873475972,5728.89,0.8927,2.5421,0.741,0.7401,0.1216,298400,220901,0.7403,0.740,155131300,0.739,121419800,0.738,100296800,0.737,56789900,0.736,36470500,0.741,70888600,0.742,95243400,0.743,78681100,0.744,38897900,0.745,35701700,1443,99999,0
sh513130,09:44:37,1768873478979,5726.51,0.8927,3.9521,0.741,0.7401,0.1216,461000,341592,0.741,0.740,143244300,0.739,120437000,0.738,100296800,0.737,57637700,0.736,37463000,0.741,72013100,0.742,87051800,0.743,86911400,0.744,38038000,0.745,35701700,471,99999,0
sh513130,09:44:40,1768873483016,5725.03,0.8927,5.2271,0.741,0.7395,0.2028,1044300,772820,0.74,0.740,92391600,0.739,138038800,0.738,119671400,0.737,65638700,0.736,37463000,0.741,72051100,0.742,95251800,0.743,78945400,0.744,38038000,0.745,35720700,421,99999,0
sh513130,09:44:43,1768873486018,5725.92,0.8927,6.702,0.74,0.7395,0.0676,146100,108172,0.7404,0.740,112305000,0.739,138058800,0.738,119974400,0.737,66517500,0.736,37463000,0.741,78158000,0.742,92353200,0.743,73990900,0.744,38038000,0.745,35740700,1273,99999,0
sh513130,09:44:46,1768873488020,5726.14,0.8927,6.9693,0.74,0.7395,0.0676,21100,15616,0.7401,0.740,138873500,0.739,138887900,0.738,119975800,0.737,64365300,0.736,37550200,0.741,80073100,0.742,92384200,0.743,74328000,0.744,38198000,0.745,35743000,1121,99999,0
sh513130,09:44:49,1768873492037,5726.25,0.8927,6.3896,0.741,0.7395,0.2028,2869400,2123406,0.74,0.740,142640500,0.739,133297900,0.738,119975800,0.737,65213100,0.736,37556200,0.741,81364300,0.742,83861000,0.743,82316800,0.744,38198000,0.745,35743000,798,99999,0
sh513130,09:44:52,1768873494042,5726.08,0.8927,6.3104,0.74,0.7395,0.0676,151800,112438,0.7407,0.740,148304800,0.739,133305900,0.738,118965600,0.737,61071900,0.736,38270600,0.741,82468500,0.742,83913800,0.743,82047400,0.744,38198000,0.745,35771000,631,99999,0
sh513130,09:44:55,1768873498067,5726.13,0.8927,3.9776,0.74,0.7395,0.0676,926500,686270,0.7407,0.740,148003700,0.739,133294900,0.738,119028500,0.737,61166900,0.736,38257200,0.741,83219500,0.742,84835800,0.743,82047400,0.744,38298000,0.745,35771000,313,99999,0
sh513130,09:44:58,1768873500071,5726.91,0.8927,5.4812,0.74,0.7395,0.0676,224800,166381,0.7401,0.740,148150200,0.739,134330500,0.738,122027000,0.737,62157200,0.736,38267600,0.741,37032500,0.742,90578800,0.743,93795900,0.744,38298000,0.745,35771000,161,99999,0
sh513130,09:45:01,1768873503098,5728.83,0.8927,4.8661,0.741,0.7395,0.2028,116800,86497,0.7406,0.740,148612600,0.739,134345200,0.738,122023500,0.737,64228600,0.736,38267600,0.741,67468000,0.742,98558100,0.743,86737900,0.744,38898000,0.745,35761000,530,99999,0
sh513130,09:45:04,1768873507083,5729.15,0.8927,3.0982,0.741,0.7395,0.2028,39200,29033,0.7406,0.740,149518400,0.739,134320900,0.738,121887000,0.737,54278300,0.736,38267600,0.741,54954700,0.742,98422400,0.743,84962900,0.744,39005800,0.745,35760700,562,99999,0
sh513130,09:45:07,1768873510067,5728.87,0.8927,4.541,0.741,0.7401,0.1216,10282400,7619229,0.741,0.740,160218900,0.739,134568500,0.738,121915100,0.737,54279300,0.736,38282600,0.741,6567600,0.742,91559700,0.743,92907400,0.744,39005800,0.745,35760700,1483,99999,0
sh513130,09:45:10,1768873513093,5732.95,0.8927,2.7204,0.741,0.7401,0.1216,8350300,6187535,0.741,0.741,86061900,0.740,157038800,0.739,133668700,0.738,114080500,0.737,49212500,0.742,90775100,0.743,94748400,0.744,44192100,0.745,35760700,0.746,33108400,189,99999,0
sh513130,09:45:13,1768873516083,5735.1,0.8927,3.3794,0.741,0.7401,0.1216,535500,396806,0.741,0.741,87240600,0.740,158048900,0.739,132756300,0.738,113752800,0.737,49162500,0.742,89681900,0.743,94846700,0.744,44192100,0.745,35760700,0.746,33108400,1017,99999,0
sh513130,09:45:16,1768873519108,5736.44,0.8927,3.8885,0.741,0.7401,0.1216,132000,97823,0.7411,0.741,94356100,0.740,156148900,0.739,132869800,0.738,109526800,0.737,49142500,0.742,99502400,0.743,94194200,0.744,67160000,0.745,36160700,0.746,33108400,522,99999,0
sh513130,09:45:19,1768873521133,5736.8,0.8927,3.0908,0.741,0.7401,0.1216,358800,265871,0.741,0.741,94398600,0.740,159168300,0.739,121491800,0.738,92138600,0.737,49757500,0.742,99453100,0.743,95874600,0.744,67760000,0.745,37282800,0.746,33708400,656,99999,0
sh513130,09:45:22,1768873524153,5736.65,0.8927,2.9234,0.741,0.7408,0.027,74800,55454,0.7414,0.741,94443800,0.740,160389200,0.739,121516800,0.738,92160100,0.737,50787000,0.742,90566200,0.743,95862900,0.744,67761000,0.745,37070200,0.746,33708400,442,99999,0
sh513130,09:45:25,1768873526161,5737.19,0.8927,3.5841,0.742,0.7408,0.162,278500,206411,0.7412,0.741,93532800,0.740,161254100,0.739,121680900,0.738,82204500,0.737,51838200,0.742,57255000,0.743,87886900,0.744,79759800,0.745,36820200,0.746,33676500,295,99999,0
sh513130,09:45:28,1768873530177,5735.59,0.8927,3.6366,0.741,0.7408,0.027,1074300,796059,0.741,0.741,94680900,0.740,163053200,0.739,121720900,0.738,92244500,0.737,51839200,0.742,102980800,0.743,87886900,0.744,75761000,0.745,36979100,0.746,33726500,1640,99999,0
sh513130,09:45:31,1768873534205,5735.71,0.8927,5.7881,0.742,0.7408,0.162,64700,47952,0.7411,0.741,92262600,0.740,162906600,0.739,121720900,0.738,92235000,0.737,52239200,0.742,109106000,0.743,82320900,0.744,75761000,0.745,36983800,0.746,33726500,1691,99999,0
sh513130,09:45:34,1768873536247,5736.51,0.8927,4.3029,0.741,0.7408,0.027,448400,332292,0.7411,0.741,92013500,0.740,163856000,0.739,121901000,0.738,92237400,0.737,52251400,0.742,109096000,0.743,82330900,0.744,74671000,0.745,37004800,0.746,33726500,1727,99999,0
sh513130,09:45:37,1768873539251,5735.77,0.8927,3.2068,0.742,0.7408,0.162,40800,30249,0.7414,0.741,92148700,0.740,164840100,0.739,121881400,0.738,92238400,0.737,52242100,0.742,110841500,0.743,82333900,0.744,66883600,0.745,37004800,0.746,33866500,401,99999,0
sh513130,09:45:40,1768873542292,5734.94,0.8927,2.1346,0.741,0.7408,0.027,95900,71071,0.7411,0.741,92126400,0.740,166843400,0.739,121882200,0.738,92238500,0.737,52254600,0.742,99005400,0.743,90333900,0.744,66922700,0.745,37036600,0.746,33866500,1284,99999,0
sh513130,09:45:43,1768873545298,5736.11,0.8927,2.0434,0.741,0.7408,0.027,340900,252700,0.7413,0.741,93290400,0.740,167870000,0.739,121855200,0.738,92206300,0.737,52279400,0.742,104362400,0.743,88774900,0.744,75924700,0.745,37436600,0.746,33867900,758,99999,0
sh513130,09:45:46,1768873549360,5736.22,0.8927,4.4573,0.741,0.7408,0.027,120000,89030,0.7419,0.741,93000500,0.740,168602600,0.739,121863700,0.738,92220100,0.737,52279400,0.742,104353300,0.743,89615900,0.744,75924700,0.745,37436800,0.746,33867900,870,99999,0
sh513130,09:45:49,1768873550349,5736.22,0.8927,3.7116,0.742,0.7408,0.162,222600,164948,0.741,0.741,92390700,0.740,168683900,0.739,121889800,0.738,92288300,0.737,52279400,0.742,106303000,0.743,89618900,0.744,67134700,0.745,37036800,0.746,33867900,716,99999,0
sh513130,09:45:52,1768873554423,5735.57,0.8927,3.2964,0.741,0.7408,0.027,163300,121039,0.7412,0.741,87961900,0.740,168810100,0.739,121890800,0.738,92347300,0.737,52279400,0.742,113131700,0.743,92001600,0.744,67134700,0.745,37036800,0.746,33867900,462,99999,0
sh513130,09:45:55,1768873557470,5735.47,0.8927,2.9725,0.742,0.7415,0.0674,727800,539322,0.741,0.741,87266800,0.740,168946200,0.739,121493800,0.738,92327300,0.737,52279700,0.742,108314300,0.743,89621600,0.744,75053700,0.745,37036800,0.746,33867900,969,99999,0
sh513130,09:45:58,1768873559491,5735.8,0.8927,2.1432,0.741,0.7415,-0.0674,92700,68716,0.7413,0.741,88508400,0.740,168983500,0.739,121503800,0.738,92394700,0.737,52280700,0.742,107833200,0.743,90008400,0.744,68043700,0.745,45036800,0.746,33882900,1005,99999,0
sh513130,09:46:01,1768873563518,5735.82,0.8927,1.9279,0.742,0.7408,0.162,46800,34700,0.7415,0.741,100701500,0.740,168324500,0.739,117117400,0.738,78034700,0.737,47900700,0.742,75349700,0.743,94835500,0.744,85298500,0.745,45436800,0.746,33882900,931,99999,0
sh513130,09:46:04,1768873566527,5736.86,0.8927,-0.1091,0.741,0.7408,0.027,135400,100462,0.742,0.741,101003200,0.740,168429600,0.739,117127700,0.738,78147200,0.737,47900700,0.742,75236900,0.743,95738500,0.744,93298500,0.745,37438800,0.746,33882900,1774,99999,0
sh513130,09:46:07,1768873569521,5740.39,0.8927,6.8401,0.742,0.7408,0.162,16602500,12318971,0.742,0.741,95842100,0.740,169496400,0.739,117114300,0.738,73067600,0.737,47955900,0.742,20777500,0.743,97244500,0.744,93301500,0.745,42432500,0.746,33902900,449,99999,0
sh513130,09:46:10,1768873571504,5741.76,0.8927,4.0592,0.742,0.7408,0.162,21487700,15943896,0.742,0.742,72510800,0.741,85182100,0.740,167456700,0.739,108787300,0.738,73057600,0.743,104257700,0.744,95815500,0.745,42432500,0.746,33867700,0.747,31064000,282,99999,0
sh513130,09:46:07,1768873572517,5742.22,0.8927,3.8987,0.742,0.7408,0.162,0,0,0.742,0.741,95842100,0.740,169496400,0.739,117114300,0.738,73067600,0.737,47955900,0.742,20777500,0.743,97244500,0.744,93301500,0.745,42432500,0.746,33902900,80,99999,2
sh513130,09:46:10,1768873573529,5742.22,0.8927,3.8248,0.742,0.7408,0.162,0,0,0.742,0.742,72510800,0.741,85182100,0.740,167456700,0.739,108787300,0.738,73057600,0.743,104257700,0.744,95815500,0.745,42432500,0.746,33867700,0.747,31064000,148,99999,0
sh513130,09:46:13,1768873575526,5743.2,0.8927,4.6945,0.742,0.7408,0.162,9130700,6774979,0.742,0.742,67320000,0.741,87144800,0.740,167462500,0.739,108807500,0.738,73072600,0.743,102668700,0.744,95815500,0.745,44432500,0.746,35867700,0.747,31074000,1013,99999,0
sh513130,09:46:16,1768873578516,5744.5,0.8927,3.3797,0.743,0.7415,0.2023,20900,15515,0.7423,0.742,72548300,0.741,89056700,0.740,167542400,0.739,103807500,0.738,73071400,0.743,91650600,0.744,95815500,0.745,55482500,0.746,35871700,0.747,31074000,19,99999,0
sh513130,09:46:19,1768873581513,5744.99,0.8927,3.2222,0.743,0.7415,0.2023,65900,48898,0.742,0.742,86121300,0.741,89613000,0.740,155739400,0.739,75809300,0.738,73012400,0.743,85904700,0.744,80717900,0.745,90479800,0.746,36271700,0.747,31074000,1012,99999,0
sh513130,09:46:22,1768873583503,5745.91,0.8927,5.4542,0.742,0.7415,0.0674,31800,23614,0.7426,0.742,86121100,0.741,90759300,0.740,156867400,0.739,75809300,0.738,72952400,0.743,59097500,0.744,88558800,0.745,94478700,0.746,36271700,0.747,31074000,955,99999,0
sh513130,09:46:19,1768873584497,5746.85,0.8927,5.0912,0.743,0.7415,0.2023,0,0,0.743,0.742,86121300,0.741,89613000,0.740,155739400,0.739,75809300,0.738,73012400,0.743,85904700,0.744,80717900,0.745,90479800,0.746,36271700,0.747,31074000,22,99999,2
sh513130,09:46:22,1768873585486,5746.85,0.8927,5.614,0.742,0.7415,0.0674,0,0,0.742,0.742,86121100,0.741,90759300,0.740,156867400,0.739,75809300,0.738,72952400,0.743,59097500,0.744,88558800,0.745,94478700,0.746,36271700,0.747,31074000,1011,99999,0
sh513130,09:46:25,1768873587488,5746.92,0.8927,3.8384,0.742,0.7421,-0.0135,57000,42342,0.7428,0.742,86967900,0.741,90937400,0.740,153140400,0.739,70774200,0.738,72972400,0.743,46149300,0.744,89403700,0.745,102478700,0.746,36271700,0.747,31074000,975,99999,0
sh513130,09:46:28,1768873589487,5746.82,0.8927,4.5905,0.742,0.7421,-0.0135,170700,126779,0.7427,0.742,87722200,0.741,92070100,0.740,154048700,0.739,70754200,0.738,72976600,0.743,45711300,0.744,90293600,0.745,102678700,0.746,36270300,0.747,31074000,952,99999,0
sh513130,09:46:31,1768873592512,5747.5,0.8927,3.0407,0.742,0.7422,-0.0269,105800,78572,0.7426,0.742,88536200,0.741,92106400,0.740,154132200,0.739,70754200,0.738,72983600,0.743,45885200,0.744,91408500,0.745,102678700,0.746,41300300,0.747,31074000,10,99999,0
sh513130,09:46:34,1768873596507,5748.34,0.8927,3.6665,0.743,0.7422,0.1078,48500,35989,0.742,0.742,89726800,0.741,92232600,0.740,155111900,0.739,70754200,0.738,72978600,0.743,45796000,0.744,91412200,0.745,102678700,0.746,41300300,0.747,31074000,19,99999,0
sh513130,09:46:37,1768873599531,5748.69,0.8927,2.9743,0.743,0.7422,0.1078,184000,136670,0.7428,0.742,91210600,0.741,92993600,0.740,155865200,0.739,69804200,0.738,72980600,0.743,45533200,0.744,91422200,0.745,103130600,0.746,41300300,0.747,31075700,270,99999,0
sh513130,09:46:40,1768873602523,5748.81,0.8927,2.7439,0.743,0.7421,0.1213,102400,76038,0.7426,0.742,92072400,0.741,93079300,0.740,156815800,0.739,69805200,0.738,73021200,0.743,45953600,0.744,92052000,0.745,103194000,0.746,41400300,0.747,31075700,4,99999,0
sh513130,09:46:43,1768873605549,5748.87,0.8927,2.4192,0.742,0.7421,-0.0135,333100,247448,0.7429,0.742,93106000,0.741,93109000,0.740,157956000,0.739,69805200,0.738,73084200,0.743,44991400,0.744,92083900,0.745,103207200,0.746,41400300,0.747,31075700,1058,99999,0
sh513130,09:46:46,1768873608536,5750.29,0.8927,4.1824,0.743,0.7421,0.1213,35694000,26520635,0.743,0.743,49339800,0.742,97106900,0.741,89777900,0.740,157721100,0.739,69748100,0.744,103644100,0.745,97082200,0.746,46749800,0.747,31106700,0.748,33213500,18,99999,0
sh513130,09:46:49,1768873611538,5750.8,0.8927,4.1544,0.743,0.7421,0.1213,218300,162199,0.743,0.743,56331600,0.742,98043400,0.741,90449600,0.740,154355600,0.739,68748100,0.744,95641600,0.745,97093200,0.746,46814100,0.747,31106700,0.748,33713500,1049,99999,0
sh513130,09:46:52,1768873614515,5751.52,0.8927,2.8875,0.743,0.7435,-0.0672,206100,153244,0.7435,0.743,57218200,0.742,98864300,0.741,90463900,0.740,154257400,0.739,68350600,0.744,104684200,0.745,97058200,0.746,47064200,0.747,31106700,0.748,33670800,13,99999,0
sh513130,09:46:55,1768873617516,5752.12,0.8927,2.738,0.744,0.7434,0.0807,347200,258023,0.7432,0.743,60847900,0.742,100017900,0.741,90596900,0.740,154303600,0.739,68350600,0.744,104723200,0.745,89960600,0.746,56059400,0.747,33287800,0.748,33670800,966,99999,0
sh513130,09:46:58,1768873620496,5752.51,0.8927,2.1081,0.744,0.7434,0.0807,301500,224063,0.7432,0.743,59092900,0.742,100297200,0.741,79238600,0.740,136307500,0.739,68320700,0.744,104855900,0.745,90470700,0.746,56048600,0.747,33287800,0.748,33670800,10,99999,0
sh513130,09:47:01,1768873623477,5751.36,0.8927,3.567,0.744,0.7434,0.0807,316800,235689,0.744,0.743,63499800,0.742,100501400,0.741,79675700,0.740,136288000,0.739,68320700,0.744,103694200,0.745,91777600,0.746,56048600,0.747,33287800,0.748,33670800,442,99999,0
sh513130,09:47:04,1768873626460,5751.49,0.8927,3.4792,0.744,0.7434,0.0807,344000,255630,0.7431,0.743,63221600,0.742,100770400,0.741,80542400,0.740,135943200,0.739,68328200,0.744,104809500,0.745,91694300,0.746,55108600,0.747,33287800,0.748,34078400,1239,99999,0
sh513130,09:47:07,1768873629458,5751.61,0.8927,4.9519,0.744,0.7435,0.0672,152800,113667,0.7439,0.743,80352600,0.742,94495300,0.741,81542500,0.740,125750800,0.739,68358200,0.744,66076800,0.745,92684100,0.746,98494500,0.747,33287800,0.748,34157700,945,99999,0
sh513130,09:47:10,1768873631444,5753.41,0.8927,6.1158,0.744,0.7435,0.0672,819700,609817,0.744,0.743,80636100,0.742,94680200,0.741,83616600,0.740,121892600,0.739,68371400,0.744,56868600,0.745,93798200,0.746,100872900,0.747,36315800,0.748,34177700,940,99999,0
sh513130,09:47:13,1768873635447,5754.65,0.8927,6.2203,0.744,0.7435,0.0672,227100,168963,0.744,0.743,87543700,0.742,95033300,0.741,83400700,0.740,114238600,0.739,68369200,0.744,48121700,0.745,99898200,0.746,100876900,0.747,38615800,0.748,34177700,899,99999,0
sh513130,09:47:16,1768873637447,5754.86,0.8927,4.49,0.743,0.7441,-0.1478,548000,407356,0.7434,0.743,93027200,0.742,95104400,0.741,83452800,0.740,113963500,0.739,68222200,0.744,104393500,0.745,94843000,0.746,80899100,0.747,35699300,0.748,34217700,963,99999,0
sh513130,09:47:19,1768873642424,5754.78,0.8927,3.6988,0.744,0.7441,-0.0134,441400,328215,0.7436,0.743,93941900,0.742,95187800,0.741,83247300,0.740,114061200,0.739,67673200,0.744,77507900,0.745,94903100,0.746,100797900,0.747,38901000,0.748,34217700,1931,99999,0
sh513130,09:47:22,1768873644435,5755.06,0.8927,1.8842,0.744,0.7435,0.0672,31300,23287,0.744,0.743,92973100,0.742,95272800,0.741,83742700,0.740,114013200,0.739,67673200,0.744,104345700,0.745,94945800,0.746,88789100,0.747,35873000,0.748,34268000,16,99999,0
sh513130,09:47:25,1768873647451,5755.1,0.8927,5.1793,0.744,0.7435,0.0672,102600,76315,0.7438,0.743,94913100,0.742,95338000,0.741,83815600,0.740,114009600,0.739,67659900,0.744,53249500,0.745,101585300,0.746,100853400,0.747,38901000,0.748,34268000,650,99999,0
sh513130,09:47:28,1768873650431,5755.48,0.8927,1.7093,0.744,0.7435,0.0672,369000,274336,0.7435,0.743,96059600,0.742,95573300,0.741,84211700,0.740,114263900,0.739,67629800,0.744,46065900,0.745,101910500,0.746,100875700,0.747,38996100,0.748,34368000,1474,99999,0
sh513130,09:47:31,1768873653414,5756.05,0.8927,1.9827,0.743,0.7441,-0.1478,1799000,1336706,0.743,0.743,95156200,0.742,95621400,0.741,84227800,0.740,114256400,0.739,67616800,0.744,45451000,0.745,102031000,0.746,100942700,0.747,38996100,0.748,34368000,152,99999,0
sh513130,09:47:34,1768873656402,5757.35,0.8927,3.3972,0.744,0.7441,-0.0134,1052900,782343,0.743,0.743,97291100,0.742,95551400,0.741,84225000,0.740,114211800,0.739,67111800,0.744,36883400,0.745,102127400,0.746,100893000,0.747,38996100,0.748,34376100,977,99999,0
sh513130,09:47:37,1768873658398,5756.4,0.8927,2.7383,0.743,0.7441,-0.1478,789400,587197,0.7439,0.743,98244700,0.742,95586400,0.741,84360000,0.740,115084100,0.739,66950200,0.744,48062700,0.745,102097300,0.746,101016900,0.747,39010200,0.748,33888600,815,99999,0
sh513130,09:47:40,1768873661381,5756.06,0.8927,2.1226,0.744,0.7441,-0.0134,421000,313025,0.7435,0.743,97172700,0.742,95726800,0.741,84427100,0.740,115062000,0.739,66950200,0.744,48135300,0.745,102972200,0.746,100984500,0.747,39010200,0.748,33894000,885,99999,0
sh513130,09:47:43,1768873665363,5757.38,0.8927,4.3454,0.744,0.7441,-0.0134,150600,112047,0.744,0.743,98123200,0.742,95666700,0.741,85118500,0.740,115244500,0.739,66950800,0.744,38643900,0.745,105639200,0.746,101106300,0.747,39010200,0.748,33894000,875,99999,0
sh513130,09:47:46,1768873668371,5757.72,0.8927,3.6325,0.743,0.7442,-0.1612,4146800,3085192,0.744,0.743,99694600,0.742,95702700,0.741,85008500,0.740,115417600,0.739,66950800,0.744,30463200,0.745,107044200,0.746,101202800,0.747,44010200,0.748,33894000,10,99999,0
sh513130,09:47:49,1768873672381,5758.51,0.8927,2.8699,0.744,0.7442,-0.0269,1721800,1280957,0.744,0.743,98773400,0.742,95713700,0.741,85011700,0.740,115260500,0.739,66950900,0.744,40368500,0.745,106707600,0.746,93332800,0.747,52010200,0.748,33924000,1844,99999,0
sh513130,09:47:52,1768873674377,5758.14,0.8927,2.1837,0.744,0.7442,-0.0269,556800,414259,0.744,0.743,100187800,0.742,95726700,0.741,85009000,0.740,114894700,0.739,66950900,0.744,38709000,0.745,107652800,0.746,93332800,0.747,51856000,0.748,33924000,1678,99999,0
sh513130,09:47:55,1768873676386,5757.68,0.8927,2.454,0.744,0.7442,-0.0269,1316800,979696,0.744,0.743,102056500,0.742,96084100,0.741,85030000,0.740,115147000,0.739,66995900,0.744,32238800,0.745,109282300,0.746,93401000,0.747,51856000,0.748,33974000,1551,99999,0
sh513130,09:47:58,1768873681378,5756.78,0.8927,0.6852,0.744,0.7442,-0.0269,470500,350043,0.744,0.743,101502900,0.742,96196700,0.741,85534300,0.740,115186300,0.739,66995900,0.744,37720800,0.745,110133600,0.746,93522000,0.747,52236000,0.748,33974900,61,99999,0
sh513130,09:48:01,1768873684361,5757.27,0.8927,0.2537,0.743,0.7442,-0.1612,1139200,847521,0.744,0.743,102504400,0.742,96316500,0.741,85641200,0.740,115063000,0.739,67005900,0.744,36721400,0.745,110981900,0.746,93573200,0.747,52230500,0.748,34129100,736,99999,0
sh513130,09:48:04,1768873685361,5756.93,0.8927,2.69,0.744,0.7442,-0.0269,2827000,2100575,0.743,0.743,98839800,0.742,96557800,0.741,86701300,0.740,115134700,0.739,67005900,0.744,36960900,0.745,112200000,0.746,93692300,0.747,51627500,0.748,34129100,852,99999,0
sh513130,09:48:07,1768873689357,5756.87,0.8927,3.3728,0.744,0.7442,-0.0269,666000,495494,0.744,0.743,99124300,0.742,96904300,0.741,86786700,0.740,114662000,0.739,67005900,0.744,42751300,0.745,113297900,0.746,93692300,0.747,38541900,0.748,34134800,819,99999,0
sh513130,09:48:10,1768873692352,5756.68,0.8927,4.0251,0.743,0.7435,-0.0672,47900,35611,0.7434,0.743,99705500,0.742,96943100,0.741,86809700,0.740,114025200,0.739,67005900,0.744,43837700,0.745,116423700,0.746,93699000,0.747,46194600,0.748,36233400,225,99999,0
sh513130,09:48:13,1768873695352,5756.84,0.8927,3.9944,0.743,0.7435,-0.0672,618700,460296,0.744,0.743,100804000,0.742,97005600,0.741,86826700,0.740,114078100,0.739,67018900,0.744,51009600,0.745,116408100,0.746,93842100,0.747,46594600,0.748,36373400,822,99999,0
sh513130,09:48:16,1768873698359,5756.71,0.8927,2.0609,0.743,0.7435,-0.0672,521600,388059,0.744,0.743,100991700,0.742,96975600,0.741,86841300,0.740,114101000,0.739,67037900,0.744,51025200,0.745,116398200,0.746,102833400,0.747,43594600,0.748,36373400,1863,99999,0
sh513130,09:48:19,1768873701375,5757.78,0.8927,1.9016,0.744,0.7435,0.0672,43761700,32558691,0.744,0.744,57562200,0.743,100349800,0.742,93770600,0.741,83759200,0.740,114111600,0.745,118577500,0.746,103863400,0.747,43599600,0.748,36453100,0.749,28720900,611,99999,0
sh513130,09:48:22,1768873704373,5758.06,0.8927,1.6554,0.744,0.7442,-0.0269,850000,632400,0.744,0.744,62402600,0.743,100476700,0.742,93821600,0.741,83448600,0.740,114202000,0.745,118618600,0.746,104701100,0.747,43602600,0.748,36487800,0.749,28720900,1459,99999,0
sh513130,09:48:25,1768873707368,5759.22,0.8927,3.2634,0.744,0.7442,-0.0269,423400,315010,0.744,0.744,62482700,0.743,100361000,0.742,93835700,0.741,83449600,0.740,114236800,0.745,121377800,0.746,97715200,0.747,51622600,0.748,36487800,0.749,29049500,144,99999,0
sh513130,09:48:28,1768873709370,5759.31,0.8927,2.7074,0.744,0.7442,-0.0269,227700,169494,0.7444,0.744,79413900,0.743,94756900,0.742,92875300,0.741,78449600,0.740,114275600,0.745,121370200,0.746,91478300,0.747,78619900,0.748,36472300,0.749,29049800,790,99999,0
sh513130,09:48:25,1768873710364,5759.31,0.8927,2.9318,0.744,0.7442,-0.0269,0,0,0.744,0.744,62482700,0.743,100361000,0.742,93835700,0.741,83449600,0.740,114236800,0.745,121377800,0.746,97715200,0.747,51622600,0.748,36487800,0.749,29049500,987,99999,2
sh513130,09:48:28,1768873711372,5759.9,0.8927,2.4976,0.744,0.7442,-0.0269,0,0,0.744,0.744,79413900,0.743,94756900,0.742,92875300,0.741,78449600,0.740,114275600,0.745,121370200,0.746,91478300,0.747,78619900,0.748,36472300,0.749,29049800,801,99999,0
sh513130,09:48:31,1768873712367,5759.9,0.8927,2.3044,0.744,0.7442,-0.0269,1162800,865198,0.7441,0.744,88561100,0.743,94624000,0.742,87326600,0.741,50600100,0.740,114338000,0.745,97489700,0.746,92328100,0.747,90755800,0.748,36472300,0.749,29046600,834,99999,0
sh513130,09:48:34,1768873716369,5761.01,0.8927,1.7304,0.744,0.7442,-0.0269,161900,120468,0.7441,0.744,89730900,0.743,94304400,0.742,87561900,0.741,45681800,0.740,114318000,0.745,78094600,0.746,93163800,0.747,91787000,0.748,36492300,0.749,29046600,513,99999,0
sh513130,09:48:37,1768873719367,5761.77,0.8927,2.3266,0.745,0.7442,0.1075,264900,197261,0.7447,0.744,90793300,0.743,94640600,0.742,82595000,0.741,45848700,0.740,114323600,0.745,71068800,0.746,94201100,0.747,96532000,0.748,36447000,0.749,29146600,879,99999,0
sh513130,09:48:40,1768873722373,5760.36,0.8927,1.4158,0.744,0.7448,-0.1074,808700,601708,0.744,0.744,79805800,0.743,94612200,0.742,82583700,0.741,55779400,0.740,113847300,0.745,119885800,0.746,99254500,0.747,89541300,0.748,36556000,0.749,28946600,51,99999,0
sh513130,09:48:43,1768873725365,5760.1,0.8927,2.2256,0.745,0.7448,0.0269,608300,452979,0.7447,0.744,79671200,0.743,94382100,0.742,82583700,0.741,55759100,0.740,113843300,0.745,119991600,0.746,99729000,0.747,81544300,0.748,44555900,0.749,28946600,858,99999,0
sh513130,09:48:46,1768873728364,5760.51,0.8927,2.3357,0.744,0.7442,-0.0269,1498400,1116283,0.745,0.744,91990300,0.743,94064100,0.742,83433700,0.741,47763100,0.740,113631300,0.745,118697600,0.746,100646600,0.747,81697800,0.748,38555900,0.749,28966600,1734,99999,0
sh513130,09:48:49,1768873731363,5759.6,0.8927,4.2344,0.744,0.7442,-0.0269,377000,280582,0.7442,0.744,82576300,0.743,94057600,0.742,84285900,0.741,58113100,0.740,113630800,0.745,118698500,0.746,102311600,0.747,89633600,0.748,38587700,0.749,28966600,257,99999,0
sh513130,09:48:52,1768873734370,5760.01,0.8927,4.4152,0.744,0.7442,-0.0269,223600,166482,0.7446,0.744,83044100,0.743,94017600,0.742,85196100,0.741,58284200,0.740,113798600,0.745,118680300,0.746,102368600,0.747,88643600,0.748,38624200,0.749,28966600,1246,99999,0
