symbol,tx_server_time,tx_local_time,index_price,fx_rate,sentiment,price,iopv,premium_rate,tick_vol,tick_amt,tick_vwap,bp1,bv1,bp2,bv2,bp3,bv3,bp4,bv4,bp5,bv5,sp1,sv1,sp2,sv2,sp3,sv3,sp4,sv4,sp5,sv5,idx_delay_ms,fut_delay_ms,data_flags,fut_price,fut_mid,fut_imb,fut_delta_vol,fut_pct
sz159920,10:52:00,1764125521897,25971.24,0.9106,2.5961,1.596,1.5991,-0.1939,600,957,1.595,1.595,4110700,1.594,11356000,1.593,10069900,1.592,8668200,1.591,2343500,1.596,3860900,1.597,7339100,1.598,8701300,1.599,6851800,1.6,2246000,517,100,0,26014.47,25995.0,-0.43,2,0.4
sz159920,10:52:03,1764125525902,25966.61,0.9106,3.1477,1.596,1.599,-0.1876,10000,15960,1.596,1.595,8833000,1.594,10493300,1.593,10069900,1.592,5668200,1.591,2343500,1.596,1515100,1.597,8529100,1.598,8701300,1.599,6851800,1.6,2246000,510,100,0,26014.57,25999.0,-0.5,0,0.4
sz159920,10:52:06,1764125527910,25966.22,0.9106,2.7986,1.595,1.599,-0.2502,700,1117,1.5957,1.595,8839700,1.594,10495300,1.593,10072900,1.592,5668200,1.591,2343500,1.596,1515100,1.597,8529100,1.598,8701300,1.599,6851800,1.6,2246000,497,100,0,26016.3,25999.0,0.4,0,0.41
sz159920,10:52:12,1764125533926,25966.86,0.9106,3.4115,1.596,1.599,-0.1876,300,478,1.5933,1.595,11847700,1.594,10495300,1.593,10072900,1.592,2668200,1.591,2343500,1.596,768900,1.597,8529100,1.598,8701300,1.599,6851800,1.6,2246000,565,100,0,26015.6,26002.0,0.14,0,0.4
sz159920,10:52:18,1764125539931,25967.91,0.9106,2.158,1.596,1.5991,-0.1939,64100,102304,1.596,1.595,8848200,1.594,10495300,1.593,10072900,1.592,5668200,1.591,2343500,1.596,2429100,1.597,8601600,1.598,8701300,1.599,6851800,1.6,2246000,272,100,0,26015.4,25998.0,0.43,0,0.4
sz159920,10:52:33,1764125555948,25968.02,0.9106,2.8998,1.596,1.5992,-0.2001,712300,1136831,1.596,1.596,843300,1.595,12414000,1.594,10505900,1.593,8827100,1.592,2595000,1.597,8281700,1.598,8724500,1.599,7121800,1.6,2316000,1.601,2340600,588,100,0,26022.6,26006.5,0.0,0,0.43
sz159920,10:52:42,1764125564966,25969.28,0.9106,3.3762,1.596,1.5992,-0.2001,10000,15960,1.596,1.596,1374300,1.595,12454600,1.594,10568700,1.593,8673500,1.592,2595000,1.597,8302000,1.598,8661900,1.599,7184400,1.6,2316000,1.601,2340600,597,100,0,26021.85,26006.0,0.6,0,0.43
sz159920,10:53:03,1764125586007,25970.99,0.9106,2.8274,1.597,1.5996,-0.1625,11700,18685,1.597,1.596,3662400,1.595,11590400,1.594,10496900,1.593,4813900,1.592,2594000,1.597,5396600,1.598,9871800,1.599,8044000,1.6,2320000,1.601,2340600,647,100,0,26026.4,26012.0,0.2,0,0.45
sz159920,10:53:09,1764125592006,25972.52,0.9106,2.5851,1.597,1.5996,-0.1625,10000,15970,1.597,1.596,2799700,1.595,12453100,1.594,10498900,1.593,7813900,1.592,2594000,1.597,7452900,1.598,8681800,1.599,8044000,1.6,2320000,1.601,2340600,254,100,0,26027.82,26010.0,-0.5,2,0.45
sz159920,10:53:18,1764125600022,25974.29,0.9106,2.977,1.597,1.5996,-0.1625,35000,55895,1.597,1.596,1700700,1.595,12453100,1.594,10508900,1.593,7813900,1.592,2594000,1.597,7417900,1.598,8681800,1.599,8044000,1.6,2471400,1.601,2340600,671,100,0,26021.85,26006.0,0.67,1,0.43
sz159920,10:53:24,1764125606030,25973.2,0.9106,2.005,1.596,1.5996,-0.2251,3600,5745,1.5958,1.596,1657000,1.595,12453100,1.594,10508900,1.593,7813900,1.592,2594000,1.597,7452900,1.598,8681800,1.599,8044000,1.6,2471400,1.601,2340600,670,100,0,26026.04,26008.5,0.05,7,0.44
sz159920,10:53:27,1764125609027,25974.74,0.9106,2.0524,1.597,1.5996,-0.1625,53000,84591,1.5961,1.596,1780000,1.595,12821900,1.594,10506900,1.593,7813900,1.592,2594000,1.597,8449900,1.598,8681800,1.599,8044000,1.6,2471400,1.601,2340600,655,100,0,26022.6,26005.0,0.71,0,0.43
sz159920,10:53:30,1764125612051,25972.68,0.9106,1.3782,1.596,1.5996,-0.2251,597300,953291,1.596,1.595,8821900,1.594,10506900,1.593,7813900,1.592,5664000,1.591,2343500,1.596,89000,1.597,8449900,1.598,8681800,1.599,8044000,1.6,2401400,760,100,0,26019.9,26003.0,0.0,0,0.42
sz159920,10:53:33,1764125615048,25971.2,0.9106,1.256,1.597,1.5995,-0.1563,11700,18685,1.597,1.596,77400,1.595,12820400,1.594,10444100,1.593,7966500,1.592,2584000,1.597,8438200,1.598,8744400,1.599,7981400,1.6,2471400,1.601,2340600,555,100,0,26020.03,26005.0,-0.25,0,0.42
sz159920,10:53:42,1764125624057,25973.54,0.9106,2.2249,1.597,1.5995,-0.1563,100,160,1.6,1.596,119400,1.595,8923600,1.594,10506900,1.593,7803700,1.592,2084000,1.597,8710500,1.598,8173100,1.599,7299800,1.6,2475200,1.601,2340600,687,100,0,26017.3,26002.0,-0.27,0,0.41
sz159920,10:53:45,1764125627074,25972.09,0.9106,2.4199,1.596,1.5995,-0.2188,3300,5270,1.597,1.596,181700,1.595,12554800,1.594,10506900,1.593,7803700,1.592,2084000,1.597,9692100,1.598,8173100,1.599,7299800,1.6,2475200,1.601,2340600,594,100,0,26022.48,26003.0,0.2,0,0.43
sz159920,10:53:51,1764125633078,25970.84,0.9106,1.5559,1.596,1.5996,-0.2251,81500,130074,1.596,1.596,153500,1.595,8549300,1.594,10506900,1.593,7803700,1.592,5084000,1.597,9701000,1.598,8223000,1.599,7277300,1.6,2475200,1.601,2340600,15,100,0,26014.68,26002.0,-0.71,0,0.4
sz159920,10:53:57,1764125639074,25969.17,0.9106,1.125,1.597,1.5996,-0.1625,67600,107957,1.597,1.596,1207300,1.595,12542300,1.594,10506900,1.593,7803700,1.592,2085500,1.597,8703400,1.598,8218000,1.599,7321600,1.6,2475200,1.601,2340600,717,100,0,26019.28,26007.0,0.0,0,0.42
sz159920,10:54:15,1764125657101,25972.81,0.9106,2.0458,1.597,1.5995,-0.1563,45100,72025,1.597,1.596,1248300,1.595,12544300,1.594,10508100,1.593,7803700,1.592,2085500,1.597,8694100,1.598,8218000,1.599,7322000,1.6,2475600,1.601,2340600,240,100,0,26022.76,26008.0,0.44,0,0.43
sz159920,10:54:21,1764125663110,25972.5,0.9106,2.6538,1.597,1.5997,-0.1688,38600,61623,1.5965,1.596,1105500,1.595,12544300,1.594,10508100,1.593,7803700,1.592,2085500,1.597,9676000,1.598,8218000,1.599,7322000,1.6,2475600,1.601,2341000,728,100,0,26020.2,26006.0,-0.5,0,0.42
sz159920,10:54:24,1764125666119,25973.81,0.9106,2.8482,1.596,1.5997,-0.2313,15700,25058,1.5961,1.596,1109800,1.595,12544300,1.594,10508100,1.593,7803700,1.592,2085500,1.597,9676000,1.598,8218000,1.599,7322000,1.6,2475600,1.601,2341000,584,100,0,26022.48,26004.0,-0.75,3,0.43
sz159920,10:54:30,1764125672118,25973.53,0.9106,3.4938,1.596,1.5997,-0.2313,100,159,1.59,1.596,447900,1.595,12550500,1.594,10508100,1.593,7803700,1.592,2085500,1.597,9676200,1.598,8218000,1.599,7322000,1.6,2475600,1.601,2341000,78,100,0,26019.28,26006.0,-0.11,0,0.42
sz159920,10:54:36,1764125678136,25972.37,0.9106,2.3129,1.597,1.5997,-0.1688,18500,29545,1.597,1.596,2150300,1.595,12550500,1.594,10508100,1.593,7803700,1.592,2085500,1.597,9657700,1.598,8218000,1.599,7322000,1.6,2525600,1.601,2341000,782,100,0,26022.6,26006.0,0.43,0,0.43
sz159920,10:54:39,1764125681147,25971.98,0.9106,2.4016,1.597,1.5997,-0.1688,3400,5430,1.5971,1.596,2154200,1.595,12550500,1.594,10528100,1.593,7803700,1.592,2085500,1.597,9654100,1.598,8218000,1.599,7322000,1.6,2525600,1.601,2341000,426,100,0,26015.48,25999.5,-0.07,5,0.4
sz159920,10:54:42,1764125684152,25972.59,0.9106,1.8004,1.597,1.5997,-0.1688,100,159,1.59,1.596,1459700,1.595,12522500,1.594,10528100,1.593,7803700,1.592,2085500,1.597,10125300,1.598,8218000,1.599,6822000,1.6,2525600,1.601,2341000,785,100,0,26017.3,26002.0,-0.33,19,0.41
sz159920,10:54:48,1764125691153,25974.4,0.9106,2.9787,1.596,1.5997,-0.2313,4200,6703,1.596,1.596,1805500,1.595,11522500,1.594,10528100,1.593,7803700,1.592,2085500,1.597,10169000,1.598,8218000,1.599,6822000,1.6,2525600,1.601,2341000,777,100,0,26014.57,25998.0,-0.6,5,0.4
sz159920,10:54:51,1764125693162,25971.94,0.9106,3.291,1.596,1.5995,-0.2188,1397300,2230091,1.596,1.596,498200,1.595,9022500,1.594,10528100,1.593,7803700,1.592,5085500,1.597,10227100,1.598,8218000,1.599,6822000,1.6,2525600,1.601,2341000,770,100,0,26012.84,25995.5,0.2,1,0.39
sz159920,10:54:54,1764125696159,25969.09,0.9106,3.5714,1.596,1.5995,-0.2188,498200,795127,1.596,1.595,9022500,1.594,10528100,1.593,8753300,1.592,5155500,1.591,1843500,1.596,2282100,1.597,10243100,1.598,8218000,1.599,5962400,1.6,2455600,205,100,0,26013.6,25997.0,0.0,1,0.4
sz159920,10:55:00,1764125702185,25969.62,0.9106,4.0837,1.596,1.5995,-0.2188,500,798,1.596,1.595,4300200,1.594,11265200,1.593,8879000,1.592,8155500,1.591,1843500,1.596,7463600,1.597,9136700,1.598,8217900,1.599,2809800,1.6,2455600,794,100,0,26013.58,25994.0,-0.8,0,0.4
sz159920,10:55:24,1764125726199,25963.68,0.9106,2.8872,1.596,1.5992,-0.2001,200,320,1.6,1.595,7330200,1.594,11377500,1.593,8801100,1.592,5155500,1.591,1843500,1.596,4547100,1.597,8651200,1.598,8290600,1.599,5809800,1.6,2455600,839,100,0,26015.36,25997.0,-0.78,2,0.4
sz159920,10:55:27,1764125730200,25960.78,0.9106,3.4164,1.596,1.5992,-0.2001,5000,7980,1.596,1.595,7330200,1.594,11377500,1.593,8801100,1.592,5155500,1.591,1843500,1.596,4542100,1.597,8696600,1.598,8290600,1.599,5809800,1.6,2455600,821,100,0,26013.66,25997.0,-0.43,1,0.4
sz159920,10:55:51,1764125753229,25957.73,0.9106,2.2812,1.596,1.5987,-0.1689,600,957,1.595,1.595,3044700,1.594,11432900,1.593,10109800,1.592,8155500,1.591,1843500,1.596,8401100,1.597,8759300,1.598,8227900,1.599,2809800,1.6,2455600,812,100,0,26005.48,25990.5,0.33,0,0.36
sz159920,10:56:03,1764125765252,25955.99,0.9106,3.9471,1.596,1.5987,-0.1689,700,1117,1.5957,1.595,2954700,1.594,11432900,1.593,10109800,1.592,8117100,1.591,1843500,1.596,9608100,1.597,8759300,1.598,8011900,1.599,2806800,1.6,2455600,857,100,0,26010.02,25989.0,-0.14,1,0.38
sz159920,10:56:15,1764125777266,25959.51,0.9106,4.4608,1.595,1.5988,-0.2377,700,1117,1.5957,1.595,4191900,1.594,11433500,1.593,10109800,1.592,8123400,1.591,1843500,1.596,8608100,1.597,8847200,1.598,7924000,1.599,2806800,1.6,2455600,894,100,0,26006.4,25992.0,0.33,0,0.37
sz159920,10:56:27,1764125790280,25961.17,0.9106,3.1839,1.595,1.5987,-0.2314,2000,3190,1.595,1.595,8947300,1.594,10633700,1.593,10047000,1.592,5123400,1.591,1843500,1.596,3308700,1.597,9942800,1.598,8237700,1.599,5806800,1.6,2455600,929,100,0,26013.66,25998.0,0.33,0,0.4
sz159920,10:56:36,1764125798282,25958.32,0.9106,1.6322,1.595,1.5988,-0.2377,11700,18661,1.595,1.595,4183300,1.594,11433600,1.593,10109900,1.592,8123400,1.591,1843500,1.596,8358300,1.597,8815600,1.598,8175000,1.599,2806800,1.6,2455600,279,100,0,26011.8,25994.0,-0.25,1,0.39
sz159920,10:56:48,1764125810302,25957.66,0.9106,2.5665,1.595,1.5988,-0.2377,3100,4945,1.5952,1.595,7052600,1.594,11443700,1.593,10109900,1.592,5213400,1.591,1843500,1.596,5360300,1.597,8826200,1.598,8175000,1.599,5806800,1.6,2304200,937,100,0,26010.9,25994.0,0.5,0,0.39
sz159920,10:56:54,1764125816309,25954.29,0.9106,1.2429,1.595,1.5985,-0.219,1000,1595,1.595,1.595,7921200,1.594,11506800,1.593,10047000,1.592,5213400,1.591,1843500,1.596,4500700,1.597,8763500,1.598,8237700,1.599,5806800,1.6,2304200,936,100,0,26013.6,25995.0,-0.43,1,0.4
sz159920,10:57:00,1764125822449,25956.64,0.9106,1.5334,1.596,1.5985,-0.1564,600,958,1.5967,1.595,4158700,1.594,11444000,1.593,10070600,1.592,8213400,1.591,1843500,1.596,5359700,1.597,8826200,1.598,8175000,1.599,5806800,1.6,2304200,63,100,0,26008.24,25994.0,-0.56,3,0.38
sz159920,10:57:12,1764125834328,25960.21,0.9106,3.3665,1.596,1.5987,-0.1689,10000,15960,1.596,1.595,9021400,1.594,10647700,1.593,10007700,1.592,5123400,1.591,1843500,1.596,4791100,1.597,8763500,1.598,8238000,1.599,5958200,1.6,2307700,964,100,0,26014.47,25995.0,-0.14,0,0.4
sz159920,10:57:24,1764125845345,25959.09,0.9106,3.3442,1.595,1.5988,-0.2377,100,159,1.59,1.595,4320000,1.594,11447600,1.593,10070600,1.592,8123400,1.591,1843500,1.596,8655700,1.597,8821500,1.598,8175300,1.599,2958200,1.6,2307700,982,100,0,26006.4,25992.0,-0.27,1,0.37
sz159920,10:58:03,1764125885420,25962.64,0.9106,2.1863,1.596,1.5988,-0.1751,1000,1596,1.596,1.595,9185800,1.594,10678700,1.593,10007700,1.592,5123400,1.591,1843500,1.596,3607300,1.597,9793400,1.598,8238000,1.599,5958200,1.6,2307800,55,100,0,26011.84,25996.0,-0.33,1,0.39
sz159920,10:58:06,1764125888422,25960.03,0.9106,1.7797,1.596,1.5988,-0.1751,5200,8299,1.596,1.595,4463500,1.594,11478600,1.593,10070600,1.592,8123400,1.591,1843500,1.596,4792100,1.597,8666100,1.598,8175300,1.599,5958200,1.6,2307800,28,100,0,26008.24,25994.0,0.5,0,0.38
sz159920,10:58:09,1764125891418,25962.37,0.9106,0.9858,1.596,1.599,-0.1876,80000,127680,1.596,1.595,5317300,1.594,11541400,1.593,10007700,1.592,8123400,1.591,1843500,1.596,4712100,1.597,8603400,1.598,8238000,1.599,5958200,1.6,2307800,62,100,0,26008.24,25994.0,0.8,0,0.38
sz159920,10:58:30,1764125911458,25956.4,0.9106,2.5161,1.596,1.599,-0.1876,500,798,1.596,1.595,3291600,1.594,11544200,1.593,10070600,1.592,8213400,1.591,1843500,1.596,9824200,1.597,8666100,1.598,7928300,1.599,2958200,1.6,2366500,32,100,0,26001.8,25986.5,0.0,2,0.35
sz159920,10:58:33,1764125915458,25951.97,0.9106,2.5766,1.595,1.599,-0.2502,1200,1914,1.595,1.595,2413600,1.594,8544200,1.593,10070600,1.592,8213400,1.591,4843500,1.596,9824200,1.597,8669100,1.598,7918300,1.599,2958200,1.6,2366500,94,100,0,25966.6,25985.0,-0.09,1,0.21
sz159920,10:58:36,1764125918468,25956.54,0.9106,2.923,1.595,1.599,-0.2502,1900,3031,1.5953,1.595,1998400,1.594,11544200,1.593,10070600,1.592,8213400,1.591,1843500,1.596,9824200,1.597,8669100,1.598,7918300,1.599,2958200,1.6,2376500,10,100,0,25971.2,25986.0,-0.4,0,0.23
sz159920,10:58:42,1764125924469,25953.98,0.9106,1.7099,1.596,1.5988,-0.1751,23100,36867,1.596,1.595,2193800,1.594,11544200,1.593,10071600,1.592,8213400,1.591,1843500,1.596,9801100,1.597,8669100,1.598,7918300,1.599,2958200,1.6,2376500,96,100,0,26008.24,25987.5,-0.22,0,0.38
sz159920,10:59:03,1764125945497,25952.52,0.9106,2.8004,1.595,1.5986,-0.2252,12000,19140,1.595,1.595,1686400,1.594,11544200,1.593,10071600,1.592,8214400,1.591,1843500,1.596,9801600,1.597,8689100,1.598,7908300,1.599,2958200,1.6,2376500,135,100,0,26007.35,25986.0,0.5,0,0.37
sz159920,10:59:12,1764125954512,25950.93,0.9106,2.5027,1.595,1.5984,-0.2127,62700,100007,1.595,1.595,3279500,1.594,11552400,1.593,10076600,1.592,8214400,1.591,1844500,1.596,8841600,1.597,8750300,1.598,7908300,1.599,2785000,1.6,2347800,124,100,0,26003.64,25988.0,-0.11,0,0.36
sz159920,10:59:15,1764125957512,25951.81,0.9106,2.2359,1.595,1.5984,-0.2127,6400,10208,1.595,1.595,2117300,1.594,11552500,1.593,10076600,1.592,8214400,1.591,1844500,1.596,8841600,1.597,8750300,1.598,7908300,1.599,2785000,1.6,2347800,154,100,0,26003.64,25988.0,-0.11,0,0.36
sz159920,10:59:18,1764125960518,25952.99,0.9106,2.7215,1.595,1.5984,-0.2127,362200,577709,1.595,1.595,1825100,1.594,11555100,1.593,10076600,1.592,8214400,1.591,1844500,1.596,9874900,1.597,8631400,1.598,7908300,1.599,2785000,1.6,2347800,139,100,0,26003.64,25989.0,-0.33,1,0.36
sz159920,10:59:21,1764125962518,25952.04,0.9106,2.068,1.595,1.5984,-0.2127,46300,73848,1.595,1.595,1830000,1.594,11565100,1.593,10076600,1.592,8214400,1.591,1844500,1.596,8874900,1.597,7631400,1.598,7908300,1.599,2785000,1.6,2347800,156,100,0,26003.64,25989.0,-0.33,0,0.36
sz159920,10:59:24,1764125965522,25954.48,0.9106,2.3007,1.595,1.5984,-0.2127,7100,11325,1.5951,1.595,7025200,1.594,11627900,1.593,10013700,1.592,5214400,1.591,1844500,1.596,5015000,1.597,7568700,1.598,7971000,1.599,5785000,1.6,2347800,167,100,0,26012.7,25995.0,0.14,1,0.39
sz159920,10:59:39,1764125982548,25964.09,0.9106,2.3365,1.596,1.5987,-0.1689,79900,127520,1.596,1.595,14085400,1.594,10764700,1.593,10013700,1.592,2124400,1.591,1844500,1.596,2025800,1.597,8758700,1.598,8221000,1.599,5785000,1.6,2347800,8,100,0,26014.68,26001.0,-0.5,0,0.4
sz159920,11:00:00,1764126002574,25964.53,0.9106,1.4526,1.596,1.5993,-0.2063,300,479,1.5967,1.595,10185400,1.594,10774700,1.593,9913700,1.592,5124400,1.591,1844500,1.596,2161700,1.597,8757700,1.598,8221000,1.599,5785000,1.6,2367800,206,100,0,26011.0,25998.0,-0.2,2,0.39
sz159920,11:00:03,1764126005580,25967.92,0.9106,2.3166,1.596,1.5993,-0.2063,600,958,1.5967,1.595,13185400,1.594,10774700,1.593,9913700,1.592,2124400,1.591,1844500,1.596,1661100,1.597,8757700,1.598,8221000,1.599,5785000,1.6,2367800,231,100,0,26017.3,26002.0,0.09,3,0.41
sz159920,11:00:06,1764126008589,25965.26,0.9106,1.6722,1.596,1.5993,-0.2063,50100,79959,1.596,1.595,14185400,1.594,10774700,1.593,9913700,1.592,2124400,1.591,1844500,1.596,1610900,1.597,8757700,1.598,8221000,1.599,5785000,1.6,2367800,16,100,0,26018.92,26000.0,0.75,1,0.42
sz159920,11:00:09,1764126011593,25965.31,0.9106,1.4167,1.595,1.5994,-0.2751,13300,21214,1.595,1.595,13233100,1.594,10774700,1.593,9913700,1.592,2124400,1.591,1844500,1.596,2111900,1.597,8757700,1.598,8221000,1.599,5785000,1.6,2367800,234,100,0,26017.2,26000.0,0.23,1,0.41
sz159920,11:00:18,1764126020605,25968.4,0.9106,3.8467,1.596,1.5994,-0.2126,99600,158961,1.596,1.595,14190400,1.594,10774700,1.593,9913700,1.592,2124400,1.591,1844500,1.596,1772900,1.597,8669800,1.598,8221000,1.599,5785000,1.6,2367800,217,100,0,26013.76,26000.0,0.17,1,0.4
sz159920,11:00:21,1764126023622,25966.95,0.9106,3.731,1.595,1.5994,-0.2751,6600,10527,1.595,1.595,14183800,1.594,10774700,1.593,9913700,1.592,2124400,1.591,1844500,1.596,1862900,1.597,8669800,1.598,8221000,1.599,5785000,1.6,2367800,255,100,0,26019.81,26001.0,0.56,0,0.42
sz159920,11:00:27,1764126028619,25965.12,0.9106,4.0797,1.596,1.5994,-0.2126,3600,5746,1.5961,1.595,9328800,1.594,11637400,1.593,9913700,1.592,5124400,1.591,1844500,1.596,4162600,1.597,7486000,1.598,8221000,1.599,5785000,1.6,2367800,231,100,0,26010.93,25996.0,-0.82,0,0.39
sz159920,11:00:30,1764126032623,25963.12,0.9106,3.0026,1.596,1.5994,-0.2126,100,160,1.6,1.595,9328800,1.594,11637400,1.593,9913700,1.592,5124400,1.591,1844500,1.596,4162500,1.597,7573900,1.598,8221000,1.599,5785000,1.6,2367800,162,100,0,26012.69,25992.0,-0.56,4,0.39
sz159920,11:00:33,1764126035630,25961.18,0.9106,3.4145,1.596,1.5994,-0.2126,26200,41815,1.596,1.595,4223400,1.594,11574600,1.593,10076600,1.592,8124400,1.591,1844500,1.596,8245900,1.597,7636600,1.598,7908300,1.599,2785000,1.6,2367800,272,100,0,26006.4,25987.0,0.14,0,0.37
sz159920,11:00:36,1764126038635,25960.49,0.9106,2.5653,1.595,1.5994,-0.2751,55100,87884,1.595,1.595,4168400,1.594,11574600,1.593,10076600,1.592,8124400,1.591,1844500,1.596,9245800,1.597,7636600,1.598,7908300,1.599,2785000,1.6,2367800,240,100,0,25971.2,25987.0,-0.43,0,0.23
sz159920,11:00:39,1764126041633,25956.6,0.9106,2.504,1.595,1.5993,-0.2689,20900,33336,1.595,1.595,3450700,1.594,11574600,1.593,10076600,1.592,8124400,1.591,1844500,1.596,9245700,1.597,7636600,1.598,7908300,1.599,2785000,1.6,2367800,215,100,0,26001.8,25987.0,-0.27,2,0.35
sz159920,11:00:51,1764126054652,25956.58,0.9106,2.6613,1.595,1.5993,-0.2689,40000,63800,1.595,1.595,8688500,1.594,10792300,1.593,10013700,1.592,5224400,1.591,1844500,1.596,4386100,1.597,7573900,1.598,7506800,1.599,5936400,1.6,2367800,276,100,0,26011.8,25991.0,-0.5,1,0.39
sz159920,11:01:00,1764126062673,25956.92,0.9106,1.7704,1.595,1.5987,-0.2314,1000,1595,1.595,1.595,4209300,1.594,11592200,1.593,10076600,1.592,8134400,1.591,1854500,1.596,8709900,1.597,7636600,1.598,7444100,1.599,2936400,1.6,2367800,183,100,0,26009.1,25991.5,0.33,0,0.38
sz159920,11:01:03,1764126065666,25956.53,0.9106,1.3576,1.595,1.5987,-0.2314,6600,10527,1.595,1.595,4298700,1.594,11634600,1.593,10076600,1.592,8134400,1.591,1854500,1.596,7850300,1.597,7636600,1.598,7444100,1.599,2936400,1.6,2367800,210,100,0,26009.1,25991.5,0.33,0,0.38
sz159920,11:01:09,1764126071683,25955.9,0.9106,1.9075,1.595,1.5987,-0.2314,26600,42427,1.595,1.595,7262100,1.594,11634600,1.593,10076600,1.592,5134400,1.591,1854500,1.596,4850300,1.597,7636600,1.598,7444100,1.599,2936400,1.6,2367800,123,100,0,26010.9,25993.5,0.5,0,0.39
sz159920,11:01:30,1764126092710,25958.43,0.9106,0.687,1.595,1.5987,-0.2314,17300,27593,1.595,1.595,12260200,1.594,10834700,1.593,10013700,1.592,2173800,1.591,1825000,1.596,3617000,1.597,7573900,1.598,7756800,1.599,5936400,1.6,2367800,220,100,0,26012.84,25998.0,0.8,0,0.39
sz159920,11:01:39,1764126101725,25960.53,0.9106,2.1796,1.596,1.5987,-0.1689,5600,8938,1.5961,1.595,13360200,1.594,10834700,1.593,9913700,1.592,2173800,1.591,1825000,1.596,1921300,1.597,8763900,1.598,7756800,1.599,5936400,1.6,2367800,223,100,0,26016.3,25998.0,0.75,0,0.41
sz159920,11:01:48,1764126110730,25960.03,0.9106,0.6797,1.596,1.5989,-0.1814,100,160,1.6,1.595,12360200,1.594,10834700,1.593,9913700,1.592,2173800,1.591,1830000,1.596,1921300,1.597,8852100,1.598,7756800,1.599,5936400,1.6,2367800,32,100,0,26014.68,26000.0,0.25,0,0.4
sz159920,11:02:00,1764126121752,25961.71,0.9106,1.1248,1.595,1.5991,-0.2564,200,319,1.595,1.595,13350000,1.594,10834700,1.593,9913700,1.592,2173800,1.591,1830000,1.596,1331500,1.597,9001300,1.598,7756800,1.599,5936400,1.6,2367800,210,100,0,26015.6,26002.0,-0.5,0,0.4
sz159920,11:02:03,1764126125756,25962.78,0.9106,0.7949,1.595,1.5991,-0.2564,3200,5104,1.595,1.595,9346800,1.594,10844700,1.593,9913700,1.592,5173800,1.591,1830000,1.596,1831500,1.597,9465500,1.598,7756800,1.599,5936400,1.6,2367800,1393,100,0,26017.2,26000.0,-0.14,0,0.41
sz159920,11:02:24,1764126146797,25963.46,0.9106,2.0494,1.596,1.5992,-0.2001,1430800,2283456,1.5959,1.596,362500,1.595,13344500,1.594,10844700,1.593,9908700,1.592,2098800,1.597,8333100,1.598,7756800,1.599,5936400,1.6,2427800,1.601,1884200,392,100,0,26018.36,26006.0,-0.33,0,0.41
sz159920,11:02:27,1764126149807,25967.35,0.9106,3.0824,1.596,1.5991,-0.1939,210600,336118,1.596,1.596,2088200,1.595,13417400,1.594,10904900,1.593,8700100,1.592,2098800,1.597,8491100,1.598,7694200,1.599,6089000,1.6,2427800,1.601,1884200,39,100,0,26025.3,26009.5,-0.18,0,0.44
sz159920,11:02:30,1764126152817,25970.35,0.9106,2.4262,1.596,1.5991,-0.1939,19900,31760,1.596,1.596,5927900,1.595,13480200,1.594,10842100,1.593,4840500,1.592,2098800,1.597,3881500,1.598,7631500,1.599,7261300,1.6,5427800,1.601,1884200,440,100,0,26029.8,26014.0,-0.71,0,0.46
sz159920,11:02:33,1764126155825,25967.27,0.9106,2.1898,1.596,1.5991,-0.1939,86300,137805,1.5968,1.596,7059000,1.595,12479500,1.594,10792100,1.593,5297300,1.592,2098800,1.597,1956500,1.598,8821500,1.599,8507800,1.6,5427800,1.601,1884200,460,100,0,26027.56,26015.0,0.0,1,0.45
sz159920,11:02:42,1764126163837,25976.52,0.9106,2.2737,1.596,1.5997,-0.2313,6000,9576,1.596,1.596,6280300,1.595,13395100,1.594,10792100,1.593,5249800,1.592,2098800,1.597,4245100,1.598,7631500,1.599,9007800,1.6,5427800,1.601,1884200,489,100,0,26027.1,26011.0,0.14,8,0.45
sz159920,11:03:00,1764126182866,25977.48,0.9106,1.8783,1.596,1.6001,-0.2562,1300,2075,1.5962,1.596,5419400,1.595,13395100,1.594,10791500,1.593,5249800,1.592,2098800,1.597,3931600,1.598,8095700,1.599,9007800,1.6,5427800,1.601,1904200,465,100,0,26025.72,26013.0,-0.14,22,0.44
sz159920,11:03:09,1764126191878,25973.83,0.9106,1.8913,1.597,1.6001,-0.1937,49900,79690,1.597,1.596,7141700,1.595,12534000,1.594,10800500,1.593,5246800,1.592,2098800,1.597,2735900,1.598,8102000,1.599,9030800,1.6,5427800,1.601,1904200,525,100,0,26033.16,26016.0,-0.25,3,0.47
sz159920,11:03:21,1764126202906,25974.09,0.9106,1.9758,1.597,1.6,-0.1875,6700,10700,1.597,1.596,5422400,1.595,13401700,1.594,10800500,1.593,5246800,1.592,2098800,1.597,3875000,1.598,8102000,1.599,9030800,1.6,5363700,1.601,1904200,439,100,0,26027.82,26010.0,-0.75,1,0.45
sz159920,11:03:42,1764126224930,25971.01,0.9106,2.1675,1.597,1.5998,-0.175,9000,14373,1.597,1.596,6344000,1.595,13034700,1.594,10790500,1.593,5246800,1.592,2098800,1.597,3923300,1.598,8103000,1.599,9030800,1.6,5363700,1.601,1904200,493,100,0,26028.0,26012.0,0.6,0,0.45
sz159920,11:03:45,1764126226941,25972.1,0.9106,2.6726,1.597,1.5998,-0.175,13400,21400,1.597,1.596,6344000,1.595,13034700,1.594,10790500,1.593,5241100,1.592,2098800,1.597,3909900,1.598,8103000,1.599,9030800,1.6,5363700,1.601,1904200,512,100,0,26029.6,26013.0,0.0,2,0.46
sz159920,11:03:48,1764126230936,25971.9,0.9106,2.7097,1.597,1.5998,-0.175,22900,36564,1.5967,1.596,6337100,1.595,13034700,1.594,10790500,1.593,5241100,1.592,2098800,1.597,3805700,1.598,8108900,1.599,9030800,1.6,5363700,1.601,1904200,512,100,0,26031.38,26014.0,-0.95,0,0.46
sz159920,11:04:00,1764126242970,25974.72,0.9106,3.3414,1.596,1.5998,-0.2375,1000,1596,1.596,1.596,11198800,1.595,12146900,1.594,10790500,1.593,2241100,1.592,2098800,1.597,903900,1.598,9249000,1.599,9030800,1.6,5363700,1.601,1904200,579,100,0,26032.16,26020.5,-0.5,4,0.47
sz159920,11:04:06,1764126248965,25974.36,0.9106,3.8156,1.597,1.5998,-0.175,7000,11179,1.597,1.596,11347200,1.595,12146900,1.594,10790500,1.593,2241100,1.592,2098800,1.597,746000,1.598,9400400,1.599,9040800,1.6,5363700,1.601,1904200,416,100,0,26032.77,26018.0,0.78,1,0.47
sz159920,11:04:09,1764126250973,25975.84,0.9106,3.9572,1.597,1.5998,-0.175,7200,11492,1.5961,1.596,10340800,1.595,12146900,1.594,10790500,1.593,2241100,1.592,2098800,1.597,804400,1.598,9339800,1.599,9040800,1.6,5413700,1.601,1904200,594,100,0,26030.95,26017.0,0.5,0,0.46
sz159920,11:04:24,1764126267011,25986.71,0.9106,5.1931,1.597,1.5999,-0.1813,705300,1126365,1.597,1.597,6762000,1.596,11454200,1.595,10836700,1.594,6502300,1.593,2171100,1.598,4163100,1.599,8978100,1.6,6785900,1.601,4974200,1.602,1744300,639,100,0,26043.84,26028.0,0.6,2,0.51
sz159920,11:04:27,1764126270005,25990.78,0.9106,4.3865,1.597,1.5999,-0.1813,116400,185890,1.597,1.597,8507900,1.596,10591500,1.595,10849500,1.594,5489900,1.593,2171100,1.598,3663100,1.599,8915500,1.6,6848500,1.601,4974200,1.602,1744300,662,100,0,26042.95,26026.5,0.75,5,0.51
sz159920,11:04:30,1764126272005,25987.77,0.9106,4.0665,1.597,1.6002,-0.2,6400,10221,1.597,1.597,6794100,1.596,11460400,1.595,10849500,1.594,5489900,1.593,2171100,1.598,4582500,1.599,8915500,1.6,7304000,1.601,4974200,1.602,1744300,654,100,0,26043.3,26030.0,-0.56,0,0.51
sz159920,11:04:33,1764126276060,25993.35,0.9106,6.0507,1.598,1.6002,-0.1375,6500,10381,1.5971,1.597,11616300,1.596,10597700,1.595,10749500,1.594,2947100,1.593,2171100,1.598,1389800,1.599,10105500,1.6,8494300,1.601,4974200,1.602,1744300,321,100,0,26049.6,26037.0,0.0,1,0.53
sz159920,11:04:42,1764126284024,25997.35,0.9106,2.3018,1.598,1.6002,-0.1375,3500,5593,1.598,1.597,12621300,1.596,10611000,1.595,10711800,1.594,2989900,1.593,2171100,1.598,804000,1.599,10569700,1.6,8494300,1.601,4954200,1.602,1744300,678,100,0,26050.07,26035.0,0.4,0,0.54
sz159920,11:04:45,1764126287029,25998.23,0.9106,1.7242,1.598,1.601,-0.1874,19300,30841,1.598,1.597,11621300,1.596,10611000,1.595,10711800,1.594,2989900,1.593,2171100,1.598,698700,1.599,10569700,1.6,8494300,1.601,5044200,1.602,1744300,481,100,0,26050.07,26035.0,0.75,1,0.54
sz159920,11:04:48,1764126290039,25999.99,0.9106,1.8992,1.598,1.601,-0.1874,37700,60238,1.5978,1.597,12614700,1.596,10608000,1.595,10711800,1.594,2989900,1.593,2171100,1.598,658900,1.599,10579700,1.6,8494300,1.601,5044200,1.602,1744300,685,100,0,26050.5,26036.0,-0.25,0,0.54
sz159920,11:04:51,1764126295039,26001.08,0.9106,3.8393,1.598,1.601,-0.1874,91200,145719,1.5978,1.597,12607600,1.596,10608000,1.595,10721800,1.594,3009900,1.593,2171100,1.598,587000,1.599,10579700,1.6,8494300,1.601,5044200,1.602,1744300,670,100,0,26051.85,26037.0,0.6,1,0.54
sz159920,11:04:54,1764126296037,26001.08,0.9106,3.8393,1.598,1.601,-0.1874,20100,32106,1.5973,1.597,12594500,1.596,10613000,1.595,10721800,1.594,3009900,1.593,2166100,1.598,583100,1.599,10593500,1.6,8514300,1.601,5044200,1.602,1744300,679,100,0,26051.4,26037.0,-0.14,1,0.54
sz159920,11:05:00,1764126302051,26002.28,0.9106,2.7627,1.598,1.6015,-0.2185,15000,23970,1.598,1.597,12593500,1.596,10613000,1.595,10721800,1.594,3009900,1.593,2166100,1.598,639500,1.599,10442100,1.6,8528000,1.601,5044200,1.602,1744300,332,100,0,26050.97,26039.0,-0.33,0,0.54
sz159920,11:05:03,1764126305052,26003.96,0.9106,2.8902,1.598,1.6015,-0.2185,3300,5274,1.5982,1.597,12595500,1.596,10613000,1.595,10721800,1.594,3009900,1.593,2166100,1.598,654600,1.599,9442100,1.6,8528100,1.601,5044200,1.602,1744300,664,100,0,26051.88,26041.0,0.0,3,0.54
sz159920,11:05:06,1764126308209,26005.98,0.9106,2.574,1.598,1.6015,-0.2185,717100,1145926,1.598,1.598,1954200,1.597,12598000,1.596,10624500,1.595,9576700,1.594,2536200,1.599,9444600,1.6,8531300,1.601,5045000,1.602,1814300,1.603,2149000,857,100,0,26051.88,26040.0,0.64,10,0.54
sz159920,11:05:09,1764126312067,26006.12,0.9106,2.2726,1.598,1.6015,-0.2185,491000,784618,1.598,1.597,12599900,1.596,10687300,1.595,9517900,1.594,2606200,1.593,2166000,1.598,807400,1.599,9444600,1.6,8468700,1.601,5107600,1.602,1744300,706,100,0,26052.79,26041.0,0.82,1,0.55
sz159920,11:05:12,1764126314072,26007.51,0.9106,4.1299,1.597,1.6015,-0.281,59000,94223,1.597,1.597,12540900,1.596,10624500,1.595,9580700,1.594,2606200,1.593,2166000,1.598,807400,1.599,9444600,1.6,8531300,1.601,5045000,1.602,1744300,718,100,0,26054.1,26041.5,0.05,5,0.55
sz159920,11:05:15,1764126318075,26006.55,0.9106,5.3692,1.598,1.6014,-0.2123,339600,542568,1.5977,1.597,12458900,1.596,10624600,1.595,9580700,1.594,2606200,1.593,2166000,1.598,1150400,1.599,10641600,1.6,8531300,1.601,5045000,1.602,1744300,710,100,0,26050.5,26037.0,0.4,2,0.54
sz159920,11:05:18,1764126320068,26007.12,0.9106,4.9777,1.597,1.6014,-0.2748,47000,75059,1.597,1.597,12411900,1.596,10624600,1.595,9580700,1.594,2606200,1.593,2166000,1.598,1150500,1.599,10641600,1.6,8531300,1.601,5045000,1.602,1895700,688,100,0,26052.74,26037.0,0.6,13,0.55
sz159920,11:05:21,1764126323084,26008.53,0.9106,3.5339,1.598,1.6014,-0.2123,45200,72229,1.598,1.597,12474200,1.596,10624600,1.595,9580700,1.594,2606200,1.593,2166000,1.598,1121100,1.599,10641600,1.6,8531300,1.601,5065100,1.602,1895700,699,100,0,26053.63,26039.0,0.25,0,0.55
sz159920,11:05:24,1764126326085,26007.7,0.9106,2.4178,1.598,1.6014,-0.2123,7100,11340,1.5972,1.597,12467600,1.596,10624600,1.595,9580700,1.594,2657000,1.593,2166000,1.598,1170600,1.599,9641600,1.6,8311300,1.601,4975100,1.602,1895700,457,100,0,26050.97,26038.0,0.33,0,0.54
sz159920,11:05:27,1764126329093,26009.83,0.9106,2.1301,1.597,1.6014,-0.2748,13000,20764,1.5972,1.597,12437800,1.596,10644500,1.595,9580700,1.594,2672700,1.593,2166000,1.598,597500,1.599,9641600,1.6,8311300,1.601,5065100,1.602,1895700,705,100,0,26055.0,26041.0,0.33,0,0.56
sz159920,11:05:30,1764126332119,26009.76,0.9106,1.9992,1.598,1.6018,-0.2372,1596500,2551207,1.598,1.597,12337700,1.596,10646000,1.595,9581400,1.594,2672700,1.593,2166000,1.598,100,1.599,9319100,1.6,8311300,1.601,5065100,1.602,1895700,765,100,0,26056.8,26044.0,-0.57,3,0.56
sz159920,11:05:33,1764126335097,26007.7,0.9106,1.5941,1.598,1.6018,-0.2372,260100,415392,1.597,1.597,12090200,1.596,10646000,1.595,9581400,1.594,2672700,1.593,2166000,1.598,479800,1.599,9319100,1.6,8311300,1.601,5065100,1.602,1902700,690,100,0,26055.9,26043.0,-0.75,2,0.56
sz159920,11:05:36,1764126339111,26008.74,0.9106,2.867,1.597,1.6018,-0.2997,58200,92947,1.597,1.597,12033600,1.596,10646000,1.595,9581400,1.594,2677700,1.593,2166000,1.598,1078300,1.599,9409600,1.6,8311300,1.601,5065100,1.602,1539100,484,100,0,26051.88,26041.0,-0.69,0,0.54
sz159920,11:05:39,1764126341113,26008.73,0.9106,3.0768,1.598,1.6018,-0.2372,8100,12944,1.598,1.597,12043600,1.596,10646000,1.595,9591400,1.594,2677700,1.593,2166000,1.598,1267200,1.599,6409600,1.6,8311300,1.601,4975100,1.602,4387700,309,100,0,26053.7,26042.0,0.33,0,0.55
sz159920,11:05:42,1764126344121,26009.18,0.9106,3.5438,1.598,1.6018,-0.2372,13400,21413,1.598,1.597,12043600,1.596,10646000,1.595,9591400,1.594,2677700,1.593,2166000,1.598,593800,1.599,6409600,1.6,8311300,1.601,5065100,1.602,4387700,690,100,0,26053.7,26043.0,-0.14,1,0.55
sz159920,11:05:45,1764126348125,26010.79,0.9106,3.9888,1.598,1.602,-0.2497,603800,964872,1.598,1.598,5752900,1.597,11234600,1.596,10010300,1.595,6591900,1.594,2607700,1.599,4936100,1.6,10074900,1.601,5377700,1.602,4457700,1.603,2149000,768,100,0,26056.43,26045.0,0.78,0,0.56
sz159920,11:05:48,1764126350127,26011.71,0.9106,3.5096,1.598,1.602,-0.2497,90600,144779,1.598,1.598,1607400,1.597,11176900,1.596,10135900,1.595,9439100,1.594,2607700,1.599,6762300,1.6,8248700,1.601,5377700,1.602,4457700,1.603,2149000,656,100,0,26056.8,26044.0,-0.33,2,0.56
sz159920,11:05:51,1764126353133,26008.25,0.9106,3.5007,1.598,1.602,-0.2497,26400,42187,1.598,1.598,3065300,1.597,12039600,1.596,10135900,1.595,6439100,1.594,2607700,1.599,6913700,1.6,8248700,1.601,5377700,1.602,4457700,1.603,2149000,680,100,0,26059.5,26047.0,0.2,11,0.57
sz159920,11:05:54,1764126356155,26010.36,0.9106,3.8186,1.598,1.602,-0.2497,6300,10068,1.5981,1.598,5727500,1.597,11239600,1.596,9500300,1.595,6436600,1.594,2607700,1.599,4590500,1.6,10012300,1.601,5440300,1.602,4466600,1.603,2149000,154,100,0,26056.08,26045.5,0.67,3,0.56
sz159920,11:06:00,1764126362156,26011.83,0.9106,2.1567,1.599,1.6018,-0.1748,1000,1599,1.599,1.598,5733800,1.597,11239600,1.596,9505300,1.595,6421600,1.594,2607700,1.599,4710000,1.6,10014300,1.601,5940300,1.602,4466600,1.603,2149000,790,100,0,26058.25,26047.0,-0.78,0,0.57
sz159920,11:06:03,1764126365161,26009.58,0.9106,2.7434,1.598,1.6018,-0.2372,1000,1598,1.598,1.598,154300,1.597,12059600,1.596,10713900,1.595,9421600,1.594,2607700,1.599,6536500,1.6,8250700,1.601,5877700,1.602,4466600,1.603,2018500,387,100,0,26052.79,26041.0,0.25,3,0.55
sz159920,11:06:06,1764126368178,26008.46,0.9106,3.4049,1.598,1.6018,-0.2372,154200,246411,1.598,1.597,12089500,1.596,10713900,1.595,9511600,1.594,2677700,1.593,2108300,1.598,722000,1.599,10974900,1.6,8250700,1.601,5627700,1.602,1396600,745,100,0,26049.18,26035.0,-0.23,4,0.53
sz159920,11:06:09,1764126371167,26005.86,0.9106,4.4623,1.598,1.6018,-0.2372,41200,65827,1.5977,1.597,10219100,1.596,10651100,1.595,9574400,1.594,2677700,1.593,2108300,1.598,2192800,1.599,11205500,1.6,8313300,1.601,5475200,1.602,1396600,653,100,0,26044.12,26032.5,0.2,1,0.51
sz159920,11:06:12,1764126374181,26005.52,0.9106,4.2319,1.598,1.6018,-0.2372,47700,76217,1.5978,1.597,7206600,1.596,10651100,1.595,9574400,1.594,5677700,1.593,2108300,1.598,2152600,1.599,11175900,1.6,8313300,1.601,5475200,1.602,1396600,826,100,0,26049.18,26034.0,-0.25,0,0.53
sz159920,11:06:15,1764126378207,26003.86,0.9106,3.0865,1.598,1.602,-0.2497,23500,37539,1.5974,1.597,8052700,1.596,10651100,1.595,9574400,1.594,2677700,1.593,2108300,1.598,2190700,1.599,11056700,1.6,8313300,1.601,5475200,1.602,1396600,507,100,0,26044.12,26033.0,0.54,1,0.51
sz159920,11:06:18,1764126380182,26006.79,0.9106,2.2317,1.598,1.602,-0.2497,15000,23970,1.598,1.597,7223900,1.596,10651100,1.595,9574400,1.594,5668700,1.593,2108300,1.598,3184200,1.599,11056700,1.6,8313300,1.601,4975200,1.602,1396600,314,100,0,26044.12,26033.0,0.54,0,0.51
sz159920,11:06:36,1764126398209,26005.01,0.9106,1.2986,1.598,1.6018,-0.2372,3500,5593,1.598,1.597,12091400,1.596,10666100,1.595,9579400,1.594,2673700,1.593,2105300,1.598,2323000,1.599,11095800,1.6,9161800,1.601,5475200,1.602,1428800,852,100,0,26049.6,26035.0,0.5,0,0.53
sz159920,11:06:54,1764126417237,26004.06,0.9106,0.8648,1.597,1.6017,-0.2934,6200,9902,1.5971,1.597,12018900,1.596,10627400,1.595,9636200,1.594,2670700,1.593,2105300,1.598,1958300,1.599,9979400,1.6,8995900,1.601,5475200,1.602,1489900,406,100,0,26053.63,26038.0,0.0,2,0.55
sz159920,11:07:09,1764126431255,26003.58,0.9106,1.3162,1.598,1.6017,-0.231,144600,231071,1.598,1.597,12297900,1.596,10677400,1.595,9675500,1.594,2710100,1.593,2105300,1.598,2178300,1.599,10259400,1.6,9225900,1.601,5438400,1.602,1490900,888,100,0,26051.48,26041.0,-0.33,0,0.54
sz159920,11:07:12,1764126435263,26005.19,0.9106,0.8324,1.598,1.6017,-0.231,26200,41851,1.5974,1.597,12281700,1.596,10677400,1.595,9675500,1.594,2710100,1.593,2105300,1.598,2168400,1.599,10259400,1.6,9225900,1.601,5438400,1.602,1487900,885,100,0,26055.52,26043.5,0.0,0,0.56
sz159920,11:07:15,1764126437268,26002.83,0.9106,0.9416,1.598,1.6016,-0.2248,19600,31314,1.5977,1.597,12274700,1.596,10677400,1.595,9675500,1.594,2710100,1.593,2105300,1.598,1655800,1.599,10259400,1.6,9225900,1.601,5938400,1.602,1487900,877,100,0,26055.9,26043.0,0.17,0,0.56
sz159920,11:07:18,1764126440273,26001.83,0.9106,0.9154,1.598,1.6016,-0.2248,4400,7031,1.598,1.597,12274700,1.596,10677400,1.595,9675500,1.594,2710100,1.593,2105300,1.598,2151400,1.599,10259400,1.6,9225900,1.601,5938400,1.602,1487900,923,100,0,26051.88,26040.0,0.17,0,0.54
sz159920,11:07:24,1764126446274,26005.35,0.9106,2.9952,1.598,1.6016,-0.2248,7000,11186,1.598,1.597,12040300,1.596,10679400,1.595,9675500,1.594,2710100,1.593,2105300,1.598,3290200,1.599,10262400,1.6,9225900,1.601,5938400,1.602,1487900,917,100,0,26055.41,26039.5,-0.71,1,0.56
sz159920,11:07:36,1764126458297,26008.2,0.9106,1.4544,1.598,1.6016,-0.2248,3600,5753,1.5981,1.597,12090400,1.596,10679400,1.595,9675500,1.594,2710100,1.593,2105300,1.598,1640800,1.599,10262400,1.6,9161800,1.601,5938400,1.602,1487900,37,100,0,26057.19,26043.0,0.45,0,0.56
sz159920,11:07:39,1764126461297,26010.32,0.9106,1.1169,1.597,1.6016,-0.2872,67500,107797,1.597,1.597,12022900,1.596,10679400,1.595,9678500,1.594,2710100,1.593,2105300,1.598,1640800,1.599,10262400,1.6,9161800,1.601,5938500,1.602,1487900,925,100,0,26057.19,26043.0,0.45,0,0.56
sz159920,11:07:54,1764126476326,26003.98,0.9106,2.689,1.598,1.6017,-0.231,10000,15980,1.598,1.597,7082500,1.596,10679400,1.595,9688500,1.594,2710100,1.593,2105300,1.598,4327000,1.599,11177600,1.6,9162300,1.601,5918500,1.602,1487900,755,100,0,26045.96,26036.0,-0.11,0,0.52
sz159920,11:07:57,1764126479334,25999.87,0.9106,2.666,1.597,1.6017,-0.2934,6500,10381,1.5971,1.597,10076000,1.596,10679400,1.595,9678500,1.594,2800100,1.593,2105300,1.598,4327000,1.599,11177600,1.6,9162300,1.601,5873700,1.602,1487900,955,100,0,26046.88,26037.0,0.11,0,0.52
sz159920,11:08:03,1764126486342,26001.79,0.9106,2.5564,1.597,1.6015,-0.281,6300,10061,1.597,1.597,11979300,1.596,10679400,1.595,9678500,1.594,2804100,1.593,2105300,1.598,3478600,1.599,10177600,1.6,9191000,1.601,5918500,1.602,1487900,1960,100,0,26051.88,26039.5,-0.26,1,0.54
sz159920,11:08:21,1764126503368,26003.18,0.9106,1.3469,1.598,1.6014,-0.2123,1780900,2845878,1.598,1.598,534300,1.597,12069300,1.596,10679400,1.595,9681300,1.594,2644100,1.599,7697500,1.6,10193600,1.601,5918500,1.602,4598400,1.603,2155700,986,100,0,26062.8,26052.0,0.0,19,0.59
sz159920,11:08:24,1764126506381,26004.99,0.9106,2.9515,1.598,1.6014,-0.2123,270600,432419,1.598,1.598,9004700,1.597,11339300,1.596,10629400,1.595,4075400,1.594,2644100,1.599,5157500,1.6,11258400,1.601,7486200,1.602,4598400,1.603,2155700,9,100,0,26064.31,26051.5,0.6,16,0.59
sz159920,11:08:27,1764126509381,26007.56,0.9106,1.9764,1.598,1.6014,-0.2123,48000,76704,1.598,1.598,9956700,1.597,11339300,1.596,10616000,1.595,4118500,1.594,2644100,1.599,5157500,1.6,11258400,1.601,7486200,1.602,4598400,1.603,2155700,29,100,0,26061.6,26052.5,0.0,7,0.58
sz159920,11:08:30,1764126512392,26005.42,0.9106,1.6257,1.598,1.6014,-0.2123,6500,10387,1.598,1.598,6950800,1.597,11369300,1.596,10616000,1.595,4123700,1.594,2644100,1.599,5157500,1.6,11258400,1.601,7486200,1.602,4600800,1.603,2155700,16,100,0,26063.1,26051.5,-0.33,2,0.59
sz159920,11:08:33,1764126515614,26007.25,0.9106,1.9389,1.598,1.6016,-0.2248,27100,43310,1.5982,1.598,1781900,1.597,11306600,1.596,10688800,1.595,10123700,1.594,2644100,1.599,6179400,1.6,11321000,1.601,6423600,1.602,4600800,1.603,2158100,231,100,0,26063.42,26049.5,0.0,0,0.59
sz159920,11:08:36,1764126518789,26007.98,0.9106,2.0332,1.599,1.6016,-0.1623,36000,57551,1.5986,1.598,4779000,1.597,11311600,1.596,10690800,1.595,4104100,1.594,2644100,1.599,6156300,1.6,11321000,1.601,6423600,1.602,4600800,1.603,2158100,431,100,0,26060.98,26051.0,-0.6,0,0.58
sz159920,11:08:42,1764126524402,26008.95,0.9106,1.4772,1.599,1.6016,-0.1623,28800,46051,1.599,1.598,9955000,1.597,11379300,1.596,10628000,1.595,4104100,1.594,2644100,1.599,4264900,1.6,11258400,1.601,8345800,1.602,4600800,1.603,2158100,15,100,0,26065.53,26055.0,-0.33,0,0.6
sz159920,11:09:03,1764126544444,26014.42,0.9106,4.5238,1.599,1.602,-0.1873,12600,20147,1.599,1.598,11047900,1.597,11404900,1.596,10529000,1.595,3154500,1.594,2650100,1.599,4129100,1.6,11232700,1.601,9491600,1.602,4600800,1.603,2204600,93,100,0,26068.5,26058.0,-0.33,1,0.61
sz159920,11:09:12,1764126554454,26014.35,0.9106,4.1798,1.599,1.602,-0.1873,118100,188842,1.599,1.598,11050100,1.597,11374300,1.596,10529000,1.595,3164500,1.594,2650100,1.599,3819200,1.6,10429600,1.601,9491700,1.602,4600900,1.603,2204600,83,100,0,26068.26,26059.5,-0.05,0,0.61
sz159920,11:09:15,1764126558467,26016.94,0.9106,3.3117,1.598,1.602,-0.2497,29400,46982,1.598,1.598,11020700,1.597,11374300,1.596,10529000,1.595,3164500,1.594,2650100,1.599,3819200,1.6,10329600,1.601,9491700,1.602,4700900,1.603,2204600,84,100,0,26073.21,26061.5,-0.5,2,0.63
sz159920,11:09:30,1764126572480,26017.59,0.9106,2.3091,1.599,1.6022,-0.1997,50000,79950,1.599,1.598,10164100,1.597,11374300,1.596,10529000,1.595,3164500,1.594,2650100,1.599,5062900,1.6,11079600,1.601,9520200,1.602,4950900,1.603,2204600,104,100,0,26064.36,26054.0,0.33,0,0.59
sz159920,11:09:36,1764126579490,26017.97,0.9106,2.1625,1.598,1.6024,-0.2746,4500,7191,1.598,1.598,11043600,1.597,11374300,1.596,10529000,1.595,3164500,1.594,2650100,1.599,5122600,1.6,11130400,1.601,9520200,1.602,4850900,1.603,2204600,139,100,0,26066.98,26054.5,0.6,0,0.6
sz159920,11:09:39,1764126582493,26015.27,0.9106,2.5966,1.599,1.6024,-0.2122,5000,7995,1.599,1.598,11043600,1.597,11374300,1.596,10529000,1.595,2871400,1.594,2650100,1.599,5118500,1.6,11130400,1.601,9520200,1.602,4850900,1.603,2204600,128,100,0,26066.2,26057.0,0.11,4,0.6
sz159920,11:09:42,1764126584502,26017.81,0.9106,2.5652,1.598,1.6024,-0.2746,1200,1917,1.5975,1.598,11042400,1.597,11374300,1.596,10529000,1.595,2871400,1.594,2650100,1.599,3982900,1.6,11130400,1.601,9520200,1.602,4850900,1.603,2204600,145,100,0,26066.2,26057.0,0.11,0,0.6
sz159920,11:09:45,1764126586500,26016.02,0.9106,2.3968,1.598,1.6024,-0.2746,6500,10387,1.598,1.598,11035900,1.597,11374300,1.596,10529000,1.595,2871400,1.594,2650100,1.599,5128700,1.6,11130400,1.601,9520200,1.602,4850900,1.603,2204600,134,100,0,26066.7,26056.0,0.69,0,0.6
sz159920,11:09:48,1764126590505,26019.25,0.9106,3.4959,1.598,1.6023,-0.2684,7900,12624,1.598,1.598,11028000,1.597,11374300,1.596,10529000,1.595,2871400,1.594,2650100,1.599,3982900,1.6,11130400,1.601,9520200,1.602,4850900,1.603,2204600,124,100,0,26068.26,26058.0,-0.09,2,0.61
sz159920,11:09:51,1764126593580,26020.72,0.9106,2.0323,1.598,1.6023,-0.2684,1600,2557,1.5981,1.598,11026400,1.597,11374300,1.596,10529000,1.595,2871400,1.594,2650100,1.599,3985900,1.6,10130400,1.601,9520200,1.602,4850900,1.603,2204600,229,100,0,26069.4,26058.0,-0.17,0,0.61
sz159920,11:10:00,1764126602521,26019.67,0.9106,2.0061,1.599,1.6023,-0.206,1000,1599,1.599,1.598,11029600,1.597,11667300,1.596,10529000,1.595,2871400,1.594,2650100,1.599,3985200,1.6,7130400,1.601,9520200,1.602,4850900,1.603,2204600,146,100,0,26073.9,26063.0,0.0,5,0.63
sz159920,11:10:03,1764126605562,26019.02,0.9106,3.1976,1.599,1.6025,-0.2184,869500,1390324,1.599,1.598,12490100,1.597,11667300,1.596,10529000,1.595,2871400,1.594,2650100,1.599,2959500,1.6,7030400,1.601,9520200,1.602,4950900,1.603,5204600,219,100,0,26070.08,26059.0,-0.67,5,0.61
sz159920,11:10:06,1764126608528,26019.39,0.9106,2.0831,1.599,1.6025,-0.2184,219100,350123,1.598,1.598,12272800,1.597,11786600,1.596,10529000,1.595,2871400,1.594,2650100,1.599,3008500,1.6,10030400,1.601,9520200,1.602,4950900,1.603,2204600,137,100,0,26068.26,26058.0,0.38,0,0.61
sz159920,11:10:09,1764126611535,26016.97,0.9106,1.4891,1.598,1.6025,-0.2808,400,640,1.6,1.598,12272400,1.597,11786600,1.596,10529000,1.595,2871400,1.594,2650100,1.599,3007600,1.6,11030400,1.601,9520200,1.602,4950900,1.603,2204600,185,100,0,26069.4,26058.0,0.43,0,0.61
sz159920,11:10:12,1764126614546,26021.02,0.9106,2.0702,1.598,1.6025,-0.2808,107100,171145,1.598,1.598,12165300,1.597,11822300,1.596,10529000,1.595,2871400,1.594,2650100,1.599,3026600,1.6,7037900,1.601,9520200,1.602,4950900,1.603,5204600,167,100,0,26069.88,26061.0,0.83,0,0.61
sz159920,11:10:15,1764126616558,26021.71,0.9106,1.7887,1.598,1.6025,-0.2808,15000,23970,1.598,1.598,12150300,1.597,11822300,1.596,10529000,1.595,2871400,1.594,2650100,1.599,3026600,1.6,7037900,1.601,9520200,1.602,4950900,1.603,5203800,194,100,0,26074.1,26062.0,0.14,1,0.63
sz159920,11:10:18,1764126619553,26021.1,0.9106,1.9703,1.598,1.6023,-0.2684,1048300,1676184,1.599,1.598,12104600,1.597,11890400,1.596,10529000,1.595,2867700,1.594,2650100,1.599,2027500,1.6,7040600,1.601,9520900,1.602,4950900,1.603,5203800,207,100,0,26072.1,26062.0,0.33,0,0.62
sz159920,11:10:21,1764126624564,26020.62,0.9106,1.4937,1.599,1.6023,-0.206,257700,412058,1.599,1.598,12102600,1.597,11893400,1.596,10529000,1.595,2867700,1.594,2650100,1.599,2273900,1.6,7040600,1.601,9523900,1.602,4950900,1.603,5203800,199,100,0,26071.2,26060.0,-0.71,0,0.62
sz159920,11:10:24,1764126626567,26019.6,0.9106,0.9093,1.598,1.6023,-0.2684,423400,676593,1.598,1.598,11679300,1.597,11855700,1.596,10529000,1.595,2867700,1.594,2650100,1.599,2364000,1.6,7240600,1.601,9523900,1.602,4950900,1.603,5203800,198,100,0,26068.26,26058.0,0.08,0,0.61
sz159920,11:10:27,1764126629578,26018.08,0.9106,1.3701,1.598,1.6023,-0.2684,162200,259196,1.598,1.598,11587100,1.597,11823400,1.596,10529000,1.595,2867700,1.594,2650100,1.599,2543900,1.6,10240600,1.601,9523900,1.602,4950900,1.603,2203800,212,100,0,26067.35,26057.0,-0.4,0,0.6
sz159920,11:10:30,1764126632579,26023.32,0.9106,1.4622,1.598,1.6023,-0.2684,197800,316084,1.598,1.598,11515800,1.597,11823400,1.596,10529000,1.595,2867700,1.594,2650100,1.599,2543900,1.6,7240600,1.601,9523900,1.602,4950900,1.603,5203800,211,100,0,26068.04,26060.0,-0.5,0,0.61
sz159920,11:10:33,1764126635581,26020.49,0.9106,2.2534,1.599,1.6025,-0.2184,73300,117159,1.5983,1.598,11472500,1.597,11823400,1.596,10529000,1.595,2867700,1.594,2650100,1.599,2455500,1.6,10240600,1.601,9523900,1.602,4950900,1.603,2203800,194,100,0,26070.08,26060.0,0.56,0,0.61
sz159920,11:10:36,1764126638584,26021.0,0.9106,2.0124,1.599,1.6025,-0.2184,123800,197912,1.5986,1.598,11428700,1.597,11753400,1.596,10529000,1.595,2867700,1.594,2650100,1.599,2035500,1.6,7240600,1.601,9523900,1.602,4950900,1.603,5203800,136,100,0,26072.1,26061.0,0.67,0,0.62
sz159920,11:10:39,1764126642596,26022.35,0.9106,3.025,1.598,1.6025,-0.2808,92500,147815,1.598,1.598,11344200,1.597,11753400,1.596,10514000,1.595,2867700,1.594,2650100,1.599,1945500,1.6,7240600,1.601,9523900,1.602,4951400,1.603,5203800,225,100,0,26070.08,26062.0,0.43,0,0.61
sz159920,11:10:42,1764126644598,26021.23,0.9106,2.1685,1.598,1.6025,-0.2808,29400,46981,1.598,1.598,11314800,1.597,11753400,1.596,10514000,1.595,2867700,1.594,2650100,1.599,1946100,1.6,7240700,1.601,9524400,1.602,4951400,1.603,5203800,156,100,0,26073.21,26061.0,0.56,0,0.63
sz159920,11:10:45,1764126647600,26016.63,0.9106,1.9657,1.598,1.6025,-0.2808,3400,5434,1.5982,1.598,11349000,1.597,11753400,1.596,10514000,1.595,2867700,1.594,2650100,1.599,2536100,1.6,10240700,1.601,9524400,1.602,4951400,1.603,2203800,248,100,0,26068.04,26059.0,-0.71,0,0.61
sz159920,11:10:57,1764126659631,26018.19,0.9106,2.3126,1.598,1.6024,-0.2746,153100,244653,1.598,1.598,11226800,1.597,11661100,1.596,10514000,1.595,2867700,1.594,2650100,1.599,2546000,1.6,11245800,1.601,9530100,1.602,5951500,1.603,2203800,281,100,0,26067.87,26054.0,0.11,0,0.61
sz159920,11:11:00,1764126662629,26019.97,0.9106,1.935,1.598,1.6024,-0.2746,51200,81818,1.598,1.598,5915000,1.597,11456800,1.596,10514000,1.595,5867700,1.594,2650100,1.599,3741800,1.6,11595800,1.601,9530100,1.602,5601500,1.603,2203800,185,100,0,26060.68,26051.0,0.4,1,0.58
sz159920,11:11:03,1764126665635,26019.53,0.9106,2.6543,1.598,1.6022,-0.2621,26000,41548,1.598,1.598,10684700,1.597,11661100,1.596,10514000,1.595,2867700,1.594,2650100,1.599,3741800,1.6,11595800,1.601,9501400,1.602,5601600,1.603,2203900,157,100,0,26062.53,26049.5,-0.5,1,0.58
sz159920,11:11:06,1764126668643,26014.31,0.9106,3.9578,1.598,1.6022,-0.2621,12300,19655,1.598,1.598,6712800,1.597,11661100,1.596,10614000,1.595,2867700,1.594,2650100,1.599,3741800,1.6,11595800,1.601,9501400,1.602,5601600,1.603,2203900,159,100,0,26059.76,26049.0,-0.14,0,0.57
sz159920,11:11:09,1764126670638,26015.88,0.9106,4.7293,1.598,1.6022,-0.2621,1600,2557,1.5981,1.598,11775100,1.597,11906200,1.596,10914000,1.595,2867700,1.594,2650100,1.599,2596000,1.6,11595800,1.601,9501400,1.602,5601600,1.603,2203900,208,100,0,26064.9,26053.0,0.71,0,0.59
sz159920,11:11:12,1764126674643,26016.61,0.9106,5.1176,1.599,1.6022,-0.1997,8500,13585,1.5982,1.598,10579000,1.597,11906200,1.596,10914000,1.595,2867700,1.594,2650100,1.599,3718400,1.6,11595800,1.601,9501400,1.602,5601600,1.603,2203900,136,100,0,26063.1,26051.0,0.6,0,0.59
sz159920,11:11:15,1764126677655,26016.43,0.9106,4.4259,1.598,1.6022,-0.2621,8700,13902,1.5979,1.598,10562300,1.597,11906200,1.596,10914000,1.595,2867700,1.594,2585500,1.599,3718400,1.6,11595800,1.601,9503400,1.602,5601600,1.603,2203900,132,100,0,26062.2,26051.0,-0.71,0,0.58
sz159920,11:11:18,1764126680772,26016.42,0.9106,3.8363,1.598,1.6022,-0.2621,1600,2557,1.5981,1.598,10560700,1.597,11906200,1.596,10914000,1.595,2867700,1.594,2585500,1.599,3718400,1.6,11595800,1.601,9503400,1.602,5602000,1.603,2203900,397,100,0,26062.2,26051.0,-0.71,0,0.58
sz159920,11:11:27,1764126689672,26016.85,0.9106,1.696,1.598,1.6021,-0.2559,1000,1598,1.598,1.598,11559700,1.597,12057800,1.596,10914000,1.595,2867700,1.594,2585500,1.599,3779700,1.6,11345800,1.601,9503400,1.602,5857000,1.603,2203900,315,100,0,26065.2,26052.0,0.56,0,0.6
sz159920,11:11:30,1764126691719,26019.45,0.9106,1.6807,1.598,1.6021,-0.2559,2200,3516,1.5982,1.598,11557500,1.597,12057800,1.596,10914000,1.595,2867700,1.594,2585500,1.599,2633900,1.6,11345800,1.601,9503400,1.602,5857000,1.603,2203900,372,100,0,26064.36,26053.0,0.2,3,0.59
sz159920,11:11:33,1764126695684,26017.04,0.9106,1.854,1.598,1.6021,-0.2559,500,799,1.598,1.598,11877800,1.597,12057800,1.596,10914000,1.595,2867700,1.594,2586100,1.599,2638900,1.6,11345800,1.601,9503400,1.602,5857000,1.603,2203900,333,100,0,26066.7,26055.0,0.0,0,0.6
sz159920,11:11:36,1764126697704,26016.7,0.9106,1.5526,1.599,1.6022,-0.1997,42300,67637,1.599,1.598,11978300,1.597,12057800,1.596,10914000,1.595,2867700,1.594,2586100,1.599,2596600,1.6,11354600,1.601,9503400,1.602,5857000,1.603,2203900,346,100,0,26065.53,26055.0,0.11,0,0.6
sz159920,11:11:39,1764126700690,26018.2,0.9106,2.6882,1.598,1.6022,-0.2621,10600,16939,1.598,1.598,12005300,1.597,12057800,1.596,10914000,1.595,2857500,1.594,2586100,1.599,2606600,1.6,11261200,1.601,9503400,1.602,5857000,1.603,2203900,318,100,0,26067.35,26056.0,-0.5,0,0.6
sz159920,11:12:06,1764126728809,26022.78,0.9106,4.9409,1.599,1.6025,-0.2184,2089500,3341111,1.599,1.599,100,1.598,10552400,1.597,12077900,1.596,10426900,1.595,2787500,1.6,7209200,1.601,9503400,1.602,5957000,1.603,5273900,1.604,2398200,360,100,0,26071.72,26063.0,-0.33,0,0.62
sz159920,11:12:09,1764126731731,26024.56,0.9106,3.5801,1.599,1.6025,-0.2184,295900,473144,1.599,1.599,4715800,1.598,12541800,1.597,12140700,1.596,6218300,1.595,2787500,1.6,5709200,1.601,9440800,1.602,6109600,1.603,6273900,1.604,2398200,329,100,0,26077.66,26066.0,-0.27,1,0.64
sz159920,11:12:12,1764126735823,26027.15,0.9106,3.0768,1.599,1.6025,-0.2184,653700,1045266,1.599,1.599,4805800,1.598,12426900,1.597,10994900,1.596,6584900,1.595,2787500,1.6,5709200,1.601,9440800,1.602,6109600,1.603,6273900,1.604,2398200,483,100,0,26077.36,26067.0,0.27,1,0.64
sz159920,11:12:15,1764126736738,26029.41,0.9106,2.6419,1.599,1.6025,-0.2184,91800,146788,1.599,1.599,4714000,1.598,12435300,1.597,10994900,1.596,6628300,1.595,2787500,1.6,5709200,1.601,9440800,1.602,6564400,1.603,6273900,1.604,2398200,358,100,0,26078.4,26067.5,0.67,3,0.65
sz159920,11:12:18,1764126740748,26025.93,0.9106,2.0548,1.599,1.6025,-0.2184,15700,25105,1.599,1.599,4948300,1.598,12397700,1.597,10744900,1.596,6628300,1.595,2790000,1.6,5709200,1.601,9440800,1.602,6609600,1.603,6273900,1.604,2398200,236,100,0,26076.32,26067.5,0.11,3,0.64
sz159920,11:12:24,1764126746757,26025.51,0.9106,2.0243,1.6,1.6026,-0.1622,1000,1600,1.6,1.599,3802500,1.598,12397700,1.597,11890700,1.596,6621300,1.595,3154500,1.6,5743200,1.601,9219100,1.602,6609600,1.603,6273900,1.604,2398200,372,100,0,26076.6,26065.0,-0.33,0,0.64
sz159920,11:12:27,1764126748760,26027.44,0.9106,1.735,1.599,1.6026,-0.2246,14000,22386,1.599,1.599,3788500,1.598,12397700,1.597,11890700,1.596,6621300,1.595,3154500,1.6,5747000,1.601,9219100,1.602,6609600,1.603,6273900,1.604,2400700,383,100,0,26075.7,26065.0,0.33,0,0.64
sz159920,11:12:30,1764126752779,26025.75,0.9106,1.6886,1.599,1.6026,-0.2246,103400,165336,1.599,1.599,3735600,1.598,12407700,1.597,11890700,1.596,6621300,1.595,3154500,1.6,5747000,1.601,9219100,1.602,6609600,1.603,6273900,1.604,2400700,394,100,0,26077.5,26066.0,0.54,0,0.64
sz159920,11:12:33,1764126755777,26025.19,0.9106,2.1307,1.6,1.6026,-0.1622,30500,48775,1.5992,1.599,3941600,1.598,12407700,1.597,11890700,1.596,6621300,1.595,3154500,1.6,5741500,1.601,9219100,1.602,6851300,1.603,6288000,1.604,2400700,49,100,0,26073.56,26065.0,0.0,0,0.63
sz159920,11:12:36,1764126757777,26026.02,0.9106,2.1358,1.599,1.6028,-0.2371,2100,3358,1.599,1.599,4006100,1.598,12404900,1.597,11845600,1.596,6621300,1.595,3154500,1.6,5741800,1.601,9219100,1.602,6851300,1.603,6288000,1.604,2400700,425,100,0,26073.56,26065.0,0.0,0,0.63
sz159920,11:12:39,1764126760794,26028.53,0.9106,2.6331,1.599,1.6028,-0.2371,200,320,1.6,1.599,4009500,1.598,12403400,1.597,11845600,1.596,6621300,1.595,3154500,1.6,5770500,1.601,9219100,1.602,6851300,1.603,6288000,1.604,2400700,434,100,0,26076.77,26064.0,0.75,3,0.64
sz159920,11:12:45,1764126766799,26026.11,0.9106,1.886,1.599,1.6028,-0.2371,693200,1108427,1.599,1.598,12403300,1.597,11845600,1.596,9711300,1.595,3224500,1.594,2086100,1.599,600,1.6,6770500,1.601,9199100,1.602,6851300,1.603,5218000,233,100,0,26071.72,26063.0,0.2,6,0.62
sz159920,11:12:45,1764126768801,26024.4,0.9106,3.3383,1.599,1.6028,-0.2371,693200,1108427,1.599,1.598,12403300,1.597,11845600,1.596,9711300,1.595,3224500,1.594,2086100,1.599,600,1.6,6770500,1.601,9199100,1.602,6851300,1.603,5218000,73,100,0,26071.72,26063.0,0.2,0,0.62
sz159920,11:12:48,1764126769809,26024.4,0.9106,3.0274,1.6,1.6028,-0.1747,272400,435386,1.5983,1.599,613700,1.598,12221600,1.597,11782800,1.596,9774100,1.595,3204500,1.6,6770400,1.601,9261700,1.602,6698700,1.603,5288000,1.604,2400700,463,100,0,26071.72,26063.0,0.2,0,0.62
sz159920,11:12:51,1764126774810,26023.71,0.9106,2.0469,1.599,1.6028,-0.2371,54700,87465,1.599,1.599,649000,1.598,12242400,1.597,11845600,1.596,9621300,1.595,3204500,1.6,5770400,1.601,9199100,1.602,6851300,1.603,6288000,1.604,2400700,434,100,0,26073.72,26064.0,0.11,0,0.63
sz159920,11:12:54,1764126776828,26025.28,0.9106,2.084,1.599,1.6028,-0.2371,1600,2558,1.5987,1.599,3717400,1.598,12243400,1.597,11845600,1.596,6621300,1.595,3204500,1.6,5770400,1.601,9199100,1.602,6851300,1.603,6288000,1.604,2400700,453,100,0,26075.4,26067.0,-0.27,0,0.63
sz159920,11:12:57,1764126779828,26024.78,0.9106,2.3926,1.599,1.6028,-0.2371,7900,12632,1.599,1.599,640500,1.598,12248400,1.597,11845600,1.596,9621300,1.595,3204500,1.6,6969600,1.601,9199100,1.602,6851300,1.603,5288000,1.604,2400700,265,100,0,26074.63,26064.0,0.29,0,0.63
sz159920,11:13:00,1764126782833,26022.91,0.9106,2.1265,1.599,1.6028,-0.2371,1000000,1599000,1.599,1.599,5455800,1.598,9948400,1.597,11825600,1.596,6621300,1.595,3204500,1.6,5971000,1.601,9199100,1.602,6866100,1.603,6288000,1.604,2400700,458,100,0,26077.66,26067.0,0.14,1,0.64
sz159920,11:13:03,1764126785839,26023.47,0.9106,1.9308,1.599,1.6028,-0.2371,250000,399750,1.599,1.599,2915800,1.598,12248400,1.597,11825600,1.596,6711300,1.595,3204500,1.6,6971000,1.601,9199100,1.602,6940200,1.603,5288000,1.604,2400700,475,100,0,26076.45,26066.0,0.75,0,0.64
sz159920,11:13:06,1764126788853,26024.96,0.9106,1.4745,1.599,1.6027,-0.2309,200,320,1.6,1.599,3005600,1.598,12248400,1.597,11815400,1.596,6621300,1.595,3204500,1.6,6671400,1.601,9199100,1.602,6940200,1.603,5288000,1.604,2400700,467,100,0,26076.6,26066.0,0.09,0,0.64
sz159920,11:13:09,1764126791842,26026.41,0.9106,2.173,1.6,1.6027,-0.1685,25000,40000,1.6,1.599,3055600,1.598,12248400,1.597,11815400,1.596,6621300,1.595,3204500,1.6,6646400,1.601,9199200,1.602,6940200,1.603,5288000,1.604,2400700,480,100,0,26076.6,26066.0,0.09,0,0.64
sz159920,11:13:12,1764126794868,26028.04,0.9106,2.4764,1.599,1.6027,-0.2309,46900,74993,1.599,1.599,695500,1.598,11542400,1.597,11815400,1.596,9621300,1.595,3204500,1.6,6687000,1.601,9199200,1.602,6940200,1.603,5288000,1.604,2400700,36,100,0,26072.64,26064.0,-0.09,3,0.62
sz159920,11:13:15,1764126796869,26029.95,0.9106,2.8017,1.599,1.6027,-0.2309,10800,17269,1.599,1.599,684700,1.598,11542400,1.597,11815400,1.596,9621300,1.595,3204500,1.6,6687000,1.601,9199200,1.602,6940200,1.603,5288000,1.604,2400700,505,100,0,26073.56,26064.5,-0.33,3,0.63
sz159920,11:13:18,1764126799870,26029.41,0.9106,2.4177,1.599,1.6027,-0.2309,100,160,1.6,1.599,187400,1.598,11562400,1.597,11815400,1.596,9621300,1.595,3204500,1.6,6687000,1.601,9199200,1.602,6940200,1.603,5287500,1.604,2400700,516,100,0,26071.9,26062.0,-0.09,0,0.62
sz159920,11:13:18,1764126801887,26028.87,0.9106,2.7983,1.599,1.6027,-0.2309,100,160,1.6,1.599,187400,1.598,11562400,1.597,11815400,1.596,9621300,1.595,3204500,1.6,6687000,1.601,9199200,1.602,6940200,1.603,5287500,1.604,2400700,498,100,0,26065.28,26056.0,0.23,23,0.6
sz159920,11:13:21,1764126802890,26025.78,0.9106,4.2495,1.599,1.6026,-0.2246,196700,314533,1.599,1.598,12036700,1.597,11815400,1.596,9621300,1.595,3274500,1.594,2086100,1.599,2999800,1.6,10686600,1.601,9199200,1.602,6940200,1.603,2217500,527,100,0,26067.87,26055.0,-0.6,7,0.61
sz159920,11:13:24,1764126805893,26023.82,0.9106,3.3919,1.598,1.6026,-0.287,49200,78622,1.598,1.598,11127900,1.597,11752600,1.596,9774100,1.595,3274500,1.594,2086100,1.599,3949400,1.6,10687100,1.601,9261900,1.602,6780600,1.603,2217500,264,100,0,26065.8,26054.0,-0.11,0,0.6
sz159920,11:13:30,1764126811884,26018.39,0.9106,1.9242,1.599,1.6026,-0.2246,1400,2238,1.5986,1.598,11128400,1.597,11752600,1.596,9774100,1.595,3274500,1.594,2086100,1.599,4017700,1.6,11047100,1.601,9262400,1.602,6398900,1.603,2217500,466,100,0,26066.7,26054.0,-0.09,0,0.6
sz159920,11:13:33,1764126816148,26016.86,0.9106,1.6051,1.599,1.6026,-0.2246,800,1279,1.5987,1.598,7128300,1.597,11752600,1.596,9774100,1.595,3274500,1.594,2086100,1.599,4017000,1.6,11047400,1.601,9262400,1.602,6334800,1.603,2218000,722,100,0,26063.1,26051.5,0.33,0,0.59
sz159920,11:13:36,1764126817898,26015.58,0.9106,2.128,1.599,1.6026,-0.2246,40400,64599,1.599,1.598,10130800,1.597,11752600,1.596,9774100,1.595,3274500,1.594,2086100,1.599,3977000,1.6,11047400,1.601,9262400,1.602,6324800,1.603,2218000,526,100,0,26063.1,26051.5,0.33,0,0.59
sz159920,11:13:39,1764126821909,26013.71,0.9106,2.4085,1.598,1.6026,-0.287,10000,15980,1.598,1.598,3878000,1.597,14035000,1.596,10582700,1.595,6274500,1.594,2086100,1.599,5167000,1.6,10435400,1.601,9199800,1.602,5824800,1.603,2218000,548,100,0,26060.07,26048.0,-0.25,0,0.58
sz159920,11:13:42,1764126824909,26013.32,0.9106,2.0709,1.599,1.6026,-0.2246,10000,15990,1.599,1.598,1203200,1.597,14035000,1.596,10582700,1.595,9274500,1.594,2543200,1.599,6166000,1.6,10480000,1.601,9199800,1.602,4824800,1.603,2218000,558,100,0,26056.43,26046.0,-0.85,8,0.56
sz159920,11:13:45,1764126827929,26011.65,0.9106,1.9854,1.598,1.6026,-0.287,2500,3995,1.598,1.598,1110700,1.597,14035000,1.596,10582700,1.595,9224500,1.594,2586100,1.599,6233600,1.6,10512200,1.601,9199800,1.602,4824800,1.603,2218000,519,100,0,26057.34,26046.0,0.71,3,0.56
sz159920,11:13:48,1764126830935,26012.41,0.9106,3.7768,1.598,1.6026,-0.287,700,1119,1.5986,1.598,1171900,1.597,14035000,1.596,10582700,1.595,9224500,1.594,2586100,1.599,9233600,1.6,10483500,1.601,9199800,1.602,1824800,1.603,2218000,558,100,0,26058.97,26046.0,-0.45,3,0.57
sz159920,11:13:51,1764126832931,26013.49,0.9106,3.6728,1.599,1.602,-0.1873,4200,6716,1.599,1.598,1675800,1.597,14035000,1.596,10582700,1.595,9224500,1.594,2586100,1.599,6229600,1.6,10483500,1.601,9199800,1.602,4824800,1.603,2218000,506,100,0,26060.75,26047.0,0.09,0,0.58
sz159920,11:13:54,1764126836927,26011.63,0.9106,2.9851,1.598,1.602,-0.2497,1000,1598,1.598,1.598,1184800,1.597,14000300,1.596,10582700,1.595,9224500,1.594,2586100,1.599,9229600,1.6,10488500,1.601,9199800,1.602,1824800,1.603,2218000,507,100,0,26058.97,26045.0,0.11,0,0.57
sz159920,11:13:57,1764126839922,26009.65,0.9106,2.6515,1.598,1.602,-0.2497,300,479,1.5967,1.598,817300,1.597,14299300,1.596,10582700,1.595,9224500,1.594,2586100,1.599,6229600,1.6,10520500,1.601,9199800,1.602,4824800,1.603,2218000,534,100,0,26057.7,26044.0,0.65,1,0.57
sz159920,11:14:00,1764126841950,26009.85,0.9106,2.6027,1.598,1.602,-0.2497,300,479,1.5967,1.598,735400,1.597,14299300,1.596,10582700,1.595,9225500,1.594,2586100,1.599,9229600,1.6,10520500,1.601,9199800,1.602,1824800,1.603,2218000,608,100,0,26058.97,26046.0,0.14,0,0.57
sz159920,11:14:27,1764126868990,26013.78,0.9106,3.3477,1.598,1.6017,-0.231,200000,319600,1.598,1.598,12071000,1.597,12061000,1.596,9372100,1.595,3222500,1.594,2577100,1.599,4297800,1.6,11645300,1.601,9062400,1.602,6897400,1.603,2218000,405,100,0,26065.28,26055.0,0.25,0,0.6
sz159920,11:14:30,1764126873046,26013.23,0.9106,2.6204,1.599,1.6017,-0.1686,53700,85817,1.5981,1.598,12024200,1.597,12018500,1.596,9372100,1.595,3227500,1.594,2577100,1.599,4296500,1.6,11645300,1.601,9062400,1.602,6897400,1.603,2218000,35,100,0,26064.62,26054.0,-0.78,0,0.59
sz159920,11:14:33,1764126875998,26013.66,0.9106,3.1479,1.599,1.6017,-0.1686,3300,5275,1.5985,1.598,6876400,1.597,12018500,1.596,10517900,1.595,6227500,1.594,2577400,1.599,4295200,1.6,11613300,1.601,9062400,1.602,6897400,1.603,2218000,666,100,0,26062.2,26051.0,0.0,1,0.58
sz159920,11:14:36,1764126879011,26012.33,0.9106,2.5731,1.598,1.6017,-0.231,500,799,1.598,1.598,4575900,1.597,14255800,1.596,10580700,1.595,6227500,1.594,2577400,1.599,5495200,1.6,10485900,1.601,8999800,1.602,6897400,1.603,2218000,649,100,0,26060.98,26050.0,-0.65,0,0.58
sz159920,11:14:51,1764126893014,26011.87,0.9106,2.7574,1.598,1.602,-0.2497,369100,589821,1.598,1.598,907000,1.597,14255800,1.596,10575700,1.595,9222500,1.594,2572400,1.599,6525500,1.6,10517100,1.601,8999800,1.602,5897400,1.603,1848900,527,100,0,26058.6,26046.0,0.45,0,0.57
sz159920,11:14:54,1764126896027,26011.07,0.9106,4.2545,1.598,1.6019,-0.2435,125200,200070,1.598,1.598,221700,1.597,14255800,1.596,10580700,1.595,9222500,1.594,2572400,1.599,6528500,1.6,10517100,1.601,8999800,1.602,5897400,1.603,1848900,685,100,0,26060.75,26047.5,0.0,0,0.58
sz159920,11:14:57,1764126900025,26011.61,0.9106,3.0378,1.598,1.6019,-0.2435,8200,13104,1.598,1.598,713500,1.597,14255800,1.596,10580700,1.595,9312500,1.594,2572400,1.599,6528500,1.6,10527100,1.601,8999800,1.602,5897400,1.603,1848900,692,100,0,26062.53,26049.0,0.78,0,0.58
sz159920,11:15:03,1764126905042,26012.18,0.9106,2.1666,1.598,1.6019,-0.2435,308600,493147,1.598,1.597,14255700,1.596,10580700,1.595,9312500,1.594,2642400,1.593,1585300,1.598,1215900,1.599,9069400,1.6,10527100,1.601,7854000,1.602,2827400,690,100,0,26055.41,26041.0,0.0,6,0.56
sz159920,11:15:06,1764126908047,26010.63,0.9106,2.3284,1.598,1.6019,-0.2435,131200,209581,1.5974,1.597,13318900,1.596,10512900,1.595,10234900,1.594,2642400,1.593,1585300,1.598,1751900,1.599,10169400,1.6,10589700,1.601,7601400,1.602,2827400,358,100,0,26055.0,26041.0,-0.43,0,0.56
sz159920,11:15:09,1764126911046,26011.35,0.9106,1.6846,1.597,1.6019,-0.3059,13500,21559,1.597,1.597,14160000,1.596,10512900,1.595,10199100,1.594,2642400,1.593,1585300,1.598,90000,1.599,9169400,1.6,10589700,1.601,7611400,1.602,2827400,672,100,0,26055.16,26044.0,0.0,3,0.56
sz159920,11:15:12,1764126915066,26011.38,0.9106,1.602,1.598,1.6019,-0.2435,11000,17578,1.598,1.597,14160600,1.596,10512900,1.595,10199100,1.594,2642400,1.593,1585300,1.598,79000,1.599,9169400,1.6,10582200,1.601,7611400,1.602,2828400,674,100,0,26057.0,26047.0,-0.43,2,0.56
sz159920,11:15:15,1764126917067,26010.14,0.9106,1.323,1.598,1.6019,-0.2435,50200,80220,1.598,1.597,14160400,1.596,10512900,1.595,10199100,1.594,2642400,1.593,1585300,1.598,203400,1.599,9169400,1.6,10582200,1.601,7611400,1.602,2828400,693,100,0,26055.16,26044.0,0.6,2,0.56
sz159920,11:15:18,1764126921092,26009.06,0.9106,2.5155,1.597,1.6019,-0.3059,15000,23955,1.597,1.597,14145400,1.596,10512900,1.595,10199100,1.594,2642400,1.593,1585300,1.598,203400,1.599,9169400,1.6,10582200,1.601,7611400,1.602,2828400,366,100,0,26055.16,26046.5,0.25,1,0.56
sz159920,11:15:21,1764126923069,26012.44,0.9106,2.6306,1.598,1.6019,-0.2435,7800,12463,1.5978,1.597,14144500,1.596,10522900,1.595,10199100,1.594,2642400,1.593,1585300,1.598,1412500,1.599,9176900,1.6,10446200,1.601,7611400,1.602,2828400,165,100,0,26054.24,26044.0,-0.09,0,0.55
sz159920,11:15:24,1764126926070,26009.49,0.9106,0.7002,1.597,1.6018,-0.2997,2000,3194,1.597,1.597,14137500,1.596,10522900,1.595,10199100,1.594,2642400,1.593,1585300,1.598,196800,1.599,9176900,1.6,10446200,1.601,7611400,1.602,2828400,734,100,0,26058.6,26045.0,0.75,0,0.57
sz159920,11:15:54,1764126956121,26001.66,0.9106,1.6389,1.598,1.6013,-0.2061,100,160,1.6,1.597,14166500,1.596,10511300,1.595,10169200,1.594,2642400,1.593,1585300,1.598,1924700,1.599,10242500,1.6,10408800,1.601,7611400,1.602,2828400,637,100,0,26050.56,26041.0,-0.71,2,0.54
sz159920,11:16:00,1764126962171,26002.44,0.9106,2.1116,1.597,1.6013,-0.2685,100,160,1.6,1.597,14166400,1.596,10511300,1.595,10169200,1.594,2642400,1.593,1585300,1.598,2066300,1.599,10264800,1.6,10312900,1.601,6751800,1.602,2828400,196,100,0,26056.3,26042.0,0.78,12,0.56
sz159920,11:16:03,1764126965177,26004.11,0.9106,2.8085,1.598,1.6013,-0.2061,1600,2556,1.5975,1.597,14166400,1.596,10516300,1.595,10169200,1.594,2642400,1.593,1585300,1.598,208300,1.599,9264800,1.6,10315000,1.601,6751800,1.602,2828400,817,100,0,26059.86,26046.0,0.86,0,0.57
sz159920,11:16:09,1764126971175,26006.76,0.9106,1.8909,1.597,1.6014,-0.2748,600,959,1.5983,1.597,14165800,1.596,10516300,1.595,10169200,1.594,2642400,1.593,1585300,1.598,278200,1.599,9264800,1.6,10327600,1.601,6752700,1.602,2828400,511,100,0,26057.0,26048.0,0.17,0,0.56
sz159920,11:16:12,1764126974169,26005.11,0.9106,1.4488,1.597,1.6014,-0.2748,100,159,1.59,1.597,14165700,1.596,10516300,1.595,10141300,1.594,2642400,1.593,1585300,1.598,278200,1.599,6264800,1.6,10327600,1.601,6752700,1.602,5828400,832,100,0,26057.0,26048.0,0.17,0,0.56
sz159920,11:16:18,1764126980198,26003.86,0.9106,1.1918,1.597,1.6014,-0.2748,5500,8789,1.598,1.597,14165200,1.596,10516700,1.595,10141300,1.594,2642400,1.593,1585300,1.598,2051500,1.599,10264800,1.6,10327600,1.601,6752700,1.602,2828400,845,100,0,26054.24,26043.0,0.5,0,0.55
sz159920,11:16:21,1764126983189,26006.71,0.9106,1.4027,1.597,1.6014,-0.2748,1400,2236,1.5971,1.597,14163800,1.596,10516700,1.595,10141300,1.594,2642400,1.593,1585300,1.598,335700,1.599,9264800,1.6,10327600,1.601,6752700,1.602,2828400,739,100,0,26056.8,26044.0,-0.78,0,0.56
sz159920,11:16:27,1764126989271,26008.62,0.9106,4.0113,1.598,1.6014,-0.2123,5000,7990,1.598,1.597,14163800,1.596,10516700,1.595,10141300,1.594,2642400,1.593,1585300,1.598,2046500,1.599,9264800,1.6,10327600,1.601,6752700,1.602,2828400,885,100,0,26058.6,26045.0,-0.6,3,0.57
sz159920,11:16:30,1764126992234,26006.53,0.9106,2.619,1.598,1.6014,-0.2123,45000,71910,1.598,1.597,14163800,1.596,10516700,1.595,10141300,1.594,2642400,1.593,1585300,1.598,2001500,1.599,9264800,1.6,10327600,1.601,6752700,1.602,2828400,1843,100,0,26058.6,26045.0,-0.6,0,0.57
sz159920,11:16:33,1764126996204,26004.63,0.9106,2.8547,1.597,1.6014,-0.2748,12500,19962,1.597,1.597,14151300,1.596,10516700,1.595,10141300,1.594,2642400,1.593,1585300,1.598,2088100,1.599,10264800,1.6,10327600,1.601,6752700,1.602,2828400,853,100,0,26052.4,26042.0,0.25,0,0.55
sz159920,11:16:42,1764127004236,26003.95,0.9106,2.3606,1.598,1.6017,-0.231,43000,68714,1.598,1.597,14151300,1.596,10516700,1.595,10181600,1.594,2642400,1.593,1585300,1.598,2104800,1.599,9247800,1.6,10327600,1.601,6752700,1.602,2828400,882,100,0,26055.9,26043.0,0.0,0,0.56
sz159920,11:16:45,1764127007250,26002.42,0.9106,1.7381,1.597,1.6017,-0.2934,13100,20921,1.597,1.597,14108200,1.596,10516700,1.595,10181600,1.594,2642400,1.593,1585300,1.598,2111800,1.599,10247800,1.6,10327600,1.601,6752700,1.602,2828400,879,100,0,26052.79,26041.0,-0.56,0,0.55
sz159920,11:16:48,1764127010220,26004.18,0.9106,1.7191,1.598,1.6017,-0.231,800,1278,1.5975,1.597,14108000,1.596,10510300,1.595,10181600,1.594,2642400,1.593,1585300,1.598,2111300,1.599,10577800,1.6,10327600,1.601,6752700,1.602,2828400,498,100,0,26054.61,26041.0,-0.25,0,0.55
sz159920,11:16:51,1764127013242,26004.35,0.9106,1.8336,1.597,1.6017,-0.2934,600,958,1.5967,1.597,14017400,1.596,10510300,1.595,10181600,1.594,2642400,1.593,1585300,1.598,2111300,1.599,10577800,1.6,10327600,1.601,6762700,1.602,2828400,879,100,0,26050.96,26035.0,0.25,10,0.54
sz159920,11:17:06,1764127029259,26001.13,0.9106,2.2715,1.597,1.6014,-0.2748,10000,15970,1.597,1.597,12892900,1.596,10805300,1.595,10254500,1.594,2732400,1.593,2085300,1.598,2502300,1.599,10257100,1.6,10313900,1.601,6762700,1.602,2828400,2,100,0,26058.97,26045.0,0.23,0,0.57
sz159920,11:17:09,1764127031259,26003.09,0.9106,1.8394,1.597,1.6012,-0.2623,5500,8784,1.5971,1.597,13747000,1.596,10805300,1.595,11254500,1.594,2642400,1.593,2085300,1.598,2004900,1.599,9257100,1.6,10313900,1.601,6762700,1.602,2828400,883,100,0,26051.48,26041.0,0.0,0,0.54
sz159920,11:17:12,1764127034264,26004.19,0.9106,2.0278,1.597,1.6012,-0.2623,700,1118,1.5971,1.597,13836300,1.596,10805300,1.595,11254500,1.594,2642400,1.593,2085300,1.598,2504900,1.599,9257100,1.6,10313900,1.601,6762700,1.602,2828400,659,100,0,26058.97,26043.0,0.75,0,0.57
sz159920,11:17:21,1764127044264,26008.23,0.9106,2.1673,1.598,1.6012,-0.1999,400,639,1.5975,1.597,12976700,1.596,10807300,1.595,11249500,1.594,2642400,1.593,2085300,1.598,2504100,1.599,9257100,1.6,10313900,1.601,6759200,1.602,2828400,918,100,0,26055.41,26042.0,-0.2,0,0.56
sz159920,11:17:24,1764127047291,26006.48,0.9106,3.7375,1.597,1.6014,-0.2748,100,160,1.6,1.597,13836200,1.596,10807300,1.595,11249500,1.594,2642400,1.593,2085300,1.598,2504100,1.599,10257100,1.6,10313900,1.601,6759200,1.602,2828400,662,100,0,26055.9,26044.0,-0.73,1,0.56
sz159920,11:17:36,1764127059290,26006.45,0.9106,1.4499,1.597,1.6014,-0.2748,1000,1597,1.597,1.597,13840200,1.596,10807300,1.595,11249500,1.594,2642400,1.593,2091900,1.598,785400,1.599,6272100,1.6,10313900,1.601,6759200,1.602,2827900,928,100,0,26055.16,26045.0,-0.43,2,0.56
sz159920,11:17:39,1764127062299,26009.71,0.9106,1.7408,1.597,1.6016,-0.2872,300,479,1.5967,1.597,13839900,1.596,10807300,1.595,11249500,1.594,2642400,1.593,2091900,1.598,785400,1.599,9272100,1.6,10313900,1.601,6759200,1.602,2827900,467,100,0,26055.16,26045.0,0.2,1,0.56
sz159920,11:17:51,1764127073319,26008.9,0.9106,3.2956,1.598,1.6016,-0.2248,700,1118,1.5971,1.597,13840100,1.596,10805300,1.595,11249500,1.594,2716200,1.593,2091700,1.598,2497400,1.599,10272100,1.6,10313900,1.601,6758500,1.602,2827900,638,100,0,26056.3,26042.0,0.09,0,0.56
sz159920,11:17:57,1764127079319,26007.57,0.9106,1.2005,1.597,1.6016,-0.2872,100,160,1.6,1.597,13964300,1.596,10805300,1.595,11249500,1.594,2716200,1.593,2091700,1.598,2498500,1.599,10272100,1.6,10313500,1.601,6758500,1.602,2827900,140,100,0,26054.61,26043.0,0.75,0,0.55
sz159920,11:18:00,1764127082320,26008.69,0.9106,3.6704,1.598,1.6016,-0.2248,2000,3196,1.598,1.597,13964300,1.596,10805300,1.595,11249500,1.594,2716200,1.593,2091700,1.598,1350700,1.599,9272100,1.6,10313500,1.601,6758500,1.602,2827900,969,100,0,26054.61,26044.0,-0.5,0,0.55
sz159920,11:18:03,1764127085339,26006.29,0.9106,2.7489,1.597,1.6016,-0.2872,500,798,1.596,1.597,13964300,1.596,10805300,1.595,11249500,1.594,2716200,1.593,2091700,1.598,1350700,1.599,9272100,1.6,10313500,1.601,6758500,1.602,2827900,2,100,0,26054.61,26044.0,-0.5,0,0.55
sz159920,11:18:21,1764127103470,26008.12,0.9106,3.7997,1.598,1.6015,-0.2185,500,799,1.598,1.597,13842500,1.596,10795300,1.595,11259500,1.594,2716200,1.593,2091700,1.598,628200,1.599,6272100,1.6,10281000,1.601,6758500,1.602,5827900,71,100,0,26063.42,26050.0,0.25,0,0.59
sz159920,11:18:24,1764127106355,26007.94,0.9106,4.9667,1.597,1.6015,-0.281,200,320,1.6,1.597,13842300,1.596,10795300,1.595,11259500,1.594,2706200,1.593,2091700,1.598,565800,1.599,6272100,1.6,10281000,1.601,6758500,1.602,5827900,1010,100,0,26058.25,26047.0,-0.43,0,0.57
sz159920,11:18:30,1764127113398,26012.07,0.9106,2.7151,1.598,1.6016,-0.2248,100,160,1.6,1.597,13842300,1.596,10795300,1.595,11265700,1.594,2706200,1.593,1957000,1.598,628100,1.599,6272100,1.6,10281000,1.601,6758500,1.602,5827900,1043,100,0,26060.98,26050.0,-0.43,0,0.58
sz159920,11:18:36,1764127119358,26011.38,0.9106,3.5796,1.598,1.6016,-0.2248,745600,1191468,1.598,1.598,5535800,1.597,13842400,1.596,10222400,1.595,8149600,1.594,2636200,1.599,5922100,1.6,10281000,1.601,7188500,1.602,5897900,1.603,1803900,20,100,0,26067.87,26055.5,-0.33,0,0.61
sz159920,11:18:39,1764127122382,26013.98,0.9106,5.7377,1.598,1.6016,-0.2248,186400,297868,1.598,1.598,5439400,1.597,13905100,1.596,10222400,1.595,8040000,1.594,2636200,1.599,4732100,1.6,11345800,1.601,7313700,1.602,5897900,1.603,1803900,15,100,0,26067.87,26055.5,-0.33,0,0.61
sz159920,11:18:42,1764127124382,26013.16,0.9106,5.9042,1.598,1.6017,-0.231,10000,15980,1.598,1.598,7729400,1.597,11605100,1.596,10222400,1.595,8040000,1.594,2636200,1.599,4732100,1.6,11345800,1.601,7313700,1.602,5920300,1.603,1804400,24,100,0,26064.36,26054.5,0.33,0,0.59
sz159920,11:18:45,1764127126377,26013.7,0.9106,5.4824,1.599,1.6017,-0.1686,10000,15990,1.599,1.598,4729400,1.597,11542400,1.596,10285200,1.595,11040000,1.594,2636200,1.599,5912100,1.6,10218400,1.601,7251100,1.602,5920300,1.603,1804400,27,100,0,26064.62,26054.0,-0.25,0,0.59
sz159920,11:18:48,1764127130391,26011.77,0.9106,3.1425,1.598,1.6017,-0.231,5000,7990,1.598,1.598,5424400,1.597,13842400,1.596,10285200,1.595,8040000,1.594,2636200,1.599,5848700,1.6,10218400,1.601,7251100,1.602,5920300,1.603,1804400,32,100,0,26064.0,26051.0,0.47,3,0.59
sz159920,11:19:03,1764127145399,26009.09,0.9106,1.9503,1.598,1.6018,-0.2372,12000,19176,1.598,1.597,13842400,1.596,10222400,1.595,11183000,1.594,2706200,1.593,1467000,1.598,200900,1.599,9175900,1.6,10281000,1.601,6748500,1.602,2850300,43,100,0,26055.52,26045.0,-0.2,0,0.56
sz159920,11:19:06,1764127148408,26007.65,0.9106,1.6884,1.598,1.6018,-0.2372,5500,8786,1.5975,1.597,13839900,1.596,10222400,1.595,11152900,1.594,2706200,1.593,1467000,1.598,152400,1.599,6175900,1.6,10281000,1.601,6748500,1.602,5850300,25,100,0,26060.4,26048.0,0.11,0,0.58
sz159920,11:19:09,1764127151417,26010.46,0.9106,1.2014,1.597,1.6018,-0.2997,1200,1917,1.5975,1.597,13838700,1.596,10222400,1.595,11152900,1.594,2706200,1.593,1467000,1.598,683700,1.599,9175900,1.6,10281000,1.601,6748500,1.602,2850300,31,100,0,26057.7,26045.0,0.67,0,0.57
sz159920,11:19:18,1764127160439,26006.84,0.9106,2.0478,1.598,1.6016,-0.2248,10000,15980,1.598,1.598,100,1.597,13828700,1.596,10222400,1.595,11152900,1.594,2636200,1.599,6185900,1.6,10281000,1.601,6724500,1.602,5920300,1.603,1811300,33,100,0,26058.25,26048.0,-0.8,0,0.57
sz159920,11:19:21,1764127164437,26011.75,0.9106,2.781,1.597,1.6016,-0.2872,5600,8943,1.597,1.597,13823200,1.596,10285200,1.595,11000100,1.594,2706200,1.593,1467000,1.598,62400,1.599,6185900,1.6,10218400,1.601,6877100,1.602,5850300,37,100,0,26060.07,26048.0,0.56,0,0.58
sz159920,11:19:24,1764127166437,26014.05,0.9106,3.297,1.598,1.6016,-0.2248,900,1437,1.5967,1.598,100,1.597,13822400,1.596,10222400,1.595,11152900,1.594,2636200,1.599,5935900,1.6,10281000,1.601,7064500,1.602,5920300,1.603,1811300,67,100,0,26059.76,26051.0,0.25,0,0.57
sz159920,11:19:42,1764127184465,26019.71,0.9106,2.9327,1.598,1.602,-0.2497,18700,29883,1.598,1.598,11512700,1.597,11716300,1.596,9822400,1.595,4140500,1.594,2636200,1.599,2802300,1.6,11542700,1.601,9295100,1.602,6920300,1.603,1811300,96,100,0,26070.54,26058.0,-0.33,0,0.62
sz159920,11:19:48,1764127189478,26021.49,0.9106,1.6148,1.598,1.602,-0.2497,65400,104568,1.5989,1.598,7524600,1.597,11716300,1.596,9816200,1.595,7140500,1.594,2636200,1.599,3601200,1.6,11542700,1.601,9295100,1.602,6920300,1.603,1811300,37,100,0,26066.44,26055.5,0.6,0,0.6
sz159920,11:19:51,1764127193478,26020.44,0.9106,2.0458,1.598,1.602,-0.2497,15800,25248,1.598,1.598,10546400,1.597,11716300,1.596,9816200,1.595,4140500,1.594,2636200,1.599,2741600,1.6,11542700,1.601,9295100,1.602,6920300,1.603,1811300,97,100,0,26066.2,26056.0,0.67,0,0.6
sz159920,11:19:57,1764127199481,26020.52,0.9106,1.7025,1.599,1.6023,-0.206,10300,16470,1.599,1.598,4546300,1.597,11716300,1.596,9816200,1.595,10140500,1.594,2620500,1.599,3591000,1.6,11542700,1.601,9295100,1.602,6944200,1.603,1811300,145,100,0,26064.36,26055.0,-0.75,0,0.59
sz159920,11:20:00,1764127203497,26021.62,0.9106,1.2407,1.599,1.6023,-0.206,5800,9271,1.5984,1.598,7943700,1.597,14253600,1.596,9879000,1.595,4140500,1.594,2620500,1.599,4777900,1.6,10415300,1.601,9232500,1.602,6944200,1.603,1811300,446,100,0,26064.36,26055.0,-0.14,6,0.59
sz159920,11:20:03,1764127205498,26022.66,0.9106,0.337,1.598,1.6023,-0.2684,800,1279,1.5987,1.598,4242900,1.597,11953600,1.596,9879000,1.595,10140500,1.594,2620500,1.599,4587900,1.6,11605300,1.601,9232500,1.602,5944200,1.603,1811300,137,100,0,26068.76,26056.0,0.75,1,0.61
sz159920,11:20:06,1764127208502,26024.05,0.9106,2.1528,1.599,1.6023,-0.206,100,160,1.6,1.598,12102500,1.597,11971200,1.596,9816200,1.595,4140500,1.594,2620500,1.599,2728200,1.6,11542700,1.601,9295100,1.602,6944200,1.603,1811300,147,100,0,26068.5,26057.0,0.67,10,0.61
sz159920,11:20:15,1764127217516,26023.38,0.9106,1.999,1.598,1.6022,-0.2621,5500,8789,1.598,1.598,4144300,1.597,11971200,1.596,9916200,1.595,7156200,1.594,2620500,1.599,3903400,1.6,11542700,1.601,9045100,1.602,6944200,1.603,1811300,180,100,0,26064.0,26051.5,-0.37,3,0.59
sz159920,11:20:18,1764127219597,26022.03,0.9106,1.449,1.598,1.6022,-0.2621,1400,2237,1.5979,1.598,138100,1.597,14208500,1.596,9979000,1.595,10156200,1.594,2620500,1.599,6093700,1.6,10415300,1.601,8982500,1.602,5944200,1.603,1811300,246,100,0,26063.42,26049.0,0.33,2,0.59
sz159920,11:20:24,1764127226517,26013.13,0.9106,2.3665,1.598,1.6022,-0.2621,228100,364504,1.598,1.597,14077100,1.596,9979000,1.595,10246200,1.594,2690500,1.593,1467000,1.598,1922800,1.599,10184700,1.6,10238400,1.601,7736700,1.602,2874200,145,100,0,26054.24,26043.0,-0.71,0,0.55
sz159920,11:20:27,1764127228522,26012.69,0.9106,2.4437,1.598,1.6023,-0.2684,63300,101096,1.5971,1.597,14020100,1.596,9916200,1.595,10309000,1.594,2690500,1.593,1467000,1.598,90100,1.599,9184700,1.6,10301000,1.601,7584100,1.602,2874200,165,100,0,26059.5,26048.0,-0.64,1,0.57
sz159920,11:20:30,1764127231524,26012.66,0.9106,1.6048,1.598,1.6023,-0.2684,131200,209658,1.598,1.597,14020200,1.596,9916200,1.595,10309000,1.594,2690500,1.593,1467000,1.598,126300,1.599,9184700,1.6,10296000,1.601,7703100,1.602,2874200,186,100,0,26059.5,26048.0,-0.64,0,0.57
sz159920,11:20:30,1764127233537,26015.97,0.9106,1.4891,1.598,1.6023,-0.2684,131200,209658,1.598,1.597,14020200,1.596,9916200,1.595,10309000,1.594,2690500,1.593,1467000,1.598,126300,1.599,9184700,1.6,10296000,1.601,7703100,1.602,2874200,121,100,0,26058.97,26046.0,0.67,1,0.57
sz159920,11:20:33,1764127235537,26016.74,0.9106,3.04,1.597,1.6023,-0.3308,32400,51742,1.597,1.597,13983800,1.596,9916200,1.595,10309000,1.594,2690500,1.593,1467000,1.598,126300,1.599,9184700,1.6,10300700,1.601,7703100,1.602,2874200,1165,100,0,26055.16,26044.5,0.0,0,0.56
sz159920,11:20:42,1764127244561,26013.12,0.9106,1.8761,1.597,1.6019,-0.3059,100,160,1.6,1.597,13983700,1.596,9916200,1.595,10309000,1.594,2690500,1.593,1467000,1.598,56500,1.599,9182700,1.6,10236600,1.601,7703100,1.602,2874200,218,100,0,26057.34,26045.0,0.43,1,0.56
sz159920,11:20:57,1764127259642,26009.77,0.9106,1.3874,1.597,1.6019,-0.3059,200,320,1.6,1.597,14034200,1.596,10216200,1.595,10868600,1.594,2616700,1.593,1477300,1.598,2191200,1.599,10177800,1.6,10204400,1.601,7615200,1.602,2874200,169,100,0,26051.48,26040.0,0.33,1,0.54
sz159920,11:21:00,1764127262577,26013.49,0.9106,1.5272,1.597,1.6019,-0.3059,100,159,1.59,1.597,14034100,1.596,10216200,1.595,10868600,1.594,2616700,1.593,1477300,1.598,2242400,1.599,10177800,1.6,10204400,1.601,7615200,1.602,2874200,220,100,0,26055.16,26045.0,0.56,2,0.56
sz159920,11:21:06,1764127267577,26011.38,0.9106,2.192,1.598,1.6019,-0.2435,23500,37553,1.598,1.597,14039100,1.596,10216200,1.595,10868600,1.594,2616700,1.593,1477300,1.598,321900,1.599,6177800,1.6,10245400,1.601,7647300,1.602,5856600,225,100,0,26057.92,26047.5,0.6,4,0.57
sz159920,11:21:09,1764127271653,26009.57,0.9106,2.1549,1.597,1.6019,-0.3059,6000,9582,1.597,1.597,14033100,1.596,10216200,1.595,10868600,1.594,2616700,1.593,1477300,1.598,384300,1.599,9210000,1.6,10245400,1.601,7647300,1.602,2856600,307,100,0,26055.16,26046.0,-0.2,0,0.56
sz159920,11:21:12,1764127273598,26015.49,0.9106,2.8781,1.597,1.6017,-0.2934,100,160,1.6,1.597,14033000,1.596,10216200,1.595,10868600,1.594,2616700,1.593,1477300,1.598,231900,1.599,6210000,1.6,10245400,1.601,7647300,1.602,2856600,267,100,0,26060.68,26051.0,0.5,7,0.58
sz159920,11:21:15,1764127278596,26015.84,0.9106,4.4296,1.598,1.6017,-0.231,100000,159800,1.598,1.597,14033000,1.596,10216200,1.595,10868600,1.594,2616700,1.593,1477300,1.598,443500,1.599,6114100,1.6,10245400,1.601,7747300,1.602,5856600,230,100,0,26064.9,26053.0,0.0,0,0.59
sz159920,11:21:18,1764127280616,26021.04,0.9106,3.4109,1.598,1.6017,-0.231,378500,604818,1.5979,1.598,9662400,1.597,11770700,1.596,10153400,1.595,4868600,1.594,2546700,1.599,4004500,1.6,10182800,1.601,8152200,1.602,6926600,1.603,1815000,250,100,0,26067.87,26054.5,-0.25,0,0.61
sz159920,11:21:21,1764127283640,26019.88,0.9106,3.5578,1.598,1.6017,-0.231,900,1438,1.5978,1.598,9752100,1.597,11770700,1.596,10216200,1.595,4715800,1.594,2546700,1.599,3674100,1.6,11310200,1.601,8214800,1.602,6926600,1.603,1815000,240,100,0,26066.44,26055.0,0.8,0,0.6
sz159920,11:21:33,1764127296637,26020.33,0.9106,1.6466,1.598,1.6022,-0.2621,4000,6392,1.598,1.598,11068100,1.597,11770700,1.596,9936500,1.595,3856200,1.594,2546700,1.599,2814100,1.6,11310200,1.601,8210800,1.602,6926600,1.603,1817400,244,100,0,26069.65,26057.0,-0.33,1,0.61
sz159920,11:21:36,1764127297635,26020.33,0.9106,1.5995,1.598,1.6022,-0.2621,100000,159800,1.598,1.598,11827700,1.597,11770700,1.596,9936500,1.595,3856200,1.594,2546700,1.599,2814100,1.6,11310200,1.601,8210800,1.602,6936600,1.603,1817400,226,100,0,26069.65,26058.0,-0.33,1,0.61
sz159920,11:21:57,1764127319730,26015.89,0.9106,2.3495,1.598,1.6022,-0.2621,600,959,1.5983,1.598,795300,1.597,13544600,1.596,10299300,1.595,9857500,1.594,2546700,1.599,5869800,1.6,10182800,1.601,8148200,1.602,5936600,1.603,1817400,388,100,0,26062.8,26051.0,-0.43,0,0.59
sz159920,11:22:03,1764127324743,26016.8,0.9106,1.472,1.599,1.6023,-0.206,1000,1599,1.599,1.598,325400,1.597,13544600,1.596,10299300,1.595,9857500,1.594,2546700,1.599,8868800,1.6,9982800,1.601,8148200,1.602,2936600,1.603,1817400,114,100,0,26056.08,26046.0,-0.78,0,0.56
sz159920,11:22:06,1764127329675,26019.29,0.9106,1.7792,1.598,1.6023,-0.2684,325400,519989,1.598,1.597,13544600,1.596,10299300,1.595,9947500,1.594,2616700,1.593,1477300,1.598,100,1.599,9318800,1.6,9982800,1.601,7898200,1.602,2866600,346,100,0,26055.9,26043.0,0.69,1,0.56
sz159920,11:22:09,1764127331675,26017.02,0.9106,3.3246,1.598,1.6023,-0.2684,60000,95880,1.598,1.597,13544600,1.596,10605500,1.595,10010300,1.594,2616700,1.593,1477300,1.598,1808400,1.599,10328800,1.6,10045400,1.601,7745600,1.602,2866600,347,100,0,26056.3,26043.0,0.33,1,0.56
sz159920,11:22:12,1764127333695,26013.87,0.9106,2.6216,1.598,1.6023,-0.2684,1000,1598,1.598,1.597,13544600,1.596,10605500,1.595,10010300,1.594,2616700,1.593,1477300,1.598,1807400,1.599,10328800,1.6,10045400,1.601,7745600,1.602,2866600,297,100,0,26055.9,26042.0,0.56,1,0.56
sz159920,11:22:18,1764127340698,26012.16,0.9106,2.0679,1.598,1.6021,-0.2559,5000,7990,1.598,1.597,13544100,1.596,10605500,1.595,10869900,1.594,2616700,1.593,1477300,1.598,1883400,1.599,10500600,1.6,10024400,1.601,7645600,1.602,2866600,180,100,0,26057.19,26043.5,0.33,0,0.56
sz159920,11:22:33,1764127355716,26010.11,0.9106,3.7851,1.598,1.6018,-0.2372,3300,5274,1.5982,1.597,12684500,1.596,10605500,1.595,10869900,1.594,2616700,1.593,1477300,1.598,2204300,1.599,10615000,1.6,10027000,1.601,7645600,1.602,2866600,376,100,0,26055.41,26040.5,-0.5,0,0.56
sz159920,11:22:42,1764127364722,26010.62,0.9106,0.6593,1.597,1.6018,-0.2997,3300,5270,1.597,1.597,13520800,1.596,10605500,1.595,10869900,1.594,2616700,1.593,1477300,1.598,1093000,1.599,10615000,1.6,10027000,1.601,7614100,1.602,2866600,348,100,0,26054.61,26043.0,0.33,0,0.55
sz159920,11:22:51,1764127372736,26012.32,0.9106,1.3798,1.598,1.6017,-0.231,3000,4794,1.598,1.597,13541800,1.596,10605500,1.595,10876200,1.594,2616700,1.593,1477300,1.598,1090000,1.599,9618000,1.6,10027000,1.601,7614100,1.602,2866600,303,100,0,26058.97,26045.5,-0.33,0,0.57
sz159920,11:23:06,1764127388780,26009.19,0.9106,3.9021,1.598,1.6019,-0.2435,7000,11186,1.598,1.597,12707200,1.596,10605500,1.595,10876200,1.594,2616700,1.593,1477300,1.598,2293100,1.599,10611800,1.6,10032000,1.601,7614100,1.602,2867200,325,100,0,26050.5,26037.0,0.4,0,0.54
sz159920,11:23:21,1764127402796,26008.32,0.9106,2.3238,1.597,1.6017,-0.2934,7000,11179,1.597,1.597,11547600,1.596,10605500,1.595,10871000,1.594,2616700,1.593,1477300,1.598,3337400,1.599,10611800,1.6,10032000,1.601,6754500,1.602,2867200,439,100,0,26052.3,26038.0,0.71,0,0.55
sz159920,11:23:21,1764127404785,26012.36,0.9106,2.4449,1.597,1.6017,-0.2934,7000,11179,1.597,1.597,11547600,1.596,10605500,1.595,10871000,1.594,2616700,1.593,1477300,1.598,3337400,1.599,10611800,1.6,10032000,1.601,6754500,1.602,2867200,416,100,0,26051.48,26041.0,-0.14,0,0.54
sz159920,11:23:36,1764127418811,26006.11,0.9106,1.7977,1.597,1.6019,-0.3059,22900,36571,1.597,1.597,12499700,1.596,10757200,1.595,10871000,1.594,2636700,1.593,1477300,1.598,2477800,1.599,10583100,1.6,10052000,1.601,6758500,1.602,2867200,448,100,0,26054.52,26039.0,0.2,0,0.55
sz159920,11:23:39,1764127422820,26005.44,0.9106,2.691,1.598,1.6019,-0.2435,100,160,1.6,1.597,13362300,1.596,10757200,1.595,10871000,1.594,2636700,1.593,1477300,1.598,2477700,1.599,10583100,1.6,10052000,1.601,6758500,1.602,2867200,431,100,0,26055.0,26041.5,-0.33,0,0.56
sz159920,11:23:42,1764127423853,26005.44,0.9106,2.3277,1.597,1.6019,-0.3059,200,319,1.595,1.597,13362100,1.596,10757200,1.595,10871000,1.594,2636700,1.593,1477300,1.598,2477700,1.599,10583100,1.6,10052000,1.601,6758500,1.602,2867200,483,100,0,26055.0,26041.5,-0.33,0,0.56
sz159920,11:23:45,1764127426834,26006.34,0.9106,4.5323,1.598,1.6018,-0.2372,100,160,1.6,1.597,12502500,1.596,10757200,1.595,10871000,1.594,2636700,1.593,1477300,1.598,2477600,1.599,10583100,1.6,10052000,1.601,6758500,1.602,2867200,87,100,0,26051.88,26040.0,-0.11,0,0.54
sz159920,11:23:51,1764127432838,26006.24,0.9106,3.2615,1.597,1.6018,-0.2997,6800,10860,1.5971,1.597,5495700,1.596,10757200,1.595,10433800,1.594,8636700,1.593,1477300,1.598,4337200,1.599,11094000,1.6,10052000,1.601,5258500,1.602,2867200,484,100,0,26049.6,26037.0,-0.56,0,0.53
sz159920,11:23:54,1764127436834,26004.18,0.9106,2.4411,1.597,1.6018,-0.2997,22800,36411,1.597,1.597,8473000,1.596,10757200,1.595,10371000,1.594,2636700,1.593,1934700,1.598,3337100,1.599,11075600,1.6,10052000,1.601,6529200,1.602,2867200,467,100,0,26054.1,26041.0,0.5,1,0.55
sz159920,11:24:00,1764127441851,26009.47,0.9106,2.1199,1.597,1.6014,-0.2748,300,479,1.5967,1.597,13332300,1.596,10757200,1.595,10371000,1.594,2636700,1.593,1977300,1.598,547400,1.599,7043600,1.6,10052000,1.601,6497100,1.602,2867200,1467,100,0,26055.16,26045.0,0.33,0,0.56
sz159920,11:24:03,1764127444847,26010.69,0.9106,5.6429,1.597,1.6014,-0.2748,100,160,1.6,1.597,13346000,1.596,10757200,1.595,10371000,1.594,2636700,1.593,1977300,1.598,547300,1.599,10043600,1.6,10052000,1.601,6497100,1.602,2867200,505,100,0,26057.0,26047.0,0.25,0,0.56
sz159920,11:24:06,1764127449159,26010.11,0.9106,3.3529,1.597,1.6014,-0.2748,31000,49507,1.597,1.597,13315000,1.596,10757200,1.595,10371000,1.594,2636700,1.593,1977300,1.598,547300,1.599,10043600,1.6,10052000,1.601,6497100,1.602,2867200,674,100,0,26059.5,26047.0,0.83,0,0.57
sz159920,11:24:15,1764127456860,26009.2,0.9106,2.1811,1.598,1.6018,-0.2372,100,160,1.6,1.597,13315000,1.596,10762200,1.595,10371000,1.594,2636700,1.593,1977300,1.598,547200,1.599,10043600,1.6,10052000,1.601,6497100,1.602,2867200,492,100,0,26059.5,26048.5,0.12,0,0.57
sz159920,11:24:18,1764127459866,26009.43,0.9106,1.6892,1.597,1.6018,-0.2997,11600,18525,1.597,1.597,13303400,1.596,10762200,1.595,10371000,1.594,2636700,1.593,1977300,1.598,550200,1.599,10043600,1.6,10052000,1.601,6497100,1.602,2867200,509,100,0,26059.5,26047.0,0.71,0,0.57
sz159920,11:24:33,1764127475915,26013.4,0.9106,1.678,1.598,1.6017,-0.231,100,160,1.6,1.597,13303400,1.596,10762200,1.595,10371000,1.594,2636700,1.593,1977300,1.598,559900,1.599,6943600,1.6,10052000,1.601,6597100,1.602,5867200,562,100,0,26063.1,26051.0,0.0,0,0.59
sz159920,11:24:48,1764127490934,26013.52,0.9106,0.5888,1.597,1.6018,-0.2997,200,319,1.595,1.597,13303200,1.596,10762200,1.595,10331700,1.594,2597600,1.593,1977300,1.598,559900,1.599,9943600,1.6,10052000,1.601,6597100,1.602,2867200,546,100,0,26057.34,26046.0,0.11,1,0.56
sz159920,11:24:51,1764127492940,26013.55,0.9106,0.6516,1.598,1.6018,-0.2372,999900,1597840,1.598,1.597,13303200,1.596,10762200,1.595,10331700,1.594,2597600,1.593,1977300,1.598,66400,1.599,9943600,1.6,10052000,1.601,6597100,1.602,2867200,581,100,0,26057.34,26045.0,0.8,0,0.56
sz159920,11:24:57,1764127500060,26014.41,0.9106,1.448,1.597,1.6018,-0.2997,22100,35294,1.597,1.597,13281100,1.596,10762200,1.595,10331700,1.594,2597600,1.593,1977300,1.598,1132400,1.599,9943600,1.6,10052300,1.601,6687100,1.602,2867200,715,100,0,26061.64,26047.0,0.43,0,0.58
sz159920,11:25:15,1764127517030,26014.77,0.9106,3.0613,1.598,1.6018,-0.2372,247000,394706,1.598,1.597,13323100,1.596,10762200,1.595,10331700,1.594,2597600,1.593,1977300,1.598,1571500,1.599,9934700,1.6,10052300,1.601,6687100,1.602,2867200,646,100,0,26062.53,26048.0,-0.43,0,0.58
sz159920,11:25:18,1764127520999,26014.87,0.9106,3.1678,1.598,1.6016,-0.2248,700,1119,1.5986,1.597,13323300,1.596,10762200,1.595,10331700,1.594,2597600,1.593,1977300,1.598,1570900,1.599,10934700,1.6,10052300,1.601,6687100,1.602,2867200,645,100,0,26057.0,26048.0,0.5,2,0.56
sz159920,11:25:21,1764127523000,26015.05,0.9106,4.3063,1.598,1.6016,-0.2248,3300,5273,1.5979,1.597,13323300,1.596,10762200,1.595,10331700,1.594,2597600,1.593,1977300,1.598,1567600,1.599,9934700,1.6,10052300,1.601,6687100,1.602,2866600,645,100,0,26057.0,26048.0,0.5,0,0.56
sz159920,11:25:30,1764127531996,26014.84,0.9106,2.4688,1.597,1.6016,-0.2872,700,1118,1.5971,1.597,13322600,1.596,10762200,1.595,10330700,1.594,2597600,1.593,1977300,1.598,1076500,1.599,6934700,1.6,10116400,1.601,6687100,1.602,5866600,657,100,0,26062.2,26050.0,0.43,1,0.58
sz159920,11:25:33,1764127536001,26015.77,0.9106,2.1172,1.598,1.602,-0.2497,13300,21253,1.598,1.597,14722600,1.596,10762200,1.595,10330700,1.594,2597600,1.593,1977300,1.598,1063200,1.599,6934700,1.6,10116400,1.601,6687100,1.602,5866600,664,100,0,26062.2,26050.0,0.43,0,0.58
sz159920,11:25:36,1764127539009,26015.66,0.9106,2.8587,1.598,1.602,-0.2497,993200,1587134,1.598,1.598,948600,1.597,12881900,1.596,10762200,1.595,10330700,1.594,2527600,1.599,6934700,1.6,10116400,1.601,6687100,1.602,5936600,1.603,1807400,627,100,0,26063.1,26051.0,0.2,1,0.59
sz159920,11:26:03,1764127565098,26013.2,0.9106,1.5729,1.598,1.6019,-0.2435,155200,248010,1.598,1.597,12870800,1.596,10673300,1.595,10267900,1.594,2597600,1.593,1977300,1.598,1918700,1.599,11034700,1.6,10053800,1.601,6649700,1.602,2866600,739,100,0,26052.4,26043.5,0.0,0,0.55
sz159920,11:26:18,1764127580120,26008.69,0.9106,3.0359,1.597,1.6015,-0.281,3300,5270,1.597,1.597,12171100,1.596,10610500,1.595,10330700,1.594,2597600,1.593,1977300,1.598,1958800,1.599,11034700,1.6,10116400,1.601,6497100,1.602,2866600,779,100,0,26055.16,26045.0,0.43,0,0.56
sz159920,11:26:27,1764127589088,26003.56,0.9106,2.6575,1.598,1.6015,-0.2185,54300,86770,1.598,1.597,3175800,1.596,11401200,1.595,11541300,1.594,8597600,1.593,1977300,1.598,5087400,1.599,9907400,1.6,9989700,1.601,5497100,1.602,2866600,720,100,0,26045.04,26034.0,-0.57,0,0.52
sz159920,11:26:33,1764127595090,26003.69,0.9106,1.1203,1.598,1.6015,-0.2185,5000,7990,1.598,1.597,2042700,1.596,11401200,1.595,11841300,1.594,8597600,1.593,1977300,1.598,5083500,1.599,9939400,1.6,9989700,1.601,5497100,1.602,2866600,734,100,0,26045.96,26035.0,-0.25,0,0.52
sz159920,11:26:39,1764127601112,25998.93,0.9106,1.5009,1.597,1.6015,-0.281,200,319,1.595,1.597,1952500,1.596,11401200,1.595,11841300,1.594,8608600,1.593,1977300,1.598,5083500,1.599,9991400,1.6,9989700,1.601,2497100,1.602,2866600,685,100,0,26049.15,26034.5,0.75,0,0.53
sz159920,11:26:42,1764127604111,26001.66,0.9106,1.9983,1.598,1.6015,-0.2185,5200,8307,1.5975,1.597,1398400,1.596,11401200,1.595,11841300,1.594,8608600,1.593,1977300,1.598,8331600,1.599,9991400,1.6,9739700,1.601,2497100,1.602,2866600,771,100,0,26044.6,26033.0,-0.11,0,0.52
sz159920,11:26:45,1764127607114,26001.1,0.9106,2.466,1.597,1.6015,-0.281,500000,798500,1.597,1.597,834800,1.596,11401200,1.595,11841300,1.594,8608600,1.593,1977300,1.598,8331600,1.599,9991400,1.6,9739700,1.601,2497100,1.602,2866600,175,100,0,26048.7,26034.0,0.56,5,0.53
sz159920,11:26:48,1764127610124,26000.44,0.9106,1.8538,1.597,1.601,-0.2498,3300,5270,1.597,1.597,806500,1.596,11401200,1.595,11841300,1.594,8608600,1.593,1977300,1.598,5332000,1.599,9991400,1.6,9739700,1.601,5497100,1.602,2866600,787,100,0,26044.12,26034.0,0.6,0,0.51
sz159920,11:26:54,1764127616128,26001.59,0.9106,4.0132,1.597,1.601,-0.2498,10000,15970,1.597,1.597,796500,1.596,11401200,1.595,11841300,1.594,8608600,1.593,1977300,1.598,8332000,1.599,9991100,1.6,9739400,1.601,2497100,1.602,2866600,515,100,0,26040.44,26029.5,0.0,2,0.5
sz159920,11:27:06,1764127629213,25999.81,0.9106,2.5742,1.597,1.601,-0.2498,1800,2874,1.5967,1.597,724600,1.596,11401200,1.595,11941300,1.594,8608600,1.593,1977300,1.598,8335500,1.599,9998000,1.6,9739400,1.601,2497100,1.602,2866600,552,100,0,26042.28,26031.0,0.0,0,0.51
sz159920,11:27:09,1764127632177,25996.36,0.9106,2.3912,1.597,1.601,-0.2498,6000,9582,1.597,1.597,731600,1.596,11401200,1.595,11941300,1.594,8608600,1.593,1977300,1.598,8335500,1.599,9982000,1.6,9739400,1.601,2497100,1.602,2866600,827,100,0,26044.73,26029.0,-0.11,1,0.52
sz159920,11:27:15,1764127637188,25998.61,0.9106,3.0103,1.598,1.601,-0.1874,3300,5274,1.5982,1.597,1311600,1.596,11401200,1.595,11941300,1.594,8608600,1.593,1977300,1.598,8335700,1.599,9982000,1.6,9739400,1.601,2497100,1.602,2866600,825,100,0,26046.42,26033.5,0.0,0,0.52
sz159920,11:27:21,1764127644193,25999.57,0.9106,2.5502,1.598,1.6009,-0.1811,3300,5273,1.5979,1.597,1311600,1.596,11401200,1.595,11941300,1.594,8608600,1.593,1977300,1.598,5334400,1.599,9912400,1.6,9739400,1.601,5497100,1.602,2866600,330,100,0,26044.12,26033.0,-0.6,1,0.51
sz159920,11:27:27,1764127650185,26001.92,0.9106,2.2062,1.597,1.6009,-0.2436,3300,5270,1.597,1.597,945300,1.596,11401200,1.595,11941300,1.594,8608600,1.593,1977300,1.598,5334400,1.599,9912400,1.6,9739400,1.601,2497100,1.602,2867500,842,100,0,26047.33,26035.0,0.64,0,0.53
sz159920,11:27:30,1764127652283,26001.92,0.9106,1.742,1.597,1.6009,-0.2436,3300,5270,1.597,1.597,1712000,1.596,11401200,1.595,11941300,1.594,8608600,1.593,1977300,1.598,5334400,1.599,9912400,1.6,9740000,1.601,5497100,1.602,2867500,952,100,0,26047.33,26035.0,-0.56,0,0.53
sz159920,11:27:39,1764127661209,26000.41,0.9106,1.5255,1.597,1.601,-0.2498,3300,5271,1.5973,1.597,936700,1.596,11401200,1.595,11941300,1.594,8605600,1.593,1977300,1.598,5296200,1.599,9912400,1.6,9740000,1.601,5497100,1.602,2920600,55,100,0,26048.7,26034.0,0.83,1,0.53
sz159920,11:27:42,1764127664229,25999.96,0.9106,2.1367,1.597,1.601,-0.2498,6600,10540,1.597,1.597,937100,1.596,11401200,1.595,11941300,1.594,8605600,1.593,1977300,1.598,5296200,1.599,9912400,1.6,9740000,1.601,5497100,1.602,2920600,878,100,0,26048.24,26035.0,0.4,0,0.53
sz159920,11:27:45,1764127668227,26000.48,0.9106,1.2075,1.597,1.601,-0.2498,10000,15970,1.597,1.597,927100,1.596,11401200,1.595,11941300,1.594,8605600,1.593,1977300,1.598,5338100,1.599,9912400,1.6,9740000,1.601,5497100,1.602,2920600,552,100,0,26049.15,26036.5,0.33,1,0.53
sz159920,11:27:48,1764127670233,26001.58,0.9106,1.5125,1.598,1.601,-0.1874,3500,5593,1.598,1.597,926900,1.596,11401200,1.595,11941300,1.594,8605600,1.593,1977300,1.598,5348400,1.599,9880300,1.6,9740000,1.601,5497100,1.602,2920600,393,100,0,26049.15,26036.5,0.33,0,0.53
sz159920,11:27:51,1764127672244,25999.85,0.9106,1.2924,1.598,1.601,-0.1874,3300,5273,1.5979,1.597,1820600,1.596,10552700,1.595,11941300,1.594,8605600,1.593,1977300,1.598,4155100,1.599,11070300,1.6,9740000,1.601,5497100,1.602,2920600,209,100,0,26049.15,26036.5,0.33,0,0.53
sz159920,11:28:00,1764127682251,26004.35,0.9106,3.4979,1.597,1.601,-0.2498,48600,77614,1.597,1.597,1193500,1.596,11401200,1.595,11941300,1.594,8605600,1.593,1977300,1.598,8355100,1.599,9887400,1.6,9740000,1.601,2497100,1.602,2920600,924,100,0,26044.6,26032.0,-0.25,1,0.52
sz159920,11:28:03,1764127685249,26003.48,0.9106,4.1094,1.598,1.601,-0.1874,5800,9269,1.5981,1.597,1193500,1.596,11401200,1.595,11941300,1.594,8605600,1.593,1977300,1.598,8349300,1.599,9887400,1.6,9740000,1.601,2498000,1.602,2920600,102,100,0,26047.8,26033.0,-0.75,0,0.53
sz159920,11:28:06,1764127688332,26001.55,0.9106,3.2586,1.597,1.601,-0.2498,3300,5270,1.597,1.597,482600,1.596,11401200,1.595,11941300,1.594,8595600,1.593,1977300,1.598,8349300,1.599,9887400,1.6,9740000,1.601,2498000,1.602,2920600,1008,100,0,26046.9,26033.0,-0.71,0,0.52
sz159920,11:28:09,1764127691934,26002.55,0.9106,3.5169,1.597,1.601,-0.2498,3300,5270,1.597,1.597,980100,1.596,11401200,1.595,11941300,1.594,8595600,1.593,1977300,1.598,5349300,1.599,9887400,1.6,9740000,1.601,5498000,1.602,2920600,1546,100,0,26048.29,26033.0,0.0,0,0.53
sz159920,11:28:15,1764127697273,26004.41,0.9106,3.041,1.597,1.601,-0.2498,27600,44077,1.597,1.597,362500,1.596,11311200,1.595,11851300,1.594,8595600,1.593,1977300,1.598,9259300,1.599,9797400,1.6,9650000,1.601,2498000,1.602,2920600,940,100,0,26045.1,26031.0,-0.33,0,0.52
sz159920,11:28:18,1764127700276,26002.95,0.9106,3.5073,1.597,1.6012,-0.2623,300000,479100,1.597,1.596,10942200,1.595,11854300,1.594,9455200,1.593,2047300,1.592,1211700,1.597,1912700,1.598,9259400,1.599,9155300,1.6,8504200,1.601,2424300,952,100,0,26038.6,26028.0,-0.69,7,0.49
sz159920,11:28:30,1764127713307,26005.66,0.9106,3.744,1.597,1.6012,-0.2623,3300,5270,1.597,1.596,8627200,1.595,11535100,1.594,9622000,1.593,1850400,1.592,1211700,1.597,1909500,1.598,9262000,1.599,9045400,1.6,8456500,1.601,2424300,8,100,0,26045.1,26031.5,0.33,0,0.52
sz159920,11:28:33,1764127716311,26002.85,0.9106,2.2498,1.596,1.6012,-0.3248,3300,5267,1.5961,1.596,10483500,1.595,11535100,1.594,9622000,1.593,1850400,1.592,1211700,1.597,6600,1.598,8192400,1.599,9045400,1.6,8456500,1.601,2424300,826,100,0,26044.12,26033.0,-0.2,0,0.51
sz159920,11:28:42,1764127725307,26002.31,0.9106,3.2747,1.596,1.6009,-0.3061,100,159,1.59,1.596,10798700,1.595,11535100,1.594,9362300,1.593,1850400,1.592,1211700,1.597,76200,1.598,5193400,1.599,9049500,1.6,8456500,1.601,5424300,970,100,0,26051.85,26037.0,-0.5,7,0.54
sz159920,11:28:45,1764127727373,26001.67,0.9106,2.6296,1.597,1.6009,-0.2436,76200,121692,1.597,1.597,619000,1.596,10798700,1.595,11535100,1.594,9362300,1.593,1780400,1.598,5189800,1.599,9047100,1.6,8456500,1.601,5494300,1.602,2920600,1006,100,0,26050.5,26036.0,0.8,0,0.54
sz159920,11:28:54,1764127737326,25998.84,0.9106,1.4691,1.597,1.6011,-0.2561,100,160,1.6,1.597,191800,1.596,10628600,1.595,11363300,1.594,8921500,1.593,1780400,1.598,5189800,1.599,8984500,1.6,8519100,1.601,5494300,1.602,2920600,579,100,0,26045.51,26033.0,0.6,2,0.52
sz159920,11:29:03,1764127745350,26000.16,0.9106,1.8826,1.598,1.6011,-0.1936,100,159,1.59,1.597,191700,1.596,7067000,1.595,8230500,1.594,5811200,1.593,1780400,1.598,5119700,1.599,5851800,1.6,5408500,1.601,2424300,1.602,2920600,20,100,0,26044.6,26032.0,0.33,0,0.52
sz159920,11:29:06,1764127748347,25999.42,0.9106,2.0986,1.597,1.6009,-0.2436,4500,7191,1.598,1.597,191500,1.596,7067000,1.595,8230500,1.594,5811200,1.593,1780400,1.598,5115400,1.599,5851800,1.6,5408500,1.601,2424300,1.602,2920600,756,100,0,26045.04,26034.0,0.0,0,0.52
sz159920,11:29:12,1764127753354,26001.1,0.9106,1.2559,1.598,1.6009,-0.1811,59700,95401,1.598,1.597,145700,1.596,7067000,1.595,8230500,1.594,5811200,1.593,1820800,1.598,5055700,1.599,5851800,1.6,5408500,1.601,2424300,1.602,2920600,34,100,0,26046.51,26031.0,-0.14,1,0.52
